3450 5678
608 330 802 379 amanensi*
826 320 972 379 37-40.

651 484 834 587 Epistola
861 484 921 567 39.

154 641 289 710 (ielasii
314 657 424 724 papae
446 637 733 721 nd·llaj0rieu1n‚
757 635 931 704 Serenum
954 639 993 704 et
1008 638 1208 704 iohannem
1230 639 1424 721 episcopos.

52 801 82 851 p.
100 791 139 837 la.
192 783 327 847 Dionysias
345 781 478 846 quasdem,
498 780 540 845 qui
557 781 680 829 ecclesiae
697 778 836 828 Viboniensi
852 779 1004 831 detrimenta
1020 780 1172 836 intulerant,
1191 794 1268 827 secra
1286 794 1390 827 conruu-

186 868 260 918 uieae
278 881 356 933 nsque
374 865 512 923 arcendos,
536 871 563 914 et
580 864 766 928 presbyterum,
790 863 834 928 qui
855 869 945 912 contra
967 864 1112 927 pontificale
1125 864 1251 925 judicium
1267 865 1325 914 idos
1343 865 1388 913 ad-

472 951 583 1007 miserat,
603 949 635 999 eb
652 949 739 1011 ospicio
756 964 802 999 sao
820 950 961 1012 pellendum
979 950 1102 998 decernit.

306 1082 489 1147 Gelasius
511 1081 719 1164 Majorieo,
744 1080 889 1146 Sereno
912 1083 950 1144 et
971 1080 992 1146 J
1000 1079 1148 1145 ohanni
1172 1081 1387 1165 episeopis,

238 1195 280 1266 1.'
312 1199 372 1276 Qui
401 1202 467 1285 π’)
501 1201 650 1265 humanis
679 1200 805 1284 legibus
833 1200 956 1264 incivili
984 1199 1200 1286 temeritate²)
1230 1200 1361 1264 calcatis
1392 1204 1424 1265 et

152 1305 332 1369 reverentia
354 1303 520 1388 religionis
543 1303 680 1386 abjecta,
705 1303 755 1365 vel
778 1302 995 1367 ecclesiastica
1017 1303 1188 1388 privilegia
1204 1303 1327 1367 calcare
1350 1324 1422 1366 con-

151 1407 289 1471 tendmit
316 1405 366 1469 vel
388 1404 524 1468 ubilibet
553 1405 586 1469 in
609 1426 786 1489 pauperum
808 1405 955 1488 prosilire
977 1404 1196 1490 dispendium,
1231 1426 1291 1468 nee
1314 1403 1421 1487 hujus-

150 1509 236 1574 modi
269 1508 384 1573 saltem
418 1507 603 1571 commoniti
634 1507 835 1591 convictique
864 1507 1041 1591 nequitiam
1074 1508 1179 1591 sopire
1214 1506 1423 1570 consentiunt

149 1614 247 1695 atque
269 1610 360 1675 illata
388 1610 488 1675 saeris
516 1611 611 1674 rebus
628 1610 828 1675 aletrimenta
855 1609 988 1673 sarcire:
1016 1610 1131 1674 merito
1159 1609 1259 1673 divini
1282 1609 1422 1673 nimieris

149 1717 227 1778 smrt
254 1712 502 1798 participatione
529 1712 694 1797 privandi,
729 1715 765 1776 ut
796 1711 892 1795 hujus
921 1711 1127 1796 perceptione
1158 1714 1300 1793 careant,
1338 1710 1421 1794 quod
1446 1736 1472 1763 ·.

149 1814 350 1900 sacrilegis³)
373 1814 501 1879 ausibus
524 1814 663 1879 habuere
686 1814 861 1898 despectui.
1147 1815 1149 1819 ’

233 1916 265 1980 2.
304 1915 540 2002 Quapropter⁴)
569 1917 726 2000 Dionysii,
755 1917 825 2001 qui,
855 1917 938 1980 sicut
967 1907 1092 1980 vestrae
1119 1918 1226 1980 textus
1255 1915 1421 1979 relationis

87 2086 92 2093 ,
148 2017 308 2101 ostendit,
336 2039 403 2082 non
431 2017 534 2081 solum
562 2017 757 2083 Vibonensis
786 2019 939 2083 ecelesiae
965 2019 1041 2101 jura
1063 2018 1210 2101 turbare,
1242 2016 1295 2081 sed
1324 2017 1421 2082 etiam

149 2141 321 2205 repensare
342 2119 427 2203 quod
448 2119 596 2204 nequiter
618 2120 815 2184 admiserant
837 2124 1038 2206 respuerunt,
1063 2142 1171 2184 sacrae
1188 2120 1420 2184 communionis

148 2224 321 2287 arceantur
342 2244 483 2304 accessu,
507 2223 608 2287 donee
630 2243 711 2307 quae
734 2222 846 2287 honori
870 2224 978 2287 divino
1002 2225 1200 2306 competunt,
1225 2223 1353 2286 discant
1368 2222 1420 2286 de-

148 2329 224 2390 vota
250 2327 359 2389 mente
387 2323 520 2389 deferre.
550 2324 686 2390 *Contra
714 2347 792 2409 quos
821 2326 919 2390 etiam
947 2324 1100 2410 quidquid
1128 2323 1265 2408 publicis
1295 2324 1420 2409 legibus

148 2427 202 2512 agi
216 2426 347 2511 poterit,
364 2426 495 2491 minime
510 2427 710 2512 negligatur:
734 2429 771 2490 ut
785 2428 839 2511 qui
855 2431 1024 2511 utrumque
1041 2429 1251 2510 tempserunt,
1276 2426 1420 2512 utrisque

149 2527 293 2611 cohibiti,
316 2530 384 2592 tam
406 2528 469 2593 sibi
491 2551 586 2614 quam
610 2529 723 2593 ceteris
746 2529 924 2613 praebeant
945 2528 1028 2613 quod
1051 2529 1233 2594 necessaria
1248 2529 1419 2613 disciplina

148 2630 252 2715 poscit
274 2630 464 2711 exemplum.

231 2733 262 2797 3.
290 2731 490 2798 Caelestinus
512 2755 586 2797 vero
609 2734 776 2817 presbyter
798 2734 909 2797 fratris
933 2736 965 2797 et
981 2734 1160 2819 coepiscopi
1176 2735 1277 2798 nostri
1295 2734 1417 2816 Sereni,

146 2834 201 2919 qui
224 2836 338 2898 contra
359 2835 545 2919 pontificale
563 2835 720 2918 judicium
743 2839 917 2919 contraque
940 2837 1133 2919 apiostolicae
1157 2835 1240 2899 sedis
1263 2836 1416 2899 mandata

145 2958 375 3022 prorumpere,
404 2938 595 3021 supradictis
624 2938 879 3001 commimionem
902 2961 1027 3002 sacram
1048 2940 1232 3003 nnmstrarc
1255 2959 1417 3020 prraesum-

146 3039 224 3124 psit,
255 3061 352 3124 quum
374 3062 440 3103 non
463 3040 603 3123 potuerit
625 3040 776 3123 ignorare
800 3040 994 3104 sententiam
1017 3042 1136 3125 proprii
1159 3038 1347 3120 sacerdotis,
1378 3039 1418 3102 alo

146 3140 254 3205 officio
277 3141 423 3224 protinus
446 3141 661 3206 ecclesiastico
683 3141 871 3227 pellatur5):
894 3144 931 3205 ut
945 3142 1052 3206 nullus
1070 3142 1234 3205 Ecclesiae
1257 3140 1416 3204 ministro·
1517 3135 1522 3143 ’

148 3264 219 3306 riam
243 3245 356 3305 contra
378 3242 575 3326 pontificalia
599 3242 775 3307 constituta
797 3244 905 3307 venire
929 3243 1113 3308 contendat.

649 3412 830 3514 Epistola
855 3414 916 3497 lo.

266 3584 269 3589 ·
308 3564 413 3631 Beati
438 3565 572 3634 (lelasii
597 3583 707 3649 pallae
730 3566 774 3631 ad
797 3565 996 3633 Johannom
1020 3564 1264 3649 spoletanum.

44 3715 72 3766 p.
85 3705 128 3750 43.
144 3705 261 3755 Olibulee
278 3706 415 3770 rellpiesee
431 3705 542 3768 [eodone
554 3722 654 3756 cumam
666 3712 757 3756 eontra
769 3723 883 3757 sororum
896 3709 1063 3772 demolitiones
1076 3709 1192 3758 [recordere
1205 3709 1242 3757 idi
1254 3707 1415 3758 certarnendut.

299 3837 490 3902 Gelasius
513 3836 690 3901 Johanni
714 3839 941 3923 Spoletano.

232 3957 362 4022 olibula
384 3955 534 4041 religiosa
556 3957 677 4020 femina
706 3957 804 4021 flebili
832 3959 925 4023 nobis
947 3960 1103 4043 petitione
1131 3961 1309 4045 suggessit,
1342 3984 1375 4025 se
1398 3985 1417 4024 a

216 4128 235 4193 ¹)
253 4127 272 4181 Z
291 4126 371 4182 addit
388 4139 414 4181 et
431 4132 530 4187 divinis,
550 4125 624 4194 qoiod
642 4125 744 4180 rectius
763 4127 844 4181 aebeat
862 4146 879 4182 a
896 4129 962 4183 ΤΠ1
974 4132 1009 4182 a?
1037 4129 1078 4183 De
1091 4130 1282 4184 ecelesiasticis
1295 4130 1416 4199 praediis

143 4210 174 4265 in
191 4229 273 4265 suum
287 4211 334 4281 jus
351 4229 407 4267 uon
425 4211 623 4266 transferendis
641 4215 733 4266 exstat
750 4216 929 4283 peracceptum
948 4197 1036 4268 llilari
1054 4232 1145 4284 papae
1165 4222 1237 4285 cp.8
1255 4234 1281 4268 n.
1296 4221 1318 4268 7.

126 4304 137 4321 “
212 4297 297 4365 plia
315 4300 350 4352 θ’.
387 4297 444 4351 Alii
460 4314 526 4351 vero
545 4296 609 4350 libri
628 4302 787 4351 decoratione
805 4305 918 4356 calcetis.

213 4383 234 4449 ³)
252 4381 300 4437 lvo
318 4383 391 4452 part.
404 4382 443 4436 III
461 4399 483 4435 e.
499 4387 548 4437 150
564 4401 655 4435 sacras
672 4389 740 4449 leaeo
757 4387 882 4444 iocinere·
906 4384 954 4438 sed
972 4389 1045 4454 part.
1061 4384 1099 4439 IV
1117 4402 1139 4439 c.
1156 4391 1203 4440 iss
1222 4384 1320 4439 ceteris
1338 4384 1416 4437 libris

144 4465 274 4521 concinit.

213 4553 235 4620 ⁴)
253 4550 332 4617 Quae
349 4553 410 4607 toto
428 4552 481 4607 hoc
499 4569 617 4607 numero
636 4553 820 4620 conducatur,
839 4573 855 4609 a
874 4554 1009 4608 Gratiano
1028 4555 1224 4625 praetermissa
1242 4556 1313 4608 srmt.

214 4640 234 4703 ⁵)
255 4640 291 4691 m
310 4644 460 4706 repelletur.
492 4638 744 4702 Meridiesdtute,
765 4638 1337 4709 obicum11¹2praeferimusconuono.
1368 4638 1414 4708 Sy·

141 4738 266 4791 nonyma
277 4721 342 4776 hinc
354 4721 482 4777 videntur
499 4729 657 4792 paradisicolae
668 4730 811 4786 constitum,
829 4731 976 4793 pontificale
983 4730 1114 4791 judiciem,
1134 4727 1163 4779 et
1177 4730 1303 4779 sententie
1314 4729 1418 4792 proprii

39 4804 42 4809 ’
140 4811 296 4862 sacerdotis.
334 4806 413 4861 Unde
431 4810 461 4862 et
477 4808 652 4878 praedictam
663 4808 828 4864 Vibonensis
847 4809 979 4865 ecelesiae
998 4827 1111 4876 causam
1129 4810 1165 4865 ad
1176 4808 1278 4865 Nolani
1294 4808 1415 4879 episcopi

136 4891 278 4960 judicium
296 4891 420 4948 delatam
438 4893 521 4948 fuisse
539 4893 688 4963 colligitur.
960 4909 961 4912 ’
