3412 5664
209 102 273 172 286
687 120 714 171 s.
731 120 872 171 annisa
894 118 1008 169 eneae

210 285 374 342 scitissimos
395 293 423 341 et
442 292 571 340 strenuus
596 302 627 340 ac
649 284 768 359 prudens
788 275 955 355 eiciensoi·⁴)‚
981 284 1005 339 si
1025 282 1133 357 quoodo
1148 284 1310 341 necessitate
1329 282 1476 359 postulante
1506 320 1523 353 ξ

212 371 408 428 ecclesiasticae
428 369 582 444 ‹iisciplinac
607 371 776 426 severitatem
797 368 962 442 aliquantum
986 368 1075 425 laxare
1095 385 1150 425 non
1169 367 1283 435 dulritat.
1309 386 1344 427 aa
1362 380 1523 441 manue

210 474 275 512 suae
295 457 386 512 statim
407 456 556 530 integritati
576 454 677 510 reddit:
700 455 771 511 nunde
792 457 910 526 sopierts
927 470 942 508 a
957 452 1082 510 Facundo
1097 453 1187 511 diuus
1202 464 1256 511 cst.
1286 452 1384 511 llcruit
1402 457 1523 525 etnam

210 542 349 598 nilicolae
370 541 380 596 i
402 539 436 596 ob
456 540 527 596 edita
543 540 613 596 iiaud
633 539 713 596 ‹iubic
732 539 860 595 atinenses
875 534 1059 613 Pelaginm5),
1082 532 1269 613 autonomi)
1288 547 1318 597 et
1332 538 1523 615 Eutychen]

211 645 291 702 opera
307 628 401 683 eximia
413 630 539 698 plurium
554 628 720 683 destructor
733 627 898 682 haeresium
913 625 1054 680 naminari.
1084 623 1144 681 Pari
1155 623 1219 697 jure
1233 624 1364 701 appellari
1376 628 1523 701 patuit-q

209 722 251 769 set
267 715 454 785 reliquiarum
469 713 651 768 idololatriae
665 714 838 781 destruetor,
861 711 907 782 qui
928 708 1093 785 gentiliciam
1107 706 1295 785 Lupercalium
1310 714 1523 787 superstitio-

209 815 271 853 ncni
286 798 443 853 christianae
458 798 593 853 sanctitati
607 813 622 853 e
637 796 768 853 diametro
780 797 932 870 appositam
944 793 1058 868 ejusque
1069 795 1230 853 defensores
1241 798 1357 871 egregia
1367 806 1466 855 tracta
1482 822 1523 861 ,τ

209 883 297 955 (tract.
317 880 358 954 Vi)
374 883 531 957 sancitaque
546 881 656 938 ‹iccrcto
672 882 805 938 ‹lamnaeit
820 889 848 937 ct
863 879 988 943 abolevit,
1003 880 1078 955 quod
1092 898 1172 937 nemo
1183 879 1359 939 decessorum
1369 900 1523 941 suatu-

211 978 313 1025 tentnee
329 985 410 1023 ansus
434 967 531 1023 luerat.
563 965 689 1023 l'aeundo
709 984 818 1024 rursum
840 974 909 1022 teste
929 968 958 1022 in
980 969 1135 1023 sanctitate
1156 970 1232 1025 citae
1252 974 1341 1042 atque
1359 972 1523 1027 sueni*-

206 1070 263 1127 per
277 1057 442 1110 universum
457 1054 592 1110 rotundum
609 1055 777 1111 celebrioris
788 1052 890 1125 famae
901 1054 994 1127 qlaria
1008 1052 1174 1109 celebratus
1184 1053 1256 1126 suit.
1276 1052 1342 1125 Ejus
1353 1054 1523 1111 anoton

209 1156 338 1195 sauriniani
355 1138 497 1212 Dionysius
519 1138 638 1213 Exiguus
659 1139 786 1213 graphice
807 1139 968 1213 perstringit
989 1139 1015 1193 in
1031 1138 1144 1212 epistola
1165 1138 1351 1195 adtalionem
1369 1138 1523 1215 presb-„fl

209 1234 296 1281 terum
312 1224 344 1280 ab
359 1226 418 1298 ipso
434 1223 538 1279 Gelasio
555 1224 714 1288 nuntiandum,
732 1242 811 1298 qninn
826 1224 909 1297 priori
920 1222 1089 1279 collectionis
1101 1240 1166 1280 snae
1176 1226 1248 1298 parti
1259 1222 1374 1299 praciigi
1384 1224 1496 1281 nolui*
1513 1224 1523 1273 l

209 1310 296 1379 Quum
313 1327 376 1365 vero
392 1327 446 1366 non
462 1308 585 1365 outinilnis
602 1309 683 1381 hujus
699 1308 828 1384 epistolae
844 1309 966 1383 cxciiipia
981 1306 1056 1363 obvia
1072 1308 1181 1372 luerint.
1197 1311 1523 1385 necgrausstuaeffl

209 1413 264 1452 nim
279 1397 366 1470 possit
381 1384 500 1451 necnon
517 1394 590 1450 redde
607 1396 680 1451 utilis
696 1394 799 1451 tantilla
814 1394 881 1450 haec
895 1395 1024 1449 memoria
1044 1402 1072 1450 et
1092 1394 1245 1451 reconditio
1261 1402 1317 1451 mut
1337 1382 1523 1453 renueud'

207 1478 353 1556 pontilicis,
369 1497 426 1537 eam
442 1480 484 1536 iiic
497 1482 631 1555 integram
646 1479 779 1552 subjicere
795 1481 879 1536 visum
892 1488 934 1535 est
945 1481 1180 1554 operaepretium,
1195 1479 1346 1555 tlillgenten
1355 1480 1449 1539 cottae
1458 1486 1507 1533 w

208 1584 269 1623 cuni
285 1565 391 1623 duoinas
406 1564 543 1622 codicibus
547 1567 735 1640 perantiquis,
751 1565 837 1622 altero
854 1563 1031 1621 bibliothecae
1046 1562 1154 1640 Regiae,
1170 1565 1257 1623 altero
1271 1566 1409 1631 Vaticano.
1423 1572 1495 1643 quo

208 1651 293 1708 Lucas
309 1651 466 1708 lloistenius
481 1653 508 1706 in
524 1650 685 1709 collectione
699 1668 747 1707 sua
762 1650 880 1707 itomana
893 1668 956 1725 pag.
974 1650 1035 1707 268
1052 1666 1117 1707 usus
1132 1661 1184 1709 est.

293 1739 413 1795 llornino
429 1739 589 1795 uerierabdi
602 1739 671 1794 milri
683 1738 801 1795 iuliano
813 1736 986 1810 presbytero
1001 1737 1156 1811 Dionysius
1170 1741 1307 1812 exiquus.

293 1824 323 1880 4.
354 1824 524 1881 sanctitatis
539 1830 607 1879 tuae
622 1826 729 1880 sedulis
747 1829 926 1895 promentes
946 1821 1062 1894 officiis,
1088 1825 1191 1896 quidus
1204 1824 1278 1882 nituit
1289 1840 1418 1897 prorsus
1435 1842 1475 1883 ea

209 1928 281 1981 rum,
298 1925 373 1983 quae
388 1911 428 1965 ad
441 1911 668 1966 ecclesiasticam
683 1911 865 1983 disciplinam
876 1912 1031 1980 pertinent,
1048 1911 1148 1966 amittit
1162 1911 1324 1983 inquirere,
1338 1914 1474 1985 praetem

210 2003 302 2052 torum
323 1996 399 2051 sedis
424 1998 602 2068 apostalicae
626 1997 796 2068 praesulum
817 1998 971 2051 constituta
999 2012 1057 2067 qua
1079 1998 1159 2052 aatui
1178 2012 1254 2051 cura
1275 1996 1477 2073 diliqetttiaqut

210 2082 319 2155 cotleqi,
337 2088 364 2136 et
378 2084 406 2137 in
422 2082 572 2154 quemdam
593 2083 725 2156 redipens
746 2083 875 2138 ordinem
890 2082 979 2137 titulis
999 2080 1121 2137 distinxi
1140 2084 1322 2154 compositis:
1343 2086 1388 2141 ita
1406 2084 1478 2141 dun·

210 2173 304 2237 taxat,
322 2173 353 2222 ut
367 2170 542 2241 sinqulorum
555 2170 725 2240 pontificum
740 2173 876 2241 quotquot
896 2186 914 2221 a
935 2181 979 2223 me
996 2174 1160 2239 praccepta
1181 2176 1306 2239 reperta
1327 2176 1414 2239 sunt,
1433 2170 1483 2227 sul

209 2270 268 2309 uua
284 2268 468 2309 nurnerorum
483 2257 560 2309 serie
574 2256 766 2323 terminarem,
784 2269 937 2327 omnesque
952 2253 1048 2308 titulos
1058 2254 1127 2310 duic
1132 2252 1323 2326 praefationi
1335 2256 1484 2313 subnecte·

209 2354 269 2395 rem
290 2354 323 2395 eo
344 2340 433 2409 modo,
461 2357 516 2413 qao
542 2341 647 2396 dudum
667 2341 702 2395 de
726 2355 836 2414 praeca
857 2354 988 2395 sermone
1006 2346 1125 2410 patrum
1146 2338 1338 2412 transferens
1358 2356 1488 2399 canones

209 2426 385 2481 ordinaram.
413 2424 486 2493 Quia
504 2440 570 2481 aera
585 2429 778 2481 sincerissimo
793 2426 905 2497 assecta
928 2424 1019 2480 licum
1034 2426 1158 2498 ditiqitis,
1181 2428 1339 2483 etidcirco
1357 2426 1488 2501 [enudat

209 2513 276 2583 ejus
293 2510 443 2567 laudanda
470 2512 662 2567 sollicitudine
691 2514 842 2567 continetis
874 2502 959 2589 (qais
979 2512 1052 2565 enim
1075 2514 1330 2585 peregrinantium
1358 2518 1490 2571 sertim

209 2596 322 2653 Christo
338 2604 433 2653 aestro
448 2614 504 2653 nort
517 2597 635 2669 sonetur
649 2592 814 2675 despitioJ),
825 2599 940 2669 justam
956 2596 1068 2651 credidi
1082 2598 1161 2653 aotris
1173 2600 1203 2652 in
1218 2598 1279 2654 dac
1291 2600 1489 2673 parteseae·

206 2684 280 2745 teri,
301 2688 444 2756 quatenus
463 2683 632 2739 industriam
650 2690 786 2753 uestram,
809 2700 895 2755 quam
917 2674 1117 2753 coelestiani)
1131 2684 1298 2755 impenditis
1314 2688 1445 2761 requiis.
1464 2694 1491 2743 et

205 2784 350 2841 praesens
370 2772 496 2825 imitetur
516 2776 599 2824 aetus
624 2776 651 2824 et
668 2773 827 2840 posteritas
846 2769 1014 2824 admiretur.
1045 2767 1120 2824 Nam
1146 2783 1223 2840 prae
1242 2772 1366 2827 uirtutis
1392 2786 1492 2829 amare

208 2860 324 2923 cuncto,
337 2860 491 2929 quaesunt
503 2857 583 2910 utilia
596 2846 722 2925 salieti⁸),
734 2856 905 2911 desideratis
915 2868 1083 2927 agnoscere,
1095 2855 1164 2911 licet
1174 2870 1287 2911 omnem
1298 2860 1493 2915 venerandae

207 2942 278 3014 lepis
293 2941 505 2999 observantiam
519 2942 646 2997 maridas
660 2943 811 3012 impleatis.

293 3026 322 3082 5,
361 3028 523 3099 Quarrtiquc
538 3030 574 3082 sit
596 3027 677 3099 apud
689 3026 780 3083 Derim
796 3028 890 3081 meriti
901 3043 982 3097 papa
998 3024 1139 3087 Getasias,
1161 3041 1224 3097 nas,
1245 3028 1303 3099 qui
1316 3042 1387 3085 eum
1400 3044 1489 3103 prae-

209 3114 301 3167 sentia
317 3114 469 3184 corporali
481 3130 538 3169 non
556 3113 682 3182 uictimas,
694 3128 753 3184 per
768 3128 817 3169 vos
832 3114 962 3168 alumnos
974 3112 1041 3183 ejus
1048 3110 1170 3183 facilius
1181 3114 1387 3187 aestimamus,
1404 3118 1493 3189 cujus

209 3199 367 3254 eruditione
383 3197 506 3270 formati
517 3199 640 3271 pradum
652 3200 829 3273 presbyterii
846 3204 951 3254 sancta
973 3200 1192 3253 conuersatione
1211 3198 1384 3257 decoratis:
1411 3208 1444 3259 ut
1462 3204 1491 3257 in

208 3290 368 3340 aestrorum
383 3300 491 3340 morum
504 3289 661 3357 perspicua
675 3300 794 3341 munere
809 3286 877 3357 ejus
891 3284 1013 3357 quodcum
1029 3283 1109 3339 modo
1121 3282 1278 3339 rideantur
1288 3300 1390 3359 opera
1401 3302 1490 3361 prae·

206 3370 315 3437 lucere,
333 3362 419 3442 qai9),
436 3373 511 3426 sicat
533 3377 629 3427 eastra
645 3376 674 3426 et
688 3374 811 3427 aliorum
826 3372 969 3426 relatione
991 3372 1188 3441 comperimus.
1210 3371 1379 3429 intantum
1399 3374 1493 3431 lame

210 3454 362 3510 voluntatis
377 3458 495 3519 exstitit,
512 3462 544 3511 ut
558 3464 704 3513 arotuente
719 3456 838 3513 Domina
850 3458 1049 3528 principatum
1064 3458 1093 3511 in
1109 3454 1245 3512 Ecclesia
1258 3472 1319 3529 pra
1331 3460 1492 3517 medtoru

208 3543 303 3596 salute
317 3544 487 3614 suscipiens,
504 3557 568 3597 cum
583 3543 732 3599 serriendo
744 3545 841 3614 potius
860 3559 946 3615 qaam
961 3542 1133 3597 darniaanaa
1147 3540 1326 3613 sustolleret,
1355 3546 1493 3619 citaeque

209 3630 405 3683 castimoniam
425 3629 577 3684 doctrinae
596 3632 707 3685 meritis
727 3630 890 3701 ampliaret.
920 3626 1051 3700 Denique
1076 3616 1210 3699 anmis¹⁰)
1235 3631 1318 3686 actia
1347 3632 1423 3703 ejus
1441 3636 1493 3689 aut

208 3715 300 3769 aratia
312 3711 408 3784 fuisse
423 3721 601 3771 memoratur
615 3722 667 3771 aut
680 3717 774 3772 lectio.
805 3714 955 3771 Interdum
976 3728 1090 3787 quoque
1108 3712 1257 3769 scribendi
1270 3728 1383 3773 curant
1398 3732 1493 3775 sunte-

208 3798 368 3872 liutprant
383 3816 475 3856 causa
496 3802 539 3856 aet
561 3803 636 3857 ratio
655 3802 840 3873 postulasset.
873 3798 1085 3872 Servorumque
1104 3798 1161 3855 Dei
1177 3800 1309 3857 maxim
1331 3806 1513 3861 cortsortiis¹

274 4028 412 4135 ⁴l,'¹‘⁰ff,l⁸⁸
433 4029 515 4098 hitjns
538 4030 579 4085 rei
600 4034 665 4084 aiunt
686 4048 755 4101 proc
777 4029 839 4086 aliis
861 4030 995 4101 epistolae
1013 4036 1039 4099 6,
1063 4034 1435 4103 14,16,16,1”Ι,60-Ἇ,
1451 4040 1496 4103 28,

207 4106 499 4233 36-iljbclnl'eranlnr
517 4167 576 4235 ejus
595 4168 730 4238 epimolne
748 4175 772 4236 t,
790 4174 814 4235 6,
832 4174 848 4223 6
866 4170 896 4223 et
912 4170 994 4223 tract.
1007 4167 1041 4222 V.

275 4237 296 4305 θ)
313 4236 430 4289 l'raeter
447 4235 503 4289 elio
521 4254 620 4291 canisae
632 4237 822 4307 Eutychiannc
840 4240 870 4292 et
880 4237 1064 4291 Nestorianee
1081 4234 1241 4291 eommunia
1258 4238 1421 4309 spaciatim
1437 4242 1495 4297 tn·

207 4306 297 4359 cintus
309 4304 348 4358 III
366 4303 549 4358 nominandus
567 4306 617 4359 cet.

274 4377 296 4441 ⁷)
315 4393 334 4427 α
351 4379 456 4427 coelesti
471 4380 615 4440 impenditis
631 4395 646 4429 a
666 4381 713 4429 eri.
748 4372 855 4429 Deinde
873 4374 934 4429 loco
952 4380 1093 4429 admiretur
1110 4376 1138 4427 ο*
1148 4374 1188 4427 c¹⁰
1204 4372 1244 4429 ad
1255 4392 1372 4447 marga
1389 4384 1495 4437 eonn'·

206 4452 276 4496 teter
293 4442 337 4496 vel
355 4448 492 4502 condietur,
511 4457 567 4495 non
586 4395 746 4511 dinpficcret
763 4449 913 4498 coimitetur.

275 4516 296 4578 ¹⁵)
314 4514 342 4565 a²
360 4509 449 4564 omiti.
468 4515 553 4566 saluti.
582 4510 660 4563 Idem
677 4528 741 4565 max
758 4518 898 4567 uerterandi
908 4517 990 4578 juris.

223 4652 228 4663 ⁸
274 4582 295 4645 ¹⁹)
314 4580 342 4632 a*
360 4600 439 4649 quem,
457 4584 521 4632 sicat
538 4591 624 4633 uestra
642 4586 765 4635 relatione
782 4587 955 4653 correperimus,
978 4586 1004 4634 in
1027 4590 1122 4634 tantum
1138 4582 1220 4635 danae
1237 4588 1390 4641 voluntatis
1411 4592 1496 4643 eut-

208 4650 605 4785 itate'qrqpplgpltqpquuptpm
