3412 5664
239 505 264 542 a.
274 492 332 542 520.

241 1727 296 1766 acc.

206 1795 231 1833 a.
239 1785 290 1833 520
301 1778 328 1833 d.

212 1853 244 1902 18
256 1847 273 1900 J
275 1847 328 1901 ulii.

233 2901 331 2956 Matth.

246 2975 331 3038 rare.

345 308 407 373 916
785 322 813 372 s.
829 318 1038 370 normanna
1061 318 1176 368 elena

346 499 484 563 superno
505 475 664 560 praesidio
685 475 857 541 statuenda
879 474 1061 539 duxerimus
1088 495 1147 559 pro
1174 474 1457 539 sacratissimarum
1477 478 1566 564 regub-

345 603 416 645 rum
437 579 549 644 itidem
570 577 692 642 ordine.
726 576 885 653 Quoniam
904 576 1015 662 itaque
1036 579 1163 640 vestrae
1183 597 1309 661 quoque
1331 576 1514 645 sanctitudini
1529 582 1566 646 l-

346 681 569 748 liberationem
590 682 734 745 nostram
755 681 941 764 oportuerat
962 677 1134 761 declarari,
1163 680 1200 742 ut
1222 698 1261 742 ex
1283 676 1344 743 bac
1366 679 1455 743 etiam
1472 683 1566 764 patefiet

345 785 552 866 desiderium,
590 782 626 847 in
657 803 720 867 quo
752 803 879 847 omnem
911 802 1042 867 operam
1069 779 1268 845 intendimus
1302 779 1343 845 ad
1370 783 1566 866 compescemus

346 889 440 971 atquc
463 884 689 969 temperandas
712 883 943 949 controversias
966 885 999 947 et
1020 884 1166 967 optatam
1187 881 1275 946 inter
1289 903 1399 947 omnes
1414 884 1566 950 concordiam

344 986 597 1074 prorogandam,
626 987 812 1071 praesentes
834 1006 958 1070 quoque
979 983 1104 1049 litteras
1126 982 1275 1048 duximus
1297 982 1501 1069 dmtinandas,
1521 1009 1566 1051 no

345 1090 493 1176 nentes⁷)
515 1089 696 1173 praecipue,
729 1091 766 1151 ut
786 1109 844 1173 pro
866 1086 1019 1152 incolumi
1041 1088 1128 1151 statu
1150 1085 1346 1170 reipublicae
1366 1107 1474 1152 numen
1490 1109 1566 1172 super·

345 1214 422 1256 num
445 1191 559 1256 vestris
582 1193 729 1255 exoretur
749 1189 907 1274 precibus.
959 1186 1046 1254 Data
1067 1186 1131 1252 VH
1152 1187 1229 1253 Idus
1250 1187 1367 1253 Junias
1388 1186 1566 1256 (1555155155

345 1293 426 1377 poli,
450 1291 615 1357 Vitaliano
637 1294 671 1356 et
691 1289 831 1356 Rustico·
849 1289 1042 1357 consulibua.

840 1494 1023 1598 Epistola
1049 1494 1113 1579 115

955 1647 1004 1686 eeu

642 1740 776 1799 Relatio
796 1741 1007 1799 Possessoris
1029 1739 1181 1810 episcopi
1202 1733 1325 1819 Amt‘).

382 1876 422 1924 De
440 1874 531 1924 Fausti
546 1873 678 1935 Rapiensia
696 1873 772 1923 dictis
789 1874 917 1923 5555511155
934 1873 997 1940 qnid
1011 1872 1178 1937 responderit
1193 1872 1323 1936 reserens,
1347 1873 1407 1939 qrdd
1420 1872 1544 1938 respondes

689 1959 796 2008 51551511
813 1974 829 2007 a
846 1959 908 2008 cede
926 1958 1068 2022 apostolica
1085 1958 1176 2008 doceri
1192 1957 1272 2022 cripit.

498 2091 666 2156 Domino
688 2089 922 2154 beatissimo
952 2092 991 2154 et
1016 2088 1294 2155 ineffabiliter
1315 2089 1480 2155 mirabili
1495 2093 1524 2154 et
1539 2088 1567 2153 iu

590 2192 743 2259 Christi
771 2191 905 2278 gratia
932 2191 1202 2276 praeferendo
1230 2212 1357 2276 papae
1377 2189 1567 2257 Hormisdce

589 2294 801 2360 Possessor
829 2293 1040 2378 episcopus
1068 2294 1109 2358 in
1136 2291 1302 2359 Domino
1330 2296 1507 2359 aeternam
1526 2313 1567 2357 sa·

589 2397 724 2462 lutam.

432 2519 460 2582 1.
495 2515 597 2581 Decet
619 2519 652 2580 et
674 2516 804 2600 expedit
825 2514 866 2579 ad
881 2514 996 2598 capitis
1010 2535 1173 2580 recurrere
1186 2514 1461 2600 medicamentum,
1478 2513 1567 2601 quotie

347 2621 455 2705 agitur
476 2619 515 2682 ‹le
537 2617 677 2682 sanitate
698 2617 921 2682 membrorum.
966 2615 1044 2693 Quis
1066 2616 1152 2681 enim
1172 2617 1328 2701 majorem
1350 2617 1432 2703 circa
1449 2615 1567 2701 subiate

347 2719 594 2786 sollicitudinem
620 2720 720 2805 gerit,
756 2722 812 2783 aut
839 2741 858 2783 a
884 2740 946 2803 quo
974 2719 1078 2804 magis
1106 2722 1155 2783 est
1180 2719 1329 2784 nutantis
1355 2719 1427 2784 fidei
1450 2717 1566 2792 51511115

346 2821 572 2906 expetenda²),
602 2843 698 2906 quam
721 2821 762 2885 ab
784 2821 853 2906 ejus
882 2821 965 2886 sedis
987 2820 1148 2905 praeside,
1178 2821 1270 2906 cujus
1296 2822 1417 2906 primus
1442 2818 1567 2887 adbn'tt

353 2927 458 2989 rector
479 2923 615 2988 audivit:
640 2926 686 2986 Tu
706 2944 738 2987 es
758 2927 881 3001 Petrus,
910 2934 939 2986 et
963 2944 1054 3002 saper
1080 2928 1161 2987 tanc
1176 2934 1302 3003 petram
1323 2925 1480 3000 aedificato
1495 2923 1566 2986 lae

346 3034 423 3091 siam
445 3025 565 3090 meam?
608 3024 758 3089 Arbitror
779 3027 918 3089 vestram
940 3024 1173 3089 beatitudinem
1193 3046 1261 3089 non
1282 3024 1400 3108 latere,
1428 3020 1566 3110 qumtisiu

347 3125 705 3210 Constantinopolitana
726 3126 805 3191 urbe
825 3125 971 3191 Ecclesia
991 3124 1117 3190 laboret
1137 3125 1280 3211 insidiis,
1304 3130 1339 3192 et
1360 3127 1401 3192 ad
1421 3146 1519 3190 morem
1533 3141 1566 3183 re

345 3231 423 3294 teris
450 3227 554 3293 morbi
580 3227 615 3291 in
641 3227 764 3292 saniem
793 3227 909 3293 vulnus
936 3228 1054 3292 iterum
1080 3231 1213 3313 quaerat
1241 3250 1421 3315 erumpere,
1451 3225 1518 3313 quod
1532 3222 1566 3286 ob

347 3330 479 3394 ductum
500 3329 639 3394 creditur
661 3329 818 3395 cicatrice.
863 3327 957 3396 Unde
978 3351 1075 3415 quum
1098 3330 1308 3415 quorumdam
1329 3332 1462 3398 fratrum
1479 3327 1566 3394 nina

347 3600 428 3656 Certe
445 3601 561 3655 verbum
577 3599 653 3655 idem
670 3602 786 3671 usurpat
802 3603 832 3657 et
848 3600 972 3656 Justinus
989 3600 1069 3673 epist.
1090 3607 1151 3669 115,
1176 3601 1255 3673 cujus
1276 3602 1359 3659 initio
1375 3600 1521 3660 normale
1531 3597 1567 3651 b*

346 3684 397 3739 dat
414 3702 528 3755 operam
545 3692 582 3740 ad
598 3691 755 3754 collipendas
772 3692 971 3758 adunandasque
988 3691 1145 3743 venerabitur
1162 3693 1293 3746 ecclesiae.

412 3770 557 3839 ⁷)1taG¹.
592 3769 643 3824 Ed.
662 3782 796 3829 nonanus.
832 3769 966 3826 Similiter
982 3771 1107 3827 Justinue
1130 3771 1212 3843 epist.
1231 3777 1280 3828 116
1298 3772 1471 3844 depreeatur:
1488 3782 1568 3835 intr

343 3860 489 3924 pellendam
505 3865 614 3911 nestram
630 3861 798 3912 reverentiam
815 3861 968 3913 credidimus
986 3878 1059 3928 wara
1076 3862 1289 3920 commonendam,
1313 3860 1381 3926 (non
1396 3854 1570 3917 mad-,t

346 3952 372 3994 nt
389 3944 615 3999 roborationibus
635 3961 685 4010 pro
703 3952 790 3997 nostro
808 3952 896 3997 atam
912 3948 1026 4011 inperio.
1068 3940 1119 3997 Oui
1141 3940 1263 3997 55551511
1278 3941 1435 4014 Euphemia
1449 3941 1518 4014 ῳῆ
1531 3940 1570 3993 1¹²²

346 4030 475 4080 Posuimus
492 4046 524 4079 ac
541 4045 679 4090 monemus,
696 4038 724 4081 ut
740 4031 897 4082 arationibus
914 4034 1007 4084 5551515
1024 4047 1148 4099 mcnqaam
1165 4032 1277 4083 excedat
1295 4048 1385 4084 nonen
1401 4048 1480 4088 m

346 4113 395 4161 115
430 4110 451 4178 ¹)
474 4109 507 4162 In
529 4110 650 4181 caligatis
671 4109 717 4165 hic
738 4110 851 4166 additur
869 4132 921 4182 per
937 4117 1061 4168 destinam
1083 4119 1215 4169 darandus
1235 4117 1307 4181 ejus,
1334 4112 1411 4183 quod
1431 4113 1505 4170 nbat
1520 4105 1575 4169 att

345 4208 378 4246 ac
395 4208 631 4262 supervacaneum
649 4198 692 4251 est
708 4195 755 4251 hic
771 4197 939 4267 praefigere,
957 4214 1042 4268 quum
1058 4197 1205 4253 Possesaor
1220 4197 1296 4254 infra
1311 4198 1341 4252 id
1358 4197 1487 4254 enunb'st
1517 4194 1577 4251 ΙΙΙ

345 4277 388 4330 est
404 4277 475 4334 haec
492 4279 611 4350 epistola
629 4279 880 4352 Constantinopoli,
902 4282 952 4339 ubi
968 4282 1112 4338 Possessor
1129 4282 1192 4352 jam
1209 4282 1246 4338 ab
1266 4281 1354 4339 initiis
1371 4283 1438 4340 anni
1453 4289 1498 4340 sn
1512 4294 1579 4338 m

344 4360 440 4430 batur,
458 4363 507 4418 ubi
525 4366 553 4419 ct
564 4365 728 4421 Hormisdaa
747 4365 895 4437 epistolam
906 4373 937 4423 31
956 4366 1082 4437 ejusdem
1099 4366 1165 4423 anni
1181 4384 1277 4423 mense
1288 4368 1382 4440 Aprili
1391 4369 1429 4426 sd
1438 4386 1468 4427 sa
1477 4368 1582 4440 strip&

344 4446 481 4517 suscipere
503 4449 612 4505 meruit.
654 4448 745 4516 Quum
772 4455 866 4506 autem
886 4451 957 4508 baec
977 4467 1050 4508 anno
1068 4457 1118 4508 520
1139 4451 1206 4507 Julii
1230 4457 1263 4508 18
1285 4453 1332 4510 die
1354 4457 1472 4528 ncepta
1490 4458 1587 4516 M,

344 4533 451 4586 certum
468 4535 523 4600 eat,
542 4551 604 4590 eam
622 4535 800 4603 sequentibus
817 4537 942 4605 ejusdem
960 4537 1061 4592 mensis
1078 4544 1094 4593 9
1112 4536 1156 4592 die
1174 4537 1260 4606 datis,
1278 4538 1348 4595 11551
1363 4538 1406 4595 eis
1422 4539 1453 4597 in
1467 4541 1538 4613 prius
1547 4537 1590 4594 ud

343 4616 417 4683 gatis
433 4620 630 4689 postponatur,
655 4635 712 4674 esse
731 4620 906 4676 anteriorem.
947 4619 1000 4687 Qui
1017 4622 1091 4678 euim
1110 4621 1355 4694 Constantinopoli
1370 4625 1492 4683 Romam
1506 4639 1594 4683 mn

343 4700 519 4759 festinatione
537 4705 752 4772 contenderunt,
773 4705 802 4760 in
819 4707 873 4762 hoc
890 4706 990 4763 itincre
1007 4707 1177 4766 conficiendo
1194 4724 1322 4765 mensam
1340 4714 1375 4767 ut
1390 4710 1534 4767 minimum
1548 4727 1598 4768 ow

342 4787 489 4856 sumpsisse
508 4789 760 4860 deprehenduntur.

410 4875 431 4940 ²)
449 4873 467 4926 b
481 4890 516 4928 cc
533 4882 718 4945 exspectanda.
