3450 5678
328 310 392 376 420
798 326 827 375 s.
843 325 984 376 armen
1005 326 1119 373 raras

221 496 315 545 aneo.
414 480 464 546 12.
494 480 556 546 Sed
571 482 650 562 esto,
675 479 851 545 Calendion
866 501 983 544 nomen
1005 479 1208 564 imperatoris
1223 479 1402 562 abstulerit,
1425 479 1595 546 lohannes

327 583 467 668 principi
498 583 652 647 mentitus
680 582 779 646 fuisse
802 582 958 666 jactetur:
992 604 1073 667 quae
1100 585 1210 647 tamen
1231 604 1328 667 quum
1355 604 1457 647 novae
1486 590 1596 648 essent

328 708 453 769 causae,
487 708 571 750 nova
599 684 708 749 debuit
741 683 958 749 ecclesiastiea
989 685 1157 769 prevenire
1180 684 1343 749 discussio.
1388 688 1442 751 An
1475 687 1530 770 qui
1557 686 1595 750 in

327 788 488 853 hominem
516 789 741 871 imperatorem
762 807 912 869 peccasse
935 786 1133 870 dicebantur,
1163 787 1253 852 nulla
1281 788 1516 853 interveniente
1544 811 1595 872 sy-

327 890 410 954 nodo
433 889 527 974 dejici
550 889 743 971 debuerunt3
767 888 855 952 etin
877 887 991 970 Deum,
1016 889 1070 973 qui
1092 911 1233 953 summus
1257 892 1290 953 et
1309 912 1403 954 verus
1425 894 1474 955 est
1494 892 1595 975 impe-

326 995 472 1078 perator,
506 991 661 1055 Acacium
688 990 926 1075 delinquentem
955 991 1175 1076 sinceramque
1205 993 1460 1058 communionem
1493 993 1595 1057 divini

326 1093 520 1159 sacramenti
542 1093 723 1157 studentem
745 1092 878 1157 miscere
895 1113 967 1157 eum
982 1093 1121 1177 perfidis,
1145 1094 1320 1158 secundum
1341 1094 1508 1178 synodum,
1532 1117 1596 1179 qua

326 1195 406 1261 haec
427 1199 477 1260 est
498 1195 651 1259 damnata
673 1195 817 1279 perfidia,
840 1217 906 1259 non
928 1195 1097 1280 oportebat
1118 1194 1267 1260 excludi?
1302 1195 1384 1271 Quid
1411 1218 1470 1282 per
1490 1199 1595 1261 totum

327 1298 493 1364 Orientem
514 1297 553 1362 de
574 1296 751 1362 innumeris
773 1296 904 1362 urbibus
924 1296 1008 1381 pulsi
1032 1296 1181 1362 catholici
1203 1299 1394 1383 sacerdotes,
1423 1302 1456 1363 et
1484 1300 1595 1363 haere-

325 1401 383 1465 tici
404 1398 593 1484 subrogati?
621 1398 732 1465 Norae
756 1403 841 1464 certe
863 1403 956 1464 erant
979 1421 1104 1482 causae,
1128 1402 1161 1462 et
1182 1400 1233 1463 his
1256 1404 1488 1485 consequenter
1509 1423 1596 1466 nova

325 1503 465 1588 synodus
487 1501 670 1566 debebatur.
715 1500 778 1567 Cur
799 1506 878 1566 tunc
904 1524 970 1565 non
999 1501 1088 1566 venit
1115 1502 1150 1565 in
1180 1505 1331 1586 mentem,
1360 1505 1452 1567 utin
1474 1504 1596 1567 talibus

327 1605 430 1669 causis
453 1607 614 1688 peteretur
636 1627 656 1667 a
677 1604 823 1688 principe
845 1603 960 1667 saltem
977 1603 1208 1689 qualiscunque
1230 1605 1368 1688 synodus
1392 1605 1594 1687 celebranda,

326 1710 362 1771 ut
388 1728 575 1793 quocunqne
601 1705 652 1770 vel
681 1705 821 1770 colorato
845 1705 967 1788 judicio
1000 1706 1183 1771 traditionis
1210 1706 1446 1772 ecclesiasticae
1473 1709 1595 1791 passim

326 1809 493 1892 pontifices
515 1808 699 1872 viderentur
719 1806 849 1889 exclusi,
872 1830 939 1871 non
955 1807 1058 1872 solum
1072 1830 1334 1894 quarumcunque
1349 1809 1474 1873 urbium
1490 1831 1595 1874 sacer-

325 1910 426 1994 dotes,
450 1910 505 1975 sed
527 1909 765 1992 metropolitani
788 1910 1014 1974 incunctanter
1037 1910 1223 1974 antistites?
1251 1909 1312 1974 His
1327 1911 1475 1976 omnibus
1496 1934 1596 1996 quum

325 2035 389 2077 non
413 2013 533 2077 restitit
555 2011 763 2096 suggestione
778 2034 840 2095 qua
855 2012 970 2095 potuit,
996 2014 1158 2077 consensit
1174 2012 1313 2077 Aeacius
1330 2013 1597 2078 communicando

327 2115 462 2197 cunctis,
485 2115 540 2198 qui
562 2114 596 2178 in
619 2112 846 2178 catholicorum
867 2113 972 2178 locum
994 2114 1147 2178 haeretici
1163 2114 1294 2178 fuerant
1308 2116 1483 2200 subrogati.
1509 2115 1597 2199 Apo-

235 2212 313 2266 Rom.
326 2217 426 2281 stolus
456 2220 563 2281 anton
592 2216 684 2298 dicit,
720 2237 780 2280 nore
815 2223 909 2280 solum
932 2224 986 2296 qui
1007 2220 1148 2294 faciunt,
1182 2222 1238 2280 sed
1268 2229 1299 2282 et
1326 2225 1380 2298 qni
1404 2225 1600 2283 consentiant

244 2286 518 2397 ¹²³²'socientioua
543 2340 612 2382 reos
634 2317 856 2382 indubitanter
879 2319 1027 2383 adscribi.
1070 2319 1123 2381 An
1145 2317 1226 2382 haec
1248 2319 1339 2383 licuit
1360 2319 1516 2383 saeculari
1540 2342 1599 2403 po-

326 2421 438 2485 testati
460 2424 492 2483 et
508 2421 587 2484 actis
602 2419 721 2484 talibus
737 2421 857 2484 Acacio
873 2420 1087 2485 consentienti
1110 2420 1229 2504 absque
1251 2421 1317 2484 ulla
1338 2421 1469 2505 syno'do,
1493 2443 1594 2505 quarn

327 2524 398 2608 ipsa
420 2544 525 2586 rerum
547 2523 673 2586 novitas
696 2522 857 2607 exigebat,
888 2524 1006 2608 absque
1035 2523 1118 2587 sedis
1141 2522 1334 2605 apostolicae
1357 2523 1599 2589 consultatione

327 2625 494 2710 perficere,
523 2629 555 2688 et
583 2625 649 2689 sedi
678 2624 871 2708 apostolicae
899 2647 965 2689 non
992 2624 1083 2689 licuit
1108 2623 1281 2689 secundum
1307 2628 1453 2689 tenorem
1478 2629 1598 2710 synodi

328 2726 596 2793 calchedonensis
625 2727 660 2791 in
682 2727 782 2791 veteri
804 2727 913 2812 utique
943 2749 1038 2791 causa
1060 2730 1093 2790 et
1115 2727 1216 2790 veteri
1239 2726 1413 2791 constituto
1431 2728 1520 2812 justa
1542 2729 1598 2792 de-

326 2830 472 2895 finitione
495 2829 656 2894 damnatis
683 2828 823 2893 inimicis
851 2829 965 2913 synodi
987 2827 1257 2894 Calchedonemis
1279 2829 1435 2893 Acacium
1458 2851 1597 2894 commu-

327 2931 491 2996 nicantem
513 2954 532 2996 a
554 2954 612 2996 sua
635 2932 857 2996 communione
879 2931 1063 3015 depellere?

414 3034 462 3099 13.
492 3032 553 3099 Sed
576 3034 724 3117 Acacius,
748 3034 908 3117 inquiunt,
932 3034 1130 3118 principibus
1153 3034 1282 3098 obviare
1305 3056 1370 3099 non
1391 3033 1502 3118 potuit.
1526 3032 1594 3098 Cur

328 3135 493 3221 Basilisco,
518 3136 592 3221 quia
613 3136 724 3219 voluit,
747 3135 912 3200 obviarit?
955 3135 1019 3201 (tur
1049 3136 1110 3218 ipsi
1133 3134 1265 3219 Zenoni,
1294 3158 1336 3199 ne
1363 3134 1469 3222 palum
1495 3133 1595 3200 Petro

328 3239 542 3321 Antiocheno,
567 3238 711 3323 quamvis
733 3238 873 3302 latenter
888 3236 948 3300 hoc
963 3237 1051 3320 fecit,
1077 3238 1311 3302 communicare
1332 3237 1503 3322 rideretur,
1527 3259 1596 3304 non

329 3340 540 3406 commodavit
562 3339 749 3406 assensum?
774 3340 858 3404 Ecce
880 3339 1049 3404 resultanti
1071 3362 1135 3403 non
1159 3340 1279 3404 restitit
1301 3341 1490 3425 imperator,
1520 3361 1597 3407 ecce

327 3444 393 3507 rim
415 3443 538 3507 nolenti
561 3465 626 3507 non
648 3442 776 3526 intulit,
801 3464 874 3506 ecce
897 3441 1069 3527 refugienti
1094 3441 1246 3527 contagia
1268 3442 1444 3506 manifesta
1466 3463 1594 3509 conces-

328 3545 385 3627 sit,
415 3547 575 3628 postremo
592 3567 647 3609 eur
661 3548 754 3609 tanto
768 3547 911 3628 tempore
926 3566 1023 3628 quum
1039 3546 1100 3607 ista
1115 3548 1303 3628 gererentur
1317 3544 1369 3608 vel
1383 3544 1525 3630 gerenda
1539 3564 1589 3608 co

328 3650 507 3731 gnosceret,
541 3669 606 3711 non
637 3646 675 3710 ad
704 3647 811 3711 sedern
833 3645 1057 3730 apostolicam,
1092 3668 1111 3709 a
1140 3668 1202 3730 qua
1229 3646 1288 3711 sibi
1324 3667 1434 3711 curam
1465 3644 1588 3711 illarum

328 3747 496 3833 regionum
523 3752 656 3814 noverat
677 3749 868 3834 delegatam,
902 3748 1025 3812 deferre
1054 3748 1202 3813 curavit?
1245 3747 1307 3812 Sed
1334 3750 1424 3833 prius
1447 3746 1589 3815 laudator

328 3849 433 3915 factis
456 3855 505 3915 est
526 3852 594 3935 ipse
616 3856 789 3938 gestorum,
812 3873 907 3935 quam
928 3851 980 3915 vel
994 3855 1215 3935 praemoneret
1236 3851 1316 3914 talia
1337 3872 1407 3915 esse
1422 3848 1591 3935 tentanda,

329 3952 379 4016 rel
402 3975 442 4018 ne
463 3957 666 4018 tentarentur
687 3954 867 4036 obsisteret,
903 3953 986 4017 sicut
1008 3954 1066 4017 sub
1088 3952 1244 4017 Basilisco
1262 3954 1332 4037 jam
1353 3953 1486 4018 fecerat.
1531 3950 1595 4019 cnr

328 4054 393 4119 illis
423 4057 536 4120 ceteris
565 4059 798 4122 communicare
821 4055 996 4138 consensit,
1020 4056 1073 4140 qui
1096 4056 1235 4140 depulsis
1258 4055 1424 4120 catholicis
1447 4054 1595 4120 mcerdo

327 4157 414 4221 tibus
451 4158 672 4223 indubitanter
712 4158 863 4224 haeretici
907 4158 1043 4244 singulis
1077 4158 1207 4222 urbibus
1240 4158 1371 4222 fuerant
1405 4156 1598 4223 substituti?

328 4257 494 4324 Postremo
526 4261 552 4324 si
586 4262 640 4326 ille
673 4262 776 4326 defuit
802 4261 867 4325 suis
895 4261 1055 4346 partibus,
1086 4265 1119 4325 et
1146 4281 1227 4345 quae
1255 4260 1411 4324 sacerdoti
1434 4258 1598 4325 catholico

329 4365 546 4446 competerent
568 4384 664 4448 agere
686 4385 751 4427 non
775 4363 912 4446 curavit,
933 4362 1004 4427 idco
1027 4363 1116 4426 sedes
1138 4363 1324 4447 apostolica,
1353 4361 1436 4447 quod
1458 4361 1499 4426 sd
1522 4383 1598 4428 cam

328 4464 521 4549 pertinebat,
545 4465 595 4528 vel
618 4466 722 4548 potuit
745 4466 794 4529 vel
815 4465 925 4529 debuit
947 4464 1146 4550 praeterire?

415 4568 463 4630 14.
509 4566 658 4642 Quolibet
684 4565 777 4630 modo
810 4566 1043 4632 haereticorum
1071 4568 1257 4651 complicem
1285 4566 1438 4631 refutavit
1463 4570 1496 4631 et
1518 4589 1597 4633 cern-

328 4671 446 4733 scrtem
470 4668 700 4734 communionis
723 4673 873 4733 externae
896 4692 915 4733 a
937 4693 994 4734 sua
1017 4670 1237 4736 communione
1259 4669 1402 4753 dimovit,
1430 4690 1491 4735 nec
1513 4691 1598 4755 opus

328 4769 391 4834 fuit
412 4793 495 4836 nova
511 4771 642 4856 synode,
667 4794 764 4856 quum
778 4771 895 4834 veteris
911 4773 1076 4837 constituti
1092 4773 1290 4838 sufficienter
1307 4771 1366 4836 hoc
1381 4772 1485 4836 forma
1499 4794 1597 4857 prae-

328 4871 497 4956 scriberet,
520 4895 579 4937 nee
602 4897 682 4958 opus
704 4873 777 4956 fuit,
801 4878 837 4938 ut
858 4874 937 4939 haec
961 4875 1109 4941 facienda
1124 4875 1266 4942 Orientis
1281 4875 1438 4961 episcopis
1460 4874 1598 4941 intima·
