3412 5664
754 323 925 372 emesena
948 313 979 371 4.
1444 313 1504 378 185

245 464 339 543 “terea
359 478 480 564 pariter
502 481 535 543 et
549 499 710 563 sequaces.
747 478 949 563 Quapropter
964 479 1048 542 inter
1063 481 1112 543 tot
1126 480 1256 562 formas,
1280 502 1362 565 6666
1379 486 1504 547 erectae
1517 511 1541 547 a.
1553 501 1610 549 ete.

252 578 342 748 111663
349 580 555 667 praedicandi
577 604 643 646 non
665 581 841 645 assertione
864 604 947 645 nova
969 581 1024 645 sed
1048 570 1209 646 constant'
1184 587 1231 648 tra
1252 583 1420 649 nitendum
1442 589 1501 650 est.

326 682 459 749 etam
481 684 652 769 probatum
674 687 732 761 est,
755 683 831 768 quid
854 683 992 748 Domino
1016 707 1070 748 vos
1089 685 1225 768 justane
1248 686 1443 770 profecerint
1457 688 1502 751 16-

161 798 166 967 J
259 733 351 850 mres·
350 786 458 869 vestri;
486 785 556 851 Deo
578 786 716 871 placitus
738 786 825 851 fruct
811 789 863 850 ius
885 787 1035 869 ostendit,
1012 788 1238 872 tquandoj
1209 811 1226 852 e
1242 811 1278 852 us
1300 788 1428 853 demum
1450 812 1502 854 vo-

261 836 567 976 1116616166666111668)
590 888 871 955 latreni'tmtroire
897 911 963 953 non
985 890 1085 974 licuit,
1115 891 1179 975 qui,
1208 891 1372 955 nonnullis
1395 915 1502 956 occur-

259 991 377 1056 restibus
397 991 470 1074 sibi,
501 993 640 1056 latentes
663 991 767 1056 adhuc
788 992 925 1056 forsitan
948 994 996 1056 sui
1019 993 1138 1056 similes
1161 993 1501 1079 publicantium

255 1089 326 1158 tssim
343 1095 521 1181 junguntur
542 1095 628 1159 bona
648 1095 806 1179 pessimis,
829 1098 917 1159 reeta
933 1096 1100 1180 perversis
1124 1117 1185 1159 nee
1199 1098 1334 1178 possamt
1349 1097 1503 1161 solidaria

252 1191 417 1262 ererum
445 1198 566 1281 noxiis3
594 1196 669 1282 quia
697 1196 760 1260 luci
789 1197 1342 1270 666166661666116,666666661616
1372 1221 1432 1263 nec
1455 1200 1502 1264 in·

248 1289 323 1361 161611
346 1299 445 1384 portio
467 1322 541 1364 cum
562 1299 659 1364 fideli.
701 1299 795 1363 Unde
816 1301 997 1364 necessario
1019 1300 1242 1365 damnatorum
1265 1301 1503 1366 comitalnmtur

244 1395 371 1484 exitum,
405 1401 458 1486 qui
487 1401 602 1467 talium
630 1401 776 1486 delegere
801 1403 1004 1486 consortium,
1039 1403 1101 1467 nisi
1130 1404 1212 1468 forte
1241 1403 1502 1488 resipiscentibus

238 1497 361 1585 mma,
383 1508 415 1569 et
430 1505 568 1569 maxime
590 1506 645 1590 qui
666 1526 769 1590 nuper
791 1504 917 1589 decepti
931 1509 1017 1588 sunt,
1041 1505 1196 1588 videntes,
1220 1506 1254 1569 in
1269 1528 1350 1590 quae
1366 1506 1502 1591 abnepta

231 1606 307 1666 sune
340 1607 440 1691 ducti,
475 1607 515 1672 ad
544 1607 746 1693 splendorem
768 1629 862 1672 verae
884 1607 958 1672 fidei
987 1607 1129 1673 discussa
1158 1609 1326 1673 conferant
1354 1630 1388 1673 se
1417 1609 1502 1673 nube

225 1708 410 1775 mendacii:
432 1709 516 1795 quod
533 1710 727 1795 apostolicae
750 1710 833 1775 sedis
855 1710 976 1795 pietate
991 1715 1029 1775 ut
1043 1711 1210 1796 provenire
1225 1713 1327 1796 pessit
1341 1714 1499 1797 optamus,

221 1803 309 1884 quia
335 1820 423 1878 eitum
445 1819 476 1878 ia
500 1819 620 1878 Domita
641 1820 793 1879 uoluntate
815 1814 1047 1898 cognoscimus.
1513 1799 1614 1922 Ρὲζὴὲ·

321 1915 351 1980 4.
394 1916 446 1981 Ad
474 1915 778 1981 christianissimum
805 1938 928 2001 quoque
956 1917 1134 2002 principem
1162 1916 1212 1981 vel
1241 1916 1281 1981 ad
1309 1917 1442 1981 fratrem
1470 1921 1503 1982 et
1573 1909 1608 1933 '⁸

211 2016 457 2103 coepiscopum
478 2041 585 2083 meum
595 2019 633 2106 ¹⁰)
656 2019 812 2085 Acacium
835 2020 1051 2104 competentia
1072 2019 1166 2084 simul
1182 2020 1302 2135 scripta
1316 2018 1500 2102 direximus

210 2111 328 2195 enjus
347 2120 562 2186 accusandum
584 2121 691 2186 silent
666 2124 748 2186 trum
770 2145 836 2187 non
858 2125 1018 2206 putamus,
1047 2123 1121 2207 qnia
1149 2123 1252 2187 scient
1254 2144 1287 2186 es
1238 2122 1410 2187 tfidem
1431 2145 1502 2236 pro·

208 2206 391 2288 bntissimi
418 2224 604 2307 sacerdotis,
633 2228 756 2289 certum
783 2228 939 2307 tenemus,
968 2248 1060 2289 suum
1087 2246 1152 2288 non
1181 2246 1248 2289 esse
1275 2224 1402 2309 quodi
1404 2225 1500 2289 acuit.

208 2308 270 2381 Ut
299 2330 407 2391 aetem
429 2327 555 2442 plenius
578 2327 707 2392 dileetio
730 2331 799 2391 vest
800 2349 835 2390 ra
858 2349 1017 2412 eognosea
1018 2331 1238 2410 tnestrarum,
1263 2349 1341 2411 quas
1357 2327 1397 2391 ad
1413 2327 1502 2393 Chri-

207 2419 463 2494 stianissimam
477 2429 657 2515 principem
673 2430 826 2513 misimus,
850 2429 964 2495 seriem
980 2430 1170 2513 litterarum,
1195 2430 1389 2514 exemplaria
1404 2430 1502 2495 inter-

303 2684 372 2751 ι)161
388 2685 465 2740 haud
482 2685 567 2741 dubie
586 2686 711 2756 contigit,
729 2703 815 2754 quum
827 2687 921 2740 vect-ns
935 2687 1011 2741 asino
1023 2687 1142 2742 Aelums
1161 2685 1314 2741 eBasilisci
1332 2686 1448 2741 aedibus
1466 2687 1502 2741 ad

210 2766 378 2825 ‘eolesam
399 2788 462 2826 eum
483 2770 615 2826 seditiosa
636 2772 720 2826 turba
742 2771 889 2841 precessit;
912 2774 945 2826 cl.
965 2771 1074 2843 epicis
1096 2773 1154 2825 not.
1168 2777 1191 2825 4.
1234 2771 1283 2824 His
1301 2771 1387 2836 addo,
1410 2771 1502 2839 hujus·

212 2850 317 2906 modi
331 2855 538 2925 processionem,
556 2856 663 2925 etjam
680 2858 746 2911 6666
764 2857 910 2923 vocabant,
929 2859 989 2910 tum
1002 2857 1136 2911 celebrari
1154 2855 1334 2923 consuevisse,
1352 2873 1437 2924 quum
1456 2875 1502 2910 an-

213 2930 322 2992 tiaras
340 2940 373 2995 sd
395 2941 560 3010 6666116166
581 2941 714 2996 sollemne
736 2942 908 3012 procederet.
946 2941 1043 3008 Neque
1068 2941 1123 2995 alio
1145 2940 1257 2995 consilio
1277 2941 1440 2994 Timotheus
1463 2939 1503 2994 ita

216 3021 381 3079 comitatu
397 3024 554 3092 incedebat,
573 3025 697 3095 quitum
715 3044 733 3081 a
750 3026 833 3081 dome
851 3026 962 3081 Domini
989 3026 1113 3096 repulsus
1134 3045 1185 3095 per
1207 3033 1369 3095 quorumdum
1386 3031 1502 3092 priuatas

219 3106 328 3162 denos
347 3132 391 3165 aaa
413 3117 499 3166 diuina
521 3116 650 3178 sacrificia
671 3118 719 3167 sed
735 3119 871 3181 semitepta
889 3115 1032 3166 celebrasse
1050 3121 1214 3171 mercaretur,
1237 3109 1328 3177 inquii
1346 3108 1502 3179 Simplicius

223 3188 347 3257 epistt
361 3213 386 3249 n.
400 3203 424 3261 3,
441 3198 474 3250 61
491 3194 622 3251 videlicet
638 3196 666 3251 id
684 3197 783 3252 saltem
801 3197 830 3250 in
848 3195 964 3251 aedibus
981 3195 1097 3265 privatis
1118 3196 1272 3265 perficeret,
1295 3195 1410 3264 propter
1428 3195 1503 3262 quod

227 3274 267 3327 td
304 3276 408 3335 demum
431 3280 543 3335 Domini
564 3288 734 3351 perrexerat.
780 3281 832 3346 Qui
855 3286 948 3336 autem
971 3281 1129 3349 hujusmodi
1151 3279 1319 3351 processioni
1341 3279 1503 3346 intererant,

229 3354 290 3413 hoc
317 3361 366 3432 ipso
382 3365 551 3433 inaliesbsnt,
575 3385 604 3422 se
621 3385 684 3423 cum
701 3366 870 3438 procedente
888 3366 1017 3436 pontifice
1037 3366 1247 3431 communicare,
1271 3352 1310 3418 riti
1329 3363 1401 3418 infra
1419 3364 1502 3419 visuri

232 3450 374 3504 6111111116
391 3450 490 3507 Felicis
509 3452 535 3505 ll
553 3451 632 3522 epist.
647 3458 662 3505 6
680 3459 734 3506 n.l
755 3452 829 3506 etin
847 3452 943 3522 Vigilii
961 3452 1040 3522 epist.
1057 3459 1096 3505 14.

314 3533 333 3597 ⁹)
345 3533 369 3591 ln
379 3554 402 3591 e.
414 3544 457 3591 eui
467 3543 525 3592 durs
542 3544 654 3601 marulli
670 3542 766 3593 obuiam
778 3548 845 3599 enat,
864 3542 920 3591 huie
937 3544 1020 3607 palaea
1038 3540 1185 3607 publiceque
1203 3540 1357 3606 deprehensi
1371 3548 1430 3590 suat
1445 3556 1501 3590 esse

237 3616 342 3674 tiae‘les

316 3700 425 3769 ''lllditi
443 3720 562 3762 nostrum
583 3738 615 3746 -
631 3707 701 3762 Sunt
718 3707 853 3778 epistolae
871 3710 934 3764 266
936 3708 1189 3771 3anteeedentes.
1222 3707 1350 3761 Ceterum
1367 3707 1421 3762 hoe
1434 3707 1502 3762 Sim-

238 3776 346 3844 theu·
332 3790 417 3861 elegio
439 3810 499 3848 sese
522 3810 620 3848 revera
642 3794 758 3863 dignum
779 3794 855 3848 haurd
873 3794 913 3848 ita
930 3795 1018 3848 multe
1041 3798 1105 3865 post
1127 3794 1248 3849 ostendit
1265 3792 1389 3846 nemesius
1427 3796 1502 3847 Bast-

237 3866 317 3920 ΗΝ
330 3867 666 3945 animatricem
681 3878 813 3934 lectorh.
832 3898 855 3935 e
874 3880 886 3933 Ι
905 3879 957 3947 (661
977 3879 1038 3934 Vel.
1056 3897 1122 3949 pag.
1140 3883 1213 3947 6561,
1235 3885 1351 3948 perarata·
1371 3886 1501 3934 sanctione

237 3946 460 4019 ‘detectorem
470 3970 592 4034 synodum
605 3971 683 4033 rejici
694 3971 785 4033 jussit,
804 3985 957 4035 operamque
970 3969 1059 4026 dabat,
1079 3977 1105 4019 ut
1123 3971 1187 4020 idem
1205 3985 1303 4036 quoque
1319 3970 1420 4031 [asera
1434 3972 1498 4018 Aea

238 4044 298 4084 “⁸⁸
336 4052 425 4103 Verum
443 4055 473 4104 id
487 4056 614 4118 perficere
632 4056 698 4104 nulle
716 4056 789 4105 666616
805 4057 901 4118 potuit.
921 4072 991 4121 quma
1011 4057 1128 4105 rtniuersa
1145 4057 1234 4105 ciuitas
1253 4072 1303 4105 rena
1321 4071 1374 4104 carra
1391 4057 1499 4104 mutieri-

239 4116 284 4165 3'*
298 4136 325 4177 ‘8
348 4141 491 4203 meras
482 4156 507 4189 ur
531 4141 662 4191 ecetesiam
685 4141 835 4190 coareaicas
857 4139 986 4192 Basilisco
1009 4141 1156 4191 obstitisset.
1204 4140 1268 4202 Quin
1297 4142 1371 4189 etiam
1394 4142 1473 4190 Aeae'
1449 4157 1501 4188 6666

242 4213 389 4280 ‘mimus
412 4233 439 4276 et
455 4226 603 4275 cathedram
621 4233 697 4293 atpue
719 4229 803 4276 attare
822 4228 901 4289 stipsis
918 4227 1027 4276 uestitus
1045 4225 1153 4276 otteaeit.
1188 4220 1335 4274 Netrnrdus
1354 4221 1433 4286 61666,
1458 4221 1500 4273 eui

198 4293 213 4305 ”
243 4291 360 4358 ⁰⁰³³le
375 4306 462 4362 senile
480 4305 640 4361 etiamnunc
658 4306 787 4363 observat
806 4307 940 4374 Ecclesia,
959 4325 1043 4375 quarm
1061 4324 1157 4361 sacrae
1175 4306 1259 4361 aedas
1276 4306 1396 4359 violatae
1415 4305 1501 4373 pollu

244 4372 340 4440 ¹⁸⁰er
360 4393 428 4446 sunt.
470 4391 577 4446 Narrat
598 4391 699 4447 deinde
717 4393 893 4459 Theodorus,
916 4394 945 4446 66
968 4411 1086 4461 magnus
1109 4391 1206 4448 Daniel
1230 4392 1365 4445 Simeonis
1384 4389 1500 4458 StJlitae

245 4466 637 4532 ειρῐιι1116166666166666666
655 4478 823 4532 descendens
843 4497 972 4533 unacum
991 4479 1036 4548 pla
1029 4478 1233 4533 1666666616
1247 4478 1432 4530 curarentur
1417 4474 1500 4528 66616-

246 4542 566 4642 moderamentum.
604 4563 656 4618 llic
678 4565 826 4633 praeterea
844 4564 992 4618 observare
1006 4565 1124 4633 J'uverit,
1148 4581 1204 4633 qua
1226 4561 1375 4633 prmlentia
1393 4559 1500 4630 Simpli-

249 4630 297 4690 eiu
319 4644 375 4711 pies
395 4647 546 4703 monachos
568 4647 627 4703 zelo
650 4649 810 4704 ferventiori
834 4652 992 4705 aestuantes
1016 4652 1044 4703 et
1067 4651 1137 4704 sorte
1161 4649 1195 4703 de
1218 4650 1264 4702 det
1266 4646 1318 4701 reio
1346 4651 1500 4715 querentes,

251 4720 320 4799 quod
334 4748 405 4787 sumn
422 4733 450 4787 in
469 4733 576 4788 terenda
592 4733 646 4787 fide
664 4734 785 4788 strrdium
797 4734 930 4789 tardins¹
916 4735 1069 4789 exercuisse
1063 4734 1144 4788 ¹uida
1147 4737 1235 4799 66666,
1253 4732 1363 4799 6611666
1377 4733 1404 4785 66
1418 4732 1500 4785 ernol-

253 4812 306 4875 liet-
336 4817 381 4881 tlui
396 4836 463 4875 sero
481 4836 552 4889 erga
569 4818 757 4874 6666166116
775 4821 890 4874 affectus
908 4820 973 4888 terit,
996 4822 1019 4874 is
1037 4821 1150 4875 minime
1169 4820 1311 4888 srrspeetns
1330 4834 1388 4872 esse
1407 4817 1499 4883 debet,

253 4909 329 4980 quum
342 4903 373 4957 sd
390 4905 520 4961 eumdem
537 4904 737 4976 increpandum
754 4922 783 4960 se
802 4905 945 4962 convertit.
