3412 5664
428 351 617 400 1111111111.
657 351 852 401 1111111111
877 343 905 399 1.
931 340 960 399 2.
1267 335 1323 398 991

58 528 157 590 (prum
171 505 334 590 Liguriam
351 526 432 588 pene
448 528 545 569 manu
562 507 733 589 contingit,
744 506 890 588 linguam
906 504 995 568 feriis
1010 504 1197 588 deputastis.
1222 504 1330 567 hlinus

58 608 153 671 licuit
176 609 355 689 absentiae,
380 608 454 670 dum
477 608 682 672 sanctitatem
705 611 844 671 vestram
866 607 991 690 prolixa
1014 608 1136 671 viarum
1159 607 1329 671 interualla

58 712 247 774 tenuerunt:
277 711 435 793 pensabat
458 709 675 773 confabulatio
698 708 864 792 dispendia
887 709 1033 792 visionis,
1064 713 1097 772 et
1126 713 1158 772 iu
1182 710 1329 773 remediis

58 812 189 895 provisa
218 812 406 896 diligentiae
433 811 613 876 litterarum
642 809 832 875 commercia
859 811 1123 894 praestabantur,
1158 834 1215 896 per
1248 833 1329 896 quac

57 913 168 977 officia
196 914 282 977 inter
309 914 509 978 habitatione
542 912 695 977 discretos
724 915 770 978 nil
798 913 924 996 peribat
952 913 1090 978 affectui.
1146 912 1207 978 Sed
1237 915 1329 977 credo

58 1014 181 1100 eligitis
197 1016 307 1080 amieis
323 1016 505 1079 difficiliora
520 1016 675 1080 tribuere:
698 1040 763 1081 non
780 1017 931 1100 putantes
946 1014 1147 1097 beneficium,
1172 1015 1196 1078 si
1213 1036 1329 1098 pascar

59 1116 94 1179 in
118 1119 212 1180 tanta
234 1118 400 1182 vicinitate
423 1117 598 1203 colloquiis
640 1119 685 1181 At
708 1140 785 1203 ergo
808 1138 916 1181 casum
938 1138 1043 1180 meum
1066 1139 1158 1181 versa
1181 1118 1327 1182 aestima-

58 1219 148 1282 tione
171 1221 304 1305 suspiro,
328 1242 369 1283 11
392 1220 555 1283 beatitudo
578 1223 633 1284 tua
656 1220 800 1285 retulerit
823 1220 862 1283 ad
881 1219 1047 1302 judicimu,
1079 1220 1161 1303 quod
1184 1218 1329 1283 exhibuit.

59 1321 305 1405 blandimentis,
334 1321 409 1386 dum
436 1322 519 1405 quod
547 1324 736 1405 praecessit,
761 1320 913 1385 adscribit
935 1321 1087 1404 tempori,
1121 1343 1187 1385 non
1216 1323 1326 1386 amori.

59 1423 213 1487 Facessat
235 1446 254 1486 a
275 1427 385 1487 nostro
407 1423 442 1486 in
465 1423 614 1487 amicitiis
636 1424 725 1488 frons
748 1424 835 1507 picta
857 1423 1035 1507 proposito!
1080 1421 1148 1487 Nos
1177 1423 1216 1486 ad
1243 1422 1328 1488 hauc

58 1524 217 1588 fabricam
240 1525 329 1589 nulla
350 1525 609 1608 praecedentium
632 1526 807 1589 studiorum
827 1525 904 1587 lima
920 1525 1113 1607 composuit:
1136 1525 1328 1590 1111111111-

61 1648 131 1689 mus
153 1626 194 1690 ad
217 1627 475 1709 conjunctionem
498 1627 611 1691 afferre
634 1627 850 1709 concordiam,
881 1626 1096 1690 urbanitatem
1124 1628 1210 1691 inter
1239 1649 1328 1691 caros

60 1733 96 1791 ut
126 1751 249 1792 venena
283 1729 470 1813 respuimus.
523 1728 626 1813 Ergo,
659 1730 702 1792 mi
730 1729 872 1811 domine,
902 1729 1127 1793 salutationem
1155 1730 1326 1813 accipiens,

61 1835 223 1894 aruantem
245 1831 293 1894 tui
315 1831 349 1895 in
372 1831 433 1894 hac
454 1832 562 1915 potius
584 1835 677 1915 parte
699 1834 836 1913 sectare,
866 1834 899 1893 et
925 1834 961 1894 ut
990 1831 1147 1895 culturam
1175 1833 1248 1896 fidei
1271 1854 1328 1915 per

59 1932 273 2016 frequentiam
295 1933 449 1997 sermonis
470 1933 652 2017 impendas,
683 1936 774 1996 etex
797 1935 920 1996 secreto
947 1933 1085 2016 pectoris
1108 1933 1253 1997 infucata
1275 1956 1327 1997 ex·

59 2035 219 2117 spectanti
242 2035 338 2099 verba
361 2035 525 2099 concedas.
570 2034 662 2099 Vale.

572 2221 754 2324 Epistola
780 2224 812 2305 2.

212 2374 419 2438 Ennodius
441 2373 685 2439 Hormisdae.
1338 2383 1443 2472 Empe,

146 2494 268 2558 Scimus
290 2494 431 2579 religiosi
453 2497 653 2558 sacramenta
675 2494 831 2578 propositi
854 2495 894 2557 ab
916 2494 1055 2558 obnoxia
1077 2496 1218 2578 peccatis
1243 2496 1321 2559 mul-
1347 2486 1425 2553 Vvffi·

59 2596 198 2659 titudine
231 2596 417 2660 innocentia
450 2600 482 2660 et
514 2597 575 2660 fide
609 2597 770 2679 separari,
807 2601 839 2659 et
865 2597 977 2660 titulos
1003 2598 1194 2661 venerabilis
1229 2598 1324 2662 officii

60 2720 163 2762 mores
190 2699 296 2783 potius
323 2699 495 2787 insignire,
528 2720 623 2782 quam
657 2719 799 2781 corpora.
855 2696 932 2772 Quis
967 2698 1083 2762 bonum
1112 2700 1326 2763 conscientiae

60 2801 145 2864 iuter
166 2800 311 2865 homines
333 2804 481 2884 quaerat,
505 2800 531 2863 si
554 2800 663 2863 mundi
686 2799 867 2863 adhibenda
889 2802 938 2863 est
954 2799 1038 2863 circa
1052 2801 1239 2883 pontificum
1263 2803 1325 2865 sta-

61 2906 130 2966 tuta
153 2903 343 2985 necessitas,
368 2903 394 2966 si
418 2904 617 2966 sacerdotum
639 2903 807 2987 promissio
830 2902 1060 2985 circumspecta
1089 2901 1235 2966 cautione
1263 2924 1326 2966 ser·

59 3005 210 3070 vabitur?
252 3004 426 3089 Nunquam
446 3004 560 3068 habuit
582 3005 616 3067 in
639 3004 754 3069 affectu
778 3005 1008 3087 constantiam,
1039 3003 1088 3067 oui
1111 3005 1218 3068 facere
1240 3005 1326 3069 aliud

59 3107 98 3171 de
121 3107 353 3191 pollicitatione
374 3128 440 3171 non
462 3107 563 3171 licuit.
602 3105 727 3171 Saecnli
751 3106 949 3170 conversatio
971 3106 1079 3191 legum
1101 3109 1187 3170 metu
1210 3106 1325 3173 retine-

58 3212 127 3273 tur:
160 3209 221 3273 Dei
242 3209 378 3272 famulos
400 3208 483 3293 quod
504 3209 623 3272 bonum
645 3211 694 3272 est
716 3207 865 3272 exhibere
887 3208 1036 3272 convenit
1058 3229 1123 3272 non
1150 3208 1325 3291 formidini,

58 3311 114 3374 sed
137 3312 247 3375 amori.
291 3311 419 3376 Dudum
441 3310 515 3373 dnm
537 3310 629 3374 nobis
652 3313 754 3374 metus
776 3311 928 3394 instaret,
963 3314 995 3374 et
1023 3310 1061 3373 dc
1090 3309 1259 3374 clementia
1280 3311 1324 3394 pii

60 3413 147 3497 regis
170 3413 265 3477 dubio
288 3412 473 3476 meritorum
496 3412 717 3476 aestimatione
737 3412 947 3495 penderemus
961 3413 1095 3494 incerto,
1120 3411 1256 3476 camelos
1278 3416 1327 3476 tot

58 3515 181 3579 dandos
209 3515 326 3580 domno
355 3517 490 3600 papac¹)
520 3515 579 3578 tali
606 3515 805 3578 reverentiae
832 3517 957 3578 vestrae
986 3514 1167 3578 conditione
1195 3514 1325 3579 tradidi-

58 3639 146 3699 mus,
170 3620 207 3681 ut
228 3618 254 3680 si
278 3618 370 3681 nobis
393 3616 546 3682 animalia
569 3616 639 3700 ipsa
661 3638 726 3680 non
755 3619 862 3681 essent
889 3616 1084 3698 necessaria,
1115 3616 1238 3699 justum
1265 3638 1325 3700 pro

58 3720 138 3802 ipsis
166 3719 304 3804 pretium
332 3720 521 3783 mitteretur.
580 3717 624 3782 Et
657 3719 731 3803 quia
758 3719 848 3783 novit
879 3719 998 3802 optime
1026 3717 1180 3782 sanctitas
1207 3723 1324 3802 vestra,

57 3843 129 3903 nos,
154 3821 228 3883 dum
250 3820 421 3905 potuimus,
446 3843 503 3905 per
525 3820 752 3905 allegationem
774 3824 863 3884 tuam
885 3820 1042 3885 utilitates
1064 3824 1196 3884 sanctae
1211 3819 1325 3885 Itoma-

58 3945 122 3985 1111
144 3923 296 3987 ecclesiae
318 3924 516 4005 sublevasse,
554 3944 641 3986 nunc
668 3944 725 4005 pro
755 3921 972 3987 vicissitudine
999 3922 1097 3987 facite
1125 3922 1163 3987 de
1191 3923 1325 3987 veritate

59 4023 260 4088 beneficium.
305 4024 501 4101 Quaesumus
529 4025 627 4088 etiam
657 4024 850 4088 salutatione
873 4025 1034 4108 praefata,
1066 4027 1102 4090 ut
1129 4025 1204 4109 quid
1231 4047 1326 4109 super

54 4126 120 4190 hac
143 4130 234 4209 parte
256 4126 442 4191 deliberatio
463 4131 569 4191 vestra
596 4127 730 4209 habeat,
759 4126 923 4191 indicetis:
956 4127 1031 4210 quia
1058 4127 1231 4209 credimus,
1265 4150 1324 4192 nec

57 4229 240 4312 praefatum
269 4228 352 4292 sedis
371 4230 572 4315 ,apostolicae
595 4229 774 4313 praesulem
796 4251 854 4292 nec
877 4250 949 4311 vos,
979 4229 1033 4313 qui
1062 4229 1251 4293 mediatores
1273 4253 1324 4293 ex-

56 4331 189 4414 sistitis,
214 4330 300 4395 aliud
323 4331 475 4415 cogitare,
501 4331 562 4394 uisi
585 4331 666 4414 quod
690 4335 723 4394 et
744 4331 907 4414 proposito
929 4333 961 4394 ct
978 4331 1124 4413 justitiae
1146 4332 1215 4394 sine
1236 4331 1324 4395 dubi·

56 4433 183 4497 tatione
206 4432 385 4496 conveniat.

74 4662 100 4708 2.
138 4658 156 4721 ¹)
175 4654 256 4708 llaud
279 4654 363 4708 dubie
384 4652 564 4722 Symmachus
591 4670 666 4724 papa
691 4653 730 4707 ihi
753 4651 865 4721 dieitur,
897 4653 940 4709 cui
964 4652 1103 4708 llnnodius
1130 4659 1225 4710 noster
1248 4674 1323 4725 prae

55 4739 155 4810 primis
172 4739 244 4794 inter
261 4739 416 4794 schismatis
433 4739 585 4792 certamina
603 4740 730 4792 omuibus
747 4740 836 4794 modis
859 4741 962 4793 servire
985 4740 1101 4804 studuit;
1124 4744 1195 4795 cord.
1220 4742 1322 4794 lhmod.

55 4824 138 4894 epist.
157 4824 204 4889 lli,
218 4831 258 4891 10,
281 4824 326 4890 Vl,
341 4830 371 4877 16
384 4825 414 4877 et
424 4831 466 4891 33,
493 4824 539 4877 lib.
560 4826 669 4893 apolog.
690 4842 740 4894 liro
759 4843 816 4895 syn.
834 4825 912 4878 ltom.
929 4824 972 4892 lv,
995 4830 1022 4901 et
1045 4843 1129 4895 supra
1152 4825 1200 4880 int.
1220 4825 1322 4896 Syrniu.

55 4909 139 4981 epist.
154 4915 176 4976 ⁷,
193 4915 217 4975 9,
237 4915 352 4964 18-24.
