3450 5678
576 780 619 880 s.
650 777 890 877 ninam
915 728 1141 877 aaran

376 1005 798 1117 ueneranda
831 1005 925 1115 ΕΤ
956 1003 1328 1161 Dueuuun.

784 1426 926 1511 Vita.

304 1612 332 1669 1.
364 1609 469 1667 Hilarus
490 1607 577 1664 adhuc
592 1606 722 1662 diaconus
744 1623 814 1662 airino
831 1604 891 1663 449
913 1604 1047 1679 Ephesum
1070 1622 1084 1660 a
1106 1624 1129 1660 s.
1147 1604 1236 1663 Leone
1257 1607 1356 1663 ruissus
1377 1616 1436 1671 est.
1466 1617 1496 1665 ut

217 1698 322 1774 syuodo
338 1714 398 1754 eum
413 1697 493 1751 sociis
505 1694 577 1749 lulio
594 1693 721 1766 episcopo
735 1690 883 1747 Puteolano
899 1699 927 1747 ct
940 1689 1041 1746 Ilenato
1057 1690 1217 1766 presbytero
1234 1692 1290 1747 rice
1305 1693 1392 1767 ipsius
1408 1694 1497 1751 lanter-

217 1792 291 1840 esset
313 1779 405 1857 (beon.
428 1781 506 1855 epist.
525 1779 574 1840 28.
591 1778 640 1839 etl,
657 1778 706 1839 30,
723 1776 762 1833 33
785 1776 827 1833 ed.
845 1774 990 1846 heliacim).
1030 1776 1087 1832 Iam
1109 1775 1143 1833 ibi
1168 1785 1220 1832 tana
1241 1778 1340 1834 acriter
1360 1777 1497 1835 Ilioscoru

218 1869 337 1931 obstitit.
359 1875 389 1923 ut
405 1864 543 1921 custodiae
566 1863 634 1919 tradi
650 1871 765 1919 mereret
787 1879 836 1918 uec
852 1864 903 1919 nisi
919 1863 1013 1917 mortis
1029 1861 1182 1918 discrimine
1203 1862 1266 1919 inde
1287 1862 1437 1938 effugeret.
1461 1882 1498 1921 ne

217 1953 357 2010 latrocinio
373 1949 541 2008 subscribere
556 1956 710 2024 cogeretur.
748 1946 859 2003 Iulnritis
882 1946 963 2003 obitis
978 1947 1107 2021 periculis
1122 1946 1233 2003 Romanu
1254 1947 1385 2023 appulsus
1402 1951 1496 2007 omnia

218 2038 272 2096 illic
287 2038 449 2112 nequissime
464 2045 522 2091 aeta
537 2054 559 2090 s.
577 2032 696 2109 pontiflci
713 2033 806 2089 retulit
822 2031 915 2105 (Leon.
934 2049 976 2106 ep.
993 2031 1034 2088 di
1050 2041 1078 2089 et
1093 2030 1154 2105 45).
1186 2032 1226 2087 dd
1242 2049 1304 2089 cum
1320 2032 1496 2091 hauddubie

217 2131 321 2198 spectat
337 2121 501 2179 Theodorou
516 2120 632 2194 epistola
649 2119 707 2177 118
724 2120 931 2176 archidiacono
951 2119 1057 2175 Romae
1078 2119 1178 2192 scripta
1194 2118 1285 2175 soluto
1302 2120 1345 2175 rin
1363 2120 1497 2177 eoncilia·

217 2208 290 2269 bulo.
319 2225 370 2282 qun
390 2209 478 2282 ipsum
498 2205 665 2269 adhortatur,
692 2213 722 2261 ul
742 2221 856 2260 ainanso
878 2205 1038 2259 sanctissimi
1061 2204 1253 2278 archiepiscopi
1276 2203 1335 2262 zelo
1350 2222 1404 2280 pro
1421 2206 1494 2263 virili

219 2296 345 2356 enitatur,
363 2301 392 2348 ut
408 2292 555 2349 Orientalcs
571 2291 699 2348 ecclesiae
714 2299 822 2365 paterna
844 2290 928 2363 ipsius
944 2289 1127 2346 sollicitudine
1148 2297 1241 2363 optata
1260 2307 1327 2365 paee
1346 2289 1495 2365 perfruan-

220 2387 272 2442 tur,
288 2379 462 2453 discussaque
478 2379 551 2433 omni
567 2375 662 2432 nebula
678 2375 774 2431 tradita
789 2374 821 2430 ab
836 2373 966 2449 apostolis
983 2373 1049 2431 ddes
1064 2373 1155 2431 illaesa
1170 2383 1357 2433 conservetur.
1398 2377 1495 2435 Decet

220 2467 307 2534 enirn,
329 2465 429 2539 inquit.
457 2467 639 2520 sanctitatem
660 2469 738 2519 luam
764 2462 803 2517 ad
823 2468 921 2517 cetera
940 2460 1081 2533 facinora
1100 2477 1156 2518 aaa
1179 2461 1258 2519 burae
1284 2464 1372 2519 eliam
1400 2464 1495 2521 zelun

219 2552 391 2624 arthanam.

291 2635 333 2705 2.
362 2634 417 2690 h'ec
432 2632 529 2690 IcIellit
544 2650 619 2707 spem
640 2640 924 2707 praeceptaquuum
941 2633 1074 2689 exstincto
1090 2632 1116 2687 d.
1133 2630 1166 2687 IV
1178 2630 1335 2690 Novembris
1349 2635 1413 2691 anui
1428 2634 1490 2693 tul

219 2739 241 2776 s.
259 2720 349 2777 Leone
364 2729 392 2777 et
407 2719 450 2775 dic
465 2718 487 2775 X
503 2717 555 2790 ejd.
571 2719 669 2774 mensis
685 2717 819 2792 deposito,
835 2718 893 2790 ipse
908 2719 1024 2791 sepIImo
1045 2726 1109 2792 post
1124 2716 1167 2773 die
1183 2716 1287 2775 electus
1302 2717 1346 2775 die
1361 2718 1418 2775 XIX
1435 2718 1491 2793 eid.

220 2808 319 2862 mensis
334 2807 361 2861 iu
377 2804 529 2861 carthedram
551 2823 573 2860 s.
591 2803 663 2859 Petri
685 2804 825 2860 ordinatas
840 2810 892 2858 est.
903 2795 923 2875 ¹)
954 2802 1078 2860 Studium
1094 2801 1153 2873 ejus
1169 2804 1196 2860 iu
1210 2802 1351 2878 abigenda
1371 2803 1405 2861 ab
1420 2804 1493 2863 uile

219 2892 359 2947 haereticis
374 2898 402 2955 el
418 2891 537 2965 vigorem
554 2907 614 2946 vere
630 2889 807 2964 apostolicum
819 2887 940 2945 Gelasius
956 2891 1066 2964 egregie
1081 2887 1244 2963 praedicavit
1259 2888 1312 2965 (ep.
1326 2888 1366 2947 23
1382 2908 1410 2947 n.
1427 2890 1493 2963 nl:

220 2977 347 3034 Sanctae
373 2980 525 3033 memoriae
551 2991 663 3049 quoque
690 2993 772 3048 popo
789 2975 920 3035 Hilarus.
947 2975 1043 3048 iuquit,
1070 2975 1249 3031 Anthemium
1275 2978 1493 3049 imperatorem,

218 3081 304 3136 aarum
321 3062 487 3119 Philotimus
501 3062 732 3118 diacedonianus
752 3063 818 3133 eJ‘us
830 3058 1034 3131 familiaritate
1050 3061 1190 3133 suffrdtus
1205 3060 1397 3137 conciliabuta
1414 3080 1492 3121 noan

219 3156 365 3205 sectarum
386 3152 415 3203 in
436 3148 537 3204 Urbem
559 3150 640 3204 uellet
660 3149 811 3215 iradncere,
841 3148 921 3219 apud
939 3147 964 3202 b.
983 3146 1102 3202 Petrum
1122 3148 1282 3218 apostolum
1303 3162 1341 3205 ne
1359 3149 1391 3205 id
1401 3150 1494 3221 fieret

206 3237 392 3290 ieorrslrinait
414 3235 442 3288 iu
463 3240 587 3304 tantam,
616 3240 646 3289 ut
672 3251 728 3289 non
755 3247 790 3288 ea
814 3231 955 3303 facienda
982 3247 1046 3288 curn
1071 3234 1286 3304 interpositione
1311 3236 1497 3291 sacramenti

218 3321 291 3375 idern
301 3321 483 3390 promitteret
498 3321 664 3389 imperator.
687 3316 785 3372 leriam
801 3323 828 3372 ot
841 3334 897 3388 per
912 3321 1078 3375 uniuersam
1086 3316 1238 3389 Orientem,
1256 3324 1327 3375 toste
1339 3316 1409 3375 libro
1422 3338 1495 3396 pon·

218 3402 318 3463 lidorii.
340 3406 449 3474 sparsit
464 3406 601 3474 epistolas
615 3405 650 3458 de
664 3404 721 3474 liele
737 3403 881 3457 catholiea
898 3410 925 3459 et
940 3405 1111 3476 apostoliea,
1135 3405 1313 3476 confirmans
1328 3411 1388 3463 tres
1403 3422 1493 3481 syno-

218 3489 270 3544 dos
286 3487 446 3543 Nicaenam
462 3488 638 3559 Ephesinnm
652 3494 679 3542 et
695 3488 952 3545 Calchedoncnsem
969 3493 1011 3546 uel
1027 3496 1131 3547 tomum
1145 3505 1169 3546 s.
1185 3491 1403 3565 archiepiscopi
1416 3492 1493 3551 Leo·

219 3576 272 3642 uis,
295 3579 322 3627 et
337 3573 482 3629 damnarit
498 3573 684 3645 Eutychctcm
700 3580 728 3628 et
744 3572 906 3630 Nestorium
927 3582 954 3631 et
968 3575 1142 3631 Dioscururn
1163 3578 1207 3632 ael
1229 3591 1327 3633 omlnes
1345 3591 1495 3649 sequaces

219 3674 318 3714 eoram
333 3665 360 3714 et
376 3673 473 3714 omnes
487 3659 632 3729 haereses,
649 3665 677 3716 et
692 3661 869 3732 confirmans
887 3664 1089 3717 auctoritatem
1111 3667 1138 3716 et
1149 3664 1350 3734 principatum
1371 3678 1396 3719 s.
1414 3664 1496 3721 sedis

219 3745 406 3816 aprrstoh'cue.
741 3766 744 3771 ·

304 3829 333 3885 3.
363 3828 418 3886 h'ee
439 3831 570 3885 minorem
591 3828 813 3886 administrationi
835 3831 962 3887 ccclesiae
990 3848 1079 3888 curam
1105 3832 1229 3888 advertit.
1274 3832 1351 3891 Sicut
1375 3834 1496 3909 synodis

219 3914 426 3989 proviuc'udibus
442 3916 586 3989 quotannis
602 3915 767 3972 celebrandis
783 3917 879 3973 institit
895 3916 948 3991 (ep.
958 3918 1022 3982 ull,
1032 3916 1091 3991 11).
1106 3919 1141 3974 ita
1157 3919 1215 3993 ipse
1230 3917 1410 3977 declinationis
1424 3938 1495 3979 suae

218 4048 379 4057 --ῳ-...-
400 4051 415 4057 -
422 4051 523 4058 -.-

288 4114 307 4173 1)
325 4112 366 4165 De
383 4111 437 4166 hoo
455 4111 567 4180 quidem
584 4112 629 4167 die
647 4112 748 4167 mirum
764 4113 794 4167 in
811 4113 925 4167 modum
947 4117 1075 4169 auctores
1098 4113 1215 4168 imunt.
1257 4112 1428 4171 Blnnchinns
1450 4116 1493 4183 (in

219 4180 262 4234 ed.
282 4182 408 4235 Anasias.
429 4182 463 4234 de
481 4180 545 4234 ritis
563 4180 684 4250 pontiti.)
722 4200 787 4236 unm
804 4182 833 4235 in
851 4182 909 4235 rita
926 4182 1075 4238 Caelestini
1094 4182 1182 4236 Hilari
1203 4182 1368 4237 electionem
1390 4183 1422 4239 in
1445 4186 1494 4243 die

219 4248 290 4315 XVI,
309 4249 512 4303 ordinationem
528 4248 558 4302 in
576 4249 620 4303 die
632 4249 696 4303 XIX
722 4250 872 4306 'orernhris
883 4251 985 4320 posunt,
1003 4251 1031 4304 in
1043 4251 1102 4306 viia
1112 4250 1202 4305 Hilari
1218 4251 1295 4305 illum
1311 4250 1340 4305 in
1352 4252 1430 4308 diem
1444 4254 1494 4319 XI,

218 4318 290 4373 haine
312 4317 340 4371 in
364 4317 437 4371 diem
454 4317 505 4370 XII
524 4317 577 4385 cjd.
601 4317 703 4372 mensis
725 4319 816 4386 rejicit
840 4321 883 4383 (cl.
908 4318 1002 4388 Miguo
1024 4320 1100 4374 Patr.
1118 4318 1166 4374 lah.
1190 4322 1257 4374 iona
1272 4318 1412 4376 CXXVIII
1436 4322 1492 4379 col.

218 4393 268 4442 205
280 4388 309 4441 ui
320 4390 389 4453 355).
424 4386 479 4440 Pro
497 4385 551 4439 illis
568 4387 689 4440 inumeris
706 4387 826 4457 synodus
844 4388 932 4441 Hilari
950 4406 974 4442 a.
988 4394 1038 4443 465
1060 4387 1210 4441 secumdum
1228 4387 1359 4443 certiores
1377 4390 1495 4449 codices

218 4478 243 4512 a.
263 4462 288 4510 rt.
309 4459 385 4509 XIII
398 4459 460 4511 liat.
474 4459 536 4509 Dec.
559 4455 700 4510 celebrata
722 4456 780 4525 iqui
802 4455 861 4510 <lies
883 4473 980 4511 revera
1002 4475 1026 4511 a.
1045 4461 1092 4510 161
1117 4456 1145 4510 in
1168 4456 1335 4511 ‹lominicarn
1358 4458 1495 4529 cadebat,

219 4542 274 4594 quin
296 4524 355 4578 sola
376 4522 565 4577 ordinationes
588 4523 730 4579 celebrare
753 4527 819 4579 Innc
836 4523 912 4594 apud
928 4526 1070 4579 Romanos
1093 4525 1226 4579 sollemne
1248 4526 1322 4592 caah
1345 4526 1379 4581 cl.
1399 4527 1492 4585 Leon

218 4596 376 4663 epioni),
394 4610 446 4662 pro
458 4591 501 4645 his
512 4592 652 4645 Mariauns
664 4591 761 4646 Seotns
774 4598 803 4647 et
815 4610 847 4646 sn
887 4593 976 4648 achatio
989 4601 1153 4655 „aurorane
1170 4600 1314 4649 mereinai
1327 4600 1427 4651 dierum
1439 4604 1495 4653 10¹·

218 4660 395 4730 ponctificatus
413 4662 480 4730 ejus,
497 4660 534 4714 ud
552 4660 626 4714 diem
645 4662 737 4714 obitus
750 4661 810 4729 ejus
821 4661 857 4716 Χ.
896 4662 976 4715 Febr.
991 4680 1008 4717 a
1026 4668 1076 4718 168
1094 4662 1238 4741 perducto,
1256 4662 1417 4733 loquuntur.
1436 4664 1494 4722 Ve-

217 4728 648 4869 llltltl‘hltinihilnhil
666 4729 798 4867 1111,ξὲ
806 4729 947 4853 ltili
959 4730 1056 4869 hil:
1074 4730 1246 4854 llttlliltl
1263 4732 1494 4870 {isitii

325 4860 328 4865 .
711 4840 717 4865 l
1483 4837 1494 4847 ⁸

221 4865 286 4919 darm
305 4869 366 4923 crit.
