3450 5678
618 345 789 395 nersroua
812 335 863 394 tl.
1309 332 1370 398 431

189 500 220 566 9.
264 500 369 565 Taceo
377 500 428 583 ⁵⁹),
455 502 489 563 et
510 498 550 563 ad
572 498 680 563 sedem
702 499 911 583 apostolicam
932 520 970 563 ex
994 520 1080 563 more
1103 499 1231 583 deferri,
1254 521 1295 564 ne
1317 513 1502 578 no·(a.tsa.)

107 607 171 668 stra
192 600 364 688 privilegia
386 622 498 666 curare
520 600 694 665 videamur.
728 600 815 667 Satis
837 601 880 666 sit
901 602 1078 686 ostendere,
1102 601 1177 687 quid
1200 603 1374 667 secundum

107 705 232 790 regulas
255 708 289 770 et
308 708 439 790 patrum
470 724 609 768 canones
636 704 743 768 facere
766 703 940 788 deberetis,
963 706 1135 788 praecipue
1156 726 1254 789 quum
1277 705 1374 770 etiam

106 807 194 893 ipsae
216 807 304 893 leges
327 806 476 891 publicae
498 805 724 871 ecclesiasticis
738 805 860 891 regulis
880 806 1101 891 obsequentes,
1125 806 1206 871 tales
1221 828 1374 891 personas

104 931 169 974 non
191 908 256 974 nisi
285 909 326 973 ab
349 908 506 993 episcopis
534 908 703 973 sanxerint
726 908 877 993 judicari.
922 908 955 974 Si
977 930 1051 974 vero
1073 908 1112 973 de
1134 909 1278 993 qualibet
1298 909 1373 973 hae-

105 1012 166 1076 resi
187 1011 321 1077 fuerant
341 1011 491 1095 impetiti,
514 1013 608 1075 tanto
630 1010 742 1095 magis.
756 1032 810 1075 eos
832 1011 940 1076 decuit
953 1012 1016 1076 ista
1038 1032 1240 1097 cognoscere,
1264 1012 1318 1096 qui
1340 1013 1382 1075 et'

105 1113 279 1178 secundum
301 1112 467 1197 religionis
489 1116 634 1177 tenorem
655 1117 789 1198 possent
809 1115 872 1179 ista
895 1114 1062 1198 discutere,
1087 1116 1120 1177 et
1136 1112 1294 1177 haberent
1308 1112 1372 1196 pri-

105 1215 235 1300 stinum,
260 1238 298 1280 ex
320 1237 383 1301 quo
412 1219 462 1280 est
489 1214 673 1281 Christiana
699 1214 829 1301 religio,
858 1216 1059 1300 pontificium
1082 1215 1261 1299 judicandi.
1305 1216 1373 1280 Aut

105 1316 255 1382 catholici
283 1317 370 1382 enim
397 1320 491 1383 erant
523 1321 579 1382 aut
605 1316 771 1401 haeretici,
800 1317 839 1381 de
861 1318 976 1402 quibus
998 1318 1119 1402 passim
1146 1317 1202 1381 ills
1234 1317 1372 1381 ludibria

104 1420 300 1504 gerebantur
338 1424 371 1483 et
406 1413 578 1484 latro'cinia
616 1419 806 1484 detestanda
845 1420 1031 1484 saeviebant
1039 1420 1089 1504 ⁸⁰).
1135 1419 1169 1485 Si
1205 1418 1369 1504 haeretici,

105 1522 212 1607 prodi,
241 1522 357 1587 discuti
385 1526 419 1586 et
446 1521 591 1607 legitime
616 1522 763 1586 convinci
789 1522 891 1585 modis
920 1521 1068 1586 omnibus
1097 1521 1289 1606 debuerant,
1320 1521 1371 1585 vel

105 1625 170 1688 suis
192 1623 447 1689 confessionibus
475 1622 525 1688 vel
552 1623 688 1688 aliorum
709 1623 840 1688 vocibus
863 1625 1033 1689 confutari.
1078 1623 1193 1707 Taceo,
1227 1624 1302 1708 quia
1330 1623 1370 1687 ad

105 1748 163 1790 nos
184 1729 321 1810 paterna
342 1727 450 1791 fuerat
471 1726 701 1790 consuetudine
723 1726 936 1810 referendum,
960 1729 1151 1810 tantumque
1174 1747 1368 1810 commone0,

107 1828 184 1914 quid
205 1827 274 1892 fieri
297 1827 514 1893 ecclesiastico
532 1829 606 1910 jure
629 1832 831 1894 convenerat.
867 1828 900 1893 Si
924 1850 996 1894 vero
1020 1827 1170 1893 catholici
1192 1827 1371 1912 probaban-

106 1935 168 2014 tur,
192 1951 258 2015 vos,
281 1931 337 2016 qui
358 1952 425 1996 non
447 1929 551 1995 solum
572 1931 606 1995 in
630 1952 738 1994 eorum
760 1931 946 2015 depulsione
969 1930 1175 2015 cessastis⁶¹),
1199 1930 1370 1994 sedetiam

106 2032 286 2117 subrogatis
314 2033 549 2097 communicare
584 2033 766 2119 delegistis,
802 2033 1023 2099 indubitanter
1049 2032 1214 2097 haeretici.
1259 2031 1369 2116 Qui⁶²)

106 2134 244 2218 depulsis
267 2134 433 2200 catholicis
455 2135 677 2200 secedentibus
699 2158 766 2200 non
787 2136 962 2220 ignorastis
985 2156 1114 2200 causam
1136 2135 1210 2198 fidei
1233 2156 1370 2200 commu·

103 2236 273 2321 nionisque
296 2236 472 2302 catholicae
494 2260 552 2322 per
573 2241 682 2302 tantos
705 2239 867 2303 antistites
890 2241 958 2302 toto
981 2237 1057 2302 orbe
1078 2237 1293 2321 patefactam,
1315 2236 1370 2302 sed

103 2338 199 2422 plane
228 2339 368 2404 scientes
401 2339 607 2425 volentesque
634 2341 703 2404 sine
732 2340 797 2405 ulla
824 2340 1021 2405 discussione
1048 2361 1165 2423 rerum,
1202 2340 1272 2404 sine
1305 2338 1370 2403 ulla

102 2441 248 2525 synodali
270 2442 517 2526 examinatione,
548 2444 617 2509 sine
639 2441 705 2507 ulla
734 2442 817 2507 sedis
845 2442 1038 2526 apostolicae
1055 2443 1240 2527 ¹reverentia
1262 2463 1368 2506 assen-

100 2543 190 2609 sistis
211 2543 393 2628 haereticis,
416 2544 556 2610 libenter
577 2544 733 2609 habentes
761 2546 984 2630 patienterque
1007 2545 1165 2629 sinentes,
1196 2544 1368 2608 catholicos

102 2645 267 2711 antistites
288 2646 436 2711 inaudita
456 2648 545 2731 prius
568 2652 601 2712 et
621 2647 795 2712 miserabili
818 2652 903 2712 sorte
924 2647 1061 2711 detrudi.
1106 2645 1191 2721 Quos
1213 2647 1240 2709 si
1263 2669 1283 2709 a
1306 2645 1368 2710 fide

97 2747 280 2835 inegram)
304 2750 588 2835 communioneque
611 2749 769 2814 catholiea
791 2750 948 2834 putaretis
963 2770 1079 2831 errare,
1104 2748 1368 2832 adapostolicam

96 2848 220 2934 adem,
243 2851 419 2916 secundum
446 2852 527 2916 scita
548 2853 706 2936 majorum
729 2856 761 2916 et
783 2853 868 2916 sicut
889 2873 1014 2935 semper
1029 2850 1225 2932 estfactum,
1248 2851 1368 2915 referre

101 2951 272 3017 debuistis:
305 2954 390 3018 sicut
416 2955 456 3018 de
490 2954 586 3018 Petro
613 2955 832 3019 Alexandrino
865 2954 915 3020 rel
948 2953 987 3017 de
1021 2951 1225 3016 Antiocheno
1259 2951 1366 3035 Petro,

95 3053 188 3141 Μ)
216 3054 367 3120 iohanne
389 3058 423 3119 et
445 3055 545 3120 Paulo
572 3056 686 3124 fecisse
709 3059 906 3121 monstratur
935 3055 1083 3119 Aeacius.
1128 3054 1190 3119 Sed
1217 3056 1368 3138 quoniam

271 3215 348 3222 ...n-

169 3296 201 3363 2')
218 3295 263 3349 Ita
280 3312 342 3349 mss.
361 3294 432 3348 Da«
445 3295 485 3348 Fm
497 3294 533 3349 N³
547 3293 580 3347 0¹
594 3294 628 3348 0²
641 3297 664 3348 c¹
679 3296 720 3360 d²;
739 3301 765 3349 c⁵
784 3312 861 3364 seqq.
883 3299 1001 3354 Tereum,
1020 3310 1139 3361 moxque
1151 3294 1180 3347 d¹
1194 3293 1274 3347 addit
1290 3301 1365 3364 quod.

92 3374 208 3434 Deinde
226 3379 261 3434 de
278 3379 399 3449 legibus,
420 3395 490 3448 quae
507 3380 537 3433 in
554 3381 733 3447 sequentibus
750 3384 948 3446 memorantur,
967 3378 1126 3433 consulatur
1144 3378 1203 3432 cod.
1223 3378 1328 3433 Theod.
1349 3381 1366 3433 l.

94 3459 172 3531 XVI,
190 3466 242 3519 ts
259 3470 447 3531 c.1a,as,41;
466 3464 529 3519 XVI
547 3469 566 3519 t.
586 3473 616 3519 11
636 3475 685 3519 c.1
705 3469 734 3520 et
751 3465 937 3521 Valentiniani
949 3465 994 3517 ‘lll
1011 3464 1081 3519 Nov.
1101 3464 1136 3518 de
1154 3481 1226 3520 armo
1244 3472 1294 3520 toa
1313 3465 1366 3533 (ed.

95 3546 267 3604 Gothofred.
284 3549 329 3603 lit.
341 3549 404 3616 XII,
423 3550 465 3604 ed.
485 3550 598 3605 Haeuel.
626 3551 697 3606 Nor.
716 3555 767 3619 34).

167 3639 200 3704 ⁸⁰)
219 3635 249 3688 d¹
265 3639 423 3699 serviebant,
442 3652 561 3704 moxque
579 3635 609 3688 d‘
626 3647 652 3689 et
669 3644 708 3690 uel
724 3642 784 3691 suis.
1151 3677 1154 3684 -

166 3724 200 3790 ⁸¹)
218 3720 256 3775 D‘
266 3719 304 3774 D²
316 3719 350 3774 0¹
363 3720 398 3775 Ο*
410 3725 437 3775 c'⁴
454 3739 530 3792 seqq.
550 3727 674 3781 cessistis.
692 3724 717 3773 c'
731 3724 756 3775 0³
768 3727 886 3787 cessatis,
904 3722 939 3775 D¹
952 3721 989 3774 lis
1001 3721 1038 3774 Ι)ο
1049 3719 1084 3774 Fd
1096 3719 1137 3774 Fm
1149 3720 1186 3775 Ν1
1198 3721 1227 3774 d¹
1240 3722 1270 3775 d²
1282 3742 1367 3777 cessa·

105 3813 146 3860 stt·
162 3806 200 3874 (ln
220 3823 244 3860 e.
264 3805 457 3874 acquievistis).
493 3806 563 3860 Tum
582 3807 617 3859 Dl
629 3807 666 3859 Ι)1
678 3805 706 3859 d¹
725 3814 773 3862 sed
789 3814 865 3861 etiam
881 3812 1024 3861 haereticos
1043 3810 1201 3875 subrogastis
1219 3806 1265 3874 (D²
1278 3806 1307 3860 d¹
1320 3807 1366 3861 ad·

106 3888 170 3945 init
186 3895 225 3961 et)
242 3897 423 3946 commeare
444 3898 573 3961 delegistis
590 3897 764 3946 indubitanter
781 3891 821 3959 (d¹
839 3891 919 3946 addit
938 3894 1043 3959 sumtu)
1060 3896 1204 3949 haereticis.
1234 3891 1269 3944 D¹
1283 3891 1319 3944 D⁴
1331 3891 1368 3946 D⁵

106 3971 136 4026 ll*
151 3974 192 4030 F·
203 3975 242 4031 N‘
256 3975 290 4031 0¹
308 3975 343 4029 0¹
359 3979 384 4030 οί
402 3981 429 4030 0⁵
450 3993 526 4044 seqq.
550 3976 579 4029 d²
599 3984 648 4032 sed
668 3983 742 4032 eliam
764 3982 908 4045 subrogatis
931 3976 976 4042 (l)¹
998 3979 1165 4046 subrogastis)
1187 3984 1367 4032 continuateurs

106 4065 232 4131 &gistis
254 4064 427 4116 adamantes
447 4067 581 4116 haereticis
603 4065 641 4131 (0⁵
663 4079 739 4130 seqq.
763 4063 792 4116 et
813 4061 922 4117 codices
946 4064 974 4116 a⁸
996 4066 1143 4131 Massici),
1171 4065 1243 4117 unde
1270 4067 1367 4120 nostra
1415 4093 1418 4100 ·

104 4143 196 4214 lectio,
215 4162 273 4214 qua
283 4163 340 4202 una
350 4163 445 4201 sensus
461 4145 571 4216 integer
588 4147 713 4203 efficitur.
741 4148 870 4202 Fortasse
888 4146 971 4201 litera
987 4168 1001 4201 s
1019 4163 1053 4200 ex
1064 4147 1157 4216 aliquo
1169 4151 1264 4204 vetere
1282 4149 1366 4205 inter-

104 4231 259 4300 punctionis
277 4231 357 4301 signo
376 4231 459 4285 simili
476 4232 507 4285 in
523 4233 630 4287 textum
647 4233 767 4303 irrepsit.

165 4319 200 4386 ⁰)
216 4315 254 4370 Ι)ι
266 4316 303 4371 Il¹
314 4316 351 4371 D'
362 4316 397 4371 Fl
409 4317 449 4370 ΕΝ
462 4317 500 4372 N³
512 4317 545 4371 0¹
559 4318 594 4371 Οι
606 4321 630 4371 0¹
650 4325 693 4389 qui
709 4322 745 4386 (ο1
767 4321 879 4389 quibus),
897 4323 1010 4387 depulsis
1026 4323 1157 4373 catholicis
1174 4325 1364 4375 suceedentibus

101 4400 146 4468 (W
153 4407 371 4465 madentibus,
382 4402 418 4456 D¹
427 4408 675 4475 sueaedeutiluswe)
688 4409 900 4473 aenigmatis:
913 4420 997 4471 quam
1009 4402 1156 4459 lectionem
1168 4404 1254 4458 etiam
1266 4405 1365 4459 codici·

101 4487 152 4541 bus
169 4487 227 4542 suis
242 4487 384 4558 approbat
401 4491 442 4555 α’,
463 4488 516 4543 nisi
533 4488 609 4556 quod
626 4507 689 4543 curn
707 4493 733 4543 c⁵
750 4506 825 4558 seqq.
845 4494 1020 4544 secederutlus
1042 4489 1255 4559 praeterendum
1279 4489 1362 4544 ducit.

98 4573 128 4626 d¹
140 4573 172 4626 d·
187 4578 427 4645 succedentibusque
443 4579 592 4638 haereticis,
609 4574 701 4629 neseio
719 4591 785 4628 num
804 4574 870 4628 satis
887 4574 1054 4629 auctoritate
1073 4574 1198 4629 codicum
1216 4574 1285 4629 fulti.

166 4661 200 4728 ⁸¹)
217 4659 255 4712 Ι)5
272 4663 397 4714 cadelim
414 4648 581 4716 amatione
599 4681 647 4730 que
664 4666 774 4728 integra.

165 4747 200 4812 ⁸⁴)
218 4745 263 4800 tta
274 4761 369 4800 omnes
382 4745 490 4800 codices
501 4748 530 4799 a⁸
542 4746 572 4799 d²
584 4763 618 4800 cc
636 4745 699 4815 (nisi
712 4746 788 4815 quod
799 4744 833 4798 Ι)Ι
847 4745 881 4798 s«
894 4746 934 4799 ΕΦ
947 4745 984 4800 N⁸
996 4752 1028 4802 de
1039 4750 1154 4801 loturae
1167 4751 1261 4813 Paulo,
1282 4745 1315 4801 0¹
1329 4746 1365 4800 0²

94 4834 421 4901 destinandaeque).
457 4830 536 4886 Solus
553 4831 582 4884 (1ί
601 4849 663 4886 cum
681 4832 717 4885 D⁵
734 4833 866 4886 omittunt
884 4838 916 4887 de
932 4837 1049 4886 loturae
1067 4844 1092 4887 et
1110 4837 1205 4895 Paulo,-
1221 4832 1291 4887 haeo
1309 4831 1363 4885 duo

93 4916 212 4971 nomina
229 4917 336 4986 pariter
352 4917 382 4972 in
398 4917 479 4989 epist.
499 4924 531 4973 10
548 4923 604 4973 nt
621 4918 808 4987 praetermitti
827 4918 962 4997 observat
978 4914 1105 4983 Quesnol.
1141 4918 1174 4972 ln
1195 4933 1251 4987 quo
1268 4916 1363 4974 nonni·
