3450 5678
719 339 920 388 srrsronan
940 329 992 385 42.
1447 322 1488 390 51

251 512 399 560 ussansum
413 516 555 575 negamus,
570 499 641 556 idem
653 499 792 556 decretum
804 498 836 555 ab
848 498 989 555 Hormisda
1001 498 1055 554 ulla
1067 499 1094 554 in
1106 514 1135 553 rc
1146 499 1315 554 immutatum
1327 498 1369 554 vel
1382 507 1489 556 auctum

251 587 355 644 iuidmd.
391 585 485 659 Neque
503 600 561 657 per
575 600 721 647 errorem,
743 592 774 640 ut
793 584 917 641 eruditus
938 583 984 640 ille
999 585 1040 639 vir
1054 583 1232 647 existimavit,
1257 582 1298 645 id,
1325 583 1400 658 quod
1420 584 1489 640 llor-
1514 626 1520 635 ,

252 670 326 727 matre
338 671 442 727 nornine
458 669 663 732 circumfertur,
686 671 711 725 ei
722 668 881 725 attributum
896 685 1046 725 censemus.
1078 667 1148 724 Sane
1163 668 1306 724 Hormisda
1320 669 1459 726 decretum
1474 687 1488 724 a

251 754 365 826 sionim
379 756 437 811 suis
451 754 596 830 prolatum,
610 771 665 829 quo
680 756 727 829 qui
742 753 888 829 recipiendi
904 753 974 816 libri,
990 755 1036 828 qui
1048 752 1186 825 rejiciendi
1197 761 1290 810 essent
1302 752 1488 815 definiebatur.

251 839 368 913 osum
388 839 422 896 ad
440 838 631 896 Possessorem
646 838 707 895 n.4
728 839 815 914 palam
835 840 947 914 agnovit
968 855 999 894 ac
1019 838 1136 895 laudarit
1157 839 1198 895 his
1219 835 1327 895 verbm:
1356 840 1388 896 iri
1410 854 1487 909 uero,

251 941 304 996 por
314 941 357 982 ros
369 926 407 982 de
420 925 526 982 Fanni
540 943 577 982 cn
574 927 696 999 jusdam
712 925 788 982 Galli
801 927 938 982 antistitis
952 927 1132 982 concaluisse
1152 925 1258 980 titteris
1273 926 1438 995 indicastis,
1460 926 1491 980 id

250 1011 291 1065 tili
299 1026 456 1085 responsam
470 1011 612 1067 labeant.-
633 1026 726 1085 neque
746 1012 827 1066 illnm
841 1024 935 1083 neque
949 1025 1132 1084 quemqnam,
1155 1025 1227 1083 qnos
1242 1013 1271 1065 in
1286 1013 1489 1067 anctoritatem

248 1101 339 1165 patrm
350 1113 408 1154 nan
424 1099 529 1169 recipit
543 1111 676 1167 oxomen,
693 1096 856 1152 catholicae
866 1096 936 1168 fidei
950 1102 1001 1151 ant
1018 1096 1236 1152 ecclesiasticae
1246 1096 1417 1167 disciplinae
1429 1113 1488 1152 am·

248 1179 384 1254 matam
396 1197 484 1255 posse
497 1184 628 1256 pionem,
653 1188 705 1238 ant
724 1183 865 1255 relipiosis
876 1182 1095 1254 praejudicinm
1114 1195 1299 1252 comparare.
1328 1181 1408 1238 Fixa
1423 1187 1489 1237 sont

247 1267 400 1337 apotolus,
421 1282 499 1341 qnae
517 1267 621 1339 fideles
639 1269 751 1323 sectari
763 1266 888 1322 deleant
901 1269 1041 1322 instituto.
1076 1263 1109 1320 Et
1129 1265 1223 1340 paucis
1243 1263 1409 1335 interiectis:
1431 1282 1489 1322 non

244 1353 376 1422 inprovide
390 1353 559 1409 veneranda
571 1359 690 1424 patrum
704 1354 848 1424 sapientia
861 1352 942 1424 fideii
950 1353 1125 1423 posteritati,
1142 1365 1218 1424 qnae
1232 1356 1328 1407 essent
1343 1351 1488 1408 catholica

242 1435 367 1509 moerim
388 1439 512 1511 definiit,
536 1443 619 1494 certa
639 1438 779 1495 librorum
799 1440 885 1493 etiam
905 1444 1032 1494 aeterum
1052 1439 1082 1492 in
1103 1440 1307 1493 anctoritatem
1321 1437 1489 1509 recipientia

238 1521 447 1595 maoSpiritn
462 1527 621 1580 instruente
632 1525 817 1597 praeficem:
837 1537 874 1579 ne
895 1525 1021 1594 opinioni
1040 1536 1112 1578 snae
1131 1523 1225 1579 lector
1244 1523 1409 1595 instrepens,
1431 1538 1489 1578 non

237 1607 298 1679 qnid
308 1609 503 1680 aedificationi
516 1610 733 1665 ecclesiasticae
747 1610 924 1681 conveniret,
941 1609 994 1663 sed
1006 1608 1084 1680 qnod
1095 1609 1228 1664 uoluntas
1241 1622 1296 1663 rna
1310 1610 1490 1680 concepisset

233 1701 378 1749 maeret.
401 1690 544 1749 Enimvero
560 1692 626 1767 quid
641 1701 683 1750 est
698 1691 765 1749 illud
781 1708 914 1763 examen,
931 1693 959 1748 iu
975 1708 1030 1766 quo
1046 1692 1188 1749 Faustum
1199 1695 1329 1765 aliosque
1342 1695 1373 1749 in
1389 1699 1488 1749 ancto-

231 1776 338 1834 ritatem
346 1785 469 1851 potrrrm
483 1779 665 1851 recipiendos
679 1795 737 1835 non
752 1794 815 1835 esse
831 1781 1014 1835 constitutum
1031 1783 1082 1848 est,
1099 1778 1126 1833 iu
1141 1793 1196 1851 quo
1209 1779 1275 1850 fica
1290 1785 1359 1834 snnt
1369 1796 1388 1833 a
1396 1780 1489 1849 patri·

227 1862 290 1932 les,
310 1878 385 1937 qnae
403 1865 506 1936 fideles
525 1868 636 1920 sectari
648 1864 771 1920 debcant
785 1867 930 1927 instituta,
953 1871 981 1919 et
1001 1863 1029 1918 lu
1050 1878 1104 1936 quo
1127 1861 1234 1918 demum
1255 1879 1313 1919 non
1334 1864 1490 1935 insproride

226 1949 388 2006 meranda
405 1954 526 2021 patrum
546 1952 690 2022 sapentia
709 1951 789 2021 fideli
803 1952 970 2029 posteritati
988 1962 1065 2022 qnae
1085 1953 1182 2005 essent
1196 1948 1341 2005 camoiica
1356 1949 1489 2022 dopmata

223 2033 340 2105 διβηὲῖἰ,
356 2040 439 2091 certa
453 2035 594 2091 librorum
616 2037 702 2090 etiam
716 2041 845 2091 aeteram
859 2037 888 2090 in
901 2037 1105 2090 anctoritatem
1119 2034 1290 2106 recipienda
1305 2040 1408 2090 sancto
1424 2033 1489 2106 Spi·
1568 2021 1572 2031 ’

220 2121 282 2175 ritu
295 2121 457 2176 instruemur
466 2121 656 2194 praefipens?
689 2119 772 2175 Nemo
789 2119 855 2175 haec
870 2118 903 2174 ad
918 2117 1003 2174 ullum
1018 2117 1144 2174 retulerit
1157 2117 1296 2175 decretum
1311 2134 1406 2175 eorum
1422 2135 1490 2193 pon·

220 2200 334 2266 uacum
350 2205 397 2278 qul
412 2203 518 2261 Gelasio
533 2203 575 2259 ret
591 2205 740 2260 antenores
756 2203 798 2260 vel
813 2205 981 2279 posteriores
998 2205 1167 2260 exstiterunt
1194 2202 1288 2260 Restat
1304 2204 1396 2278 igitur,
1412 2212 1444 2260 ut
1459 2220 1490 2260 en

218 2304 284 2345 curn
297 2286 420 2345 Romano
435 2286 635 2363 pontificiarum
651 2289 827 2365 epistolarum
841 2289 961 2352 editore,
976 2289 1107 2352 llaronio,
1123 2288 1242 2352 Norisio,
1264 2286 1348 2364 Pugio
1364 2288 1398 2345 nd
1414 2288 1490 2345 Gela·

216 2375 307 2436 mum,
328 2374 372 2430 cui
386 2375 521 2431 innumeri
536 2373 636 2449 probae
657 2383 738 2431 notae
758 2375 934 2449 manuscripti
953 2373 1091 2431 decretum
1112 2373 1146 2431 de
1166 2372 1242 2430 libris
1262 2373 1422 2448 recipiendis
1445 2374 1490 2430 ad·
1589 2426 1593 2440 ,

215 2457 359 2523 mount,
379 2459 537 2516 retenemus.
576 2459 673 2516 Verum
690 2458 848 2516 Hormisdae
869 2458 972 2516 decreti
993 2458 1074 2531 hujus
1090 2459 1255 2516 instaurandi
1271 2476 1354 2534 quum
1370 2461 1490 2516 occasio·

216 2559 284 2600 mr
299 2542 420 2601 dedisset
434 2552 528 2601 exorta
543 2545 577 2601 de
592 2544 667 2603 libris
681 2545 880 2607 controversia,
902 2543 968 2600 nihil
989 2535 1010 2600 ai
1018 2552 1155 2619 potestate
1170 2560 1219 2601 sua
1229 2543 1352 2601 alienum
1367 2546 1490 2602 commis·

215 2645 318 2685 sura·
332 2645 363 2686 se
377 2631 485 2686 censuit
499 2631 521 2686 is
537 2646 619 2705 papa,
643 2632 666 2686 si
687 2629 817 2687 nonnulla
837 2631 862 2685 ei
884 2646 934 2703 pro
955 2632 1086 2704 temporis
1106 2631 1212 2687 ratione
1233 2629 1370 2702 adjiceret.
1405 2629 1439 2685 lit
1459 2646 1489 2686 ea

214 2713 333 2790 quidem
347 2713 480 2780 libertate
496 2714 560 2772 licet
574 2717 602 2771 in
616 2717 718 2789 paucis,
741 2725 784 2771 est
805 2730 881 2772 usus.
910 2714 946 2783 Ut
964 2715 1050 2790 igitur
1064 2714 1192 2790 deinceps
1212 2722 1301 2772 cesset
1322 2717 1410 2772 omnis
1425 2731 1490 2771 con·

215 2799 310 2863 insto.
326 2807 451 2856 nostrum
466 2809 524 2863 est,
541 2801 587 2875 qul
602 2799 699 2857 Gelesii
715 2799 927 2874 Hormisdaeque
941 2803 1041 2875 scriptu
1056 2802 1198 2875 separatim
1214 2801 1327 2863 edimus,
1346 2801 1489 2875 unicuique

213 2884 338 2942 reddere
352 2901 420 2959 quae
435 2902 484 2942 sua
499 2893 577 2948 sunt.
599 2902 650 2942 nec
664 2903 709 2950 ea,
732 2902 800 2960 quae
820 2894 887 2942 sunt
901 2885 1058 2942 llormisdae
1074 2901 1196 2962 quaeque
1211 2887 1240 2942 in
1255 2885 1352 2943 Gelasii
1368 2893 1490 2961 tempora

215 2986 277 3028 non
292 2972 471 3033 conveniunt.
494 2970 575 3042 hujus
595 2970 706 3028 decreto
722 2969 878 3028 admiscere.

311 3056 360 3113 11.
388 3058 502 3120 dunum,
526 3072 581 3131 quo
597 3055 719 3113 Gelasius
735 3056 870 3131 hocopus
885 3072 1033 3131 aggressus
1048 3064 1099 3118 est.
1115 3055 1239 3130 plerique
1253 3063 1357 3112 certum
1372 3064 1488 3130 ponunt,

215 3139 270 3197 sed
290 3140 385 3197 nullus
404 3140 510 3217 probat.
540 3141 645 3198 Primus
660 3142 790 3198 llaronius
805 3159 838 3197 ex
853 3142 986 3198 annalium
1002 3141 1158 3198 conditione
1172 3141 1205 3197 ed
1228 3149 1318 3197 certos
1334 3158 1418 3197 annos
1434 3144 1489 3198 sin·

217 3225 289 3302 guin
304 3226 406 3284 reterre
421 3235 545 3290 coactus.
571 3226 639 3283 illud
654 3227 686 3282 ad
702 3244 801 3283 annum
816 3226 879 3285 494
901 3227 973 3283 nulle
989 3226 1070 3298 hujus
1085 3229 1124 3282 rei
1139 3227 1320 3301 exquisitione
1335 3226 1377 3283 vel
1391 3226 1490 3301 proba·

218 3313 301 3367 tione
316 3313 461 3386 praemissa
476 3312 580 3369 retulit.
601 3312 679 3369 Hunc
694 3312 792 3369 deinde
807 3314 894 3370 secuti
905 3312 1050 3369 Severinus
1064 3313 1156 3369 llinius
1171 3321 1200 3369 et
1214 3313 1298 3369 ceteri
1313 3312 1489 3369 conciliorum

220 3395 358 3461 editum
374 3397 532 3462 concilium,
548 3399 576 3454 iu
592 3414 646 3472 quo
662 3397 763 3454 editum
786 3406 841 3461 est,
863 3400 899 3454 itu
914 3397 948 3453 de
962 3414 1013 3454 suo
1029 3399 1237 3472 inscripserunt:
1260 3398 1417 3455 Concilium
1432 3399 1489 3456 Ito·

220 3499 341 3539 aaaron
351 3482 375 3554 1,
391 3487 421 3539 in
437 3501 493 3557 qno
508 3484 623 3540 aLXX
634 3487 778 3556 episcopis
791 3485 949 3541 liorisacri
963 3491 990 3541 et
1005 3485 1165 3541 anthentici
1178 3485 1215 3541 air
1230 3484 1410 3557 apocryphis
1424 3491 1492 3541 sunt

221 3568 356 3638 dicerem
377 3569 431 3625 snb
447 3568 561 3627 Gelasio
578 3586 654 3626 anno
670 3570 783 3627 Domini
802 3568 880 3639 494,
902 3570 1016 3627 Asteria
1036 3576 1125 3643 atque
1144 3571 1295 3627 Praesidio
1316 3570 1491 3627 consolidas.

224 3651 374 3710 ltmlsmme
393 3662 422 3710 et
441 3653 520 3710 Justo
541 3653 692 3711 l'ontanino
713 3654 839 3729 religioni
859 3654 925 3718 luit,
947 3655 1018 3711 idem
1038 3655 1181 3712 concilium
1203 3671 1273 3711 auno
1288 3653 1351 3711 494
1373 3654 1491 3710 habitum

227 3752 341 3812 urges-m
356 3740 418 3813 quia
433 3739 497 3796 licet
512 3740 638 3796 Vaticano
654 3741 681 3795 iu
697 3739 798 3801 codice,
814 3757 869 3814 quo
886 3757 950 3796 usus
966 3747 1023 3803 est,
1045 3740 1150 3797 nullum
1165 3757 1264 3797 arrnum
1280 3741 1304 3795 ei
1321 3739 1432 3796 vidisset
1446 3739 1492 3794 ad·
1535 3803 1538 3807 ¹

229 3823 368 3897 sciptum,
384 3826 516 3881 tamenin
536 3841 600 3881 mss.
614 3824 723 3881 Justelli
737 3824 841 3887 aliisve,
864 3842 934 3899 quos
949 3824 1053 3881 Grhriel
1069 3825 1234 3889 Cossutius,
1255 3824 1391 3890 labbeus,
1414 3825 1493 3881 Pear·

230 3909 325 3963 sonius
338 3925 369 3965 ac
382 3909 480 3966 Petrus
487 3908 645 3967 lirsrrclscus
658 3909 809 3967 Chlidetius
821 3909 939 3974 laudant,
955 3909 1075 3967 eamdem
1087 3912 1223 3985 synodum
1235 3912 1349 3968 Artorio
1361 3918 1389 3968 et
1400 3911 1492 3968 Prae-

233 3993 302 4050 sidio
316 3996 480 4052 consulibus
494 3995 564 4052 bona
587 3993 640 4052 lide
661 3994 775 4051 credidit
790 3998 984 4071 consignatam.
1020 3995 1085 4052 Jure
1105 4005 1195 4053 temen
1211 3995 1380 4061 dubitemus,
1401 4013 1435 4052 an
1451 3995 1493 4050 vel

236 4091 303 4133 uns
323 4080 437 4154 proferri
458 4080 544 4137 valcat
565 4079 663 4144 codes,
685 4083 712 4136 iu
733 4097 788 4155 quo
809 4081 850 4137 lris
872 4080 1027 4138 consulibus
1049 4091 1095 4138 aut
1117 4082 1171 4138 ulla
1192 4083 1323 4156 temporis
1344 4089 1409 4138 nota
1430 4097 1493 4137 con·

237 4162 362 4236 deretur.
392 4165 472 4222 Certe
487 4165 553 4222 nihil
569 4165 724 4237 hujusmodi
739 4166 767 4221 in
783 4165 838 4223 ullo
855 4184 869 4223 e
885 4169 999 4229 nostris.
1022 4169 1194 4241 quantumvis
1209 4167 1310 4224 multos
1325 4167 1494 4223 consulueri-

167 4258 172 4269 ·
240 4261 308 4312 uus.
327 4252 483 4325 reperimus.
521 4250 614 4326 Neque
634 4251 769 4307 feliciores
791 4251 840 4307 hac
861 4254 888 4308 in
905 4269 939 4333 ⁴re
955 4251 1066 4309 luerunt
1080 4254 1137 4309 sive
1152 4253 1230 4327 primi
1246 4252 1423 4309 conciliorum
1439 4250 1494 4306 edi·

241 4340 308 4390 tores
319 4333 452 4399 lierlium.
460 4334 588 4393 crabbius
595 4344 659 4399 etc..
667 4337 723 4392 sire
736 4337 781 4410 qui
792 4335 892 4393 Romae
903 4335 1103 4412 pontificiarum
1116 4338 1292 4413 epistolarum
1304 4337 1493 4394 collectionem

241 4420 431 4486 mdiorum,
443 4423 515 4479 sicut
528 4438 579 4479 nec
593 4422 701 4497 Pagius,
718 4423 763 4496 qui
780 4437 863 4495 quum
878 4439 962 4479 unum
977 4425 1005 4479 ln
1019 4421 1102 4498 Regia
1119 4422 1282 4479 bibliotheca
1297 4424 1494 4497 antiquissimo

243 4501 405 4564 &maere
425 4516 562 4565 curatum
583 4507 703 4564 codicem
725 4514 754 4562 et
774 4507 888 4564 alterurn
903 4509 931 4564 iu
946 4508 1083 4565 Victorius
1103 4507 1301 4572 consuluisset,
1323 4507 1355 4563 uh
1376 4514 1495 4581 utroque

243 4593 360 4664 tamon
373 4601 465 4650 notam
480 4593 574 4650 abesse
589 4601 732 4668 expertus,
754 4609 809 4650 nec
823 4595 934 4665 dubito,
957 4595 1058 4669 inquit,
1082 4598 1149 4668 qnia
1170 4598 1200 4650 in
1215 4597 1321 4651 ceteris
1338 4609 1406 4649 mss.
1422 4594 1495 4648 desi·

244 4672 359 4734 deam.
391 4678 476 4735 lmmo
491 4679 561 4753 apud
576 4678 725 4741 Lebbeum,
748 4680 794 4752 qui
815 4678 924 4736 dissert.
940 4678 973 4735 de
988 4680 1083 4753 script.
1100 4680 1196 4737 eccles.
1215 4677 1298 4735 tomi
1314 4694 1377 4753 pag.
1385 4677 1445 4735 341
1463 4693 1496 4733 en

245 4763 318 4817 vetet
331 4780 379 4820 urs.
386 4761 565 4821 bibliothecae
580 4781 644 4821 suae
660 4763 798 4820 decretum
814 4764 883 4820 idem
899 4782 914 4820 a
929 4781 959 4821 se
970 4763 1136 4840 descriptum
1152 4772 1277 4827 testatur,
1293 4763 1390 4820 eodem
1405 4762 1495 4825 modo,

246 4858 294 4916 qno
312 4848 450 4906 innostris
467 4867 541 4914 mss..
557 4850 671 4913 desiuit,
689 4850 776 4905 tacitis
791 4849 957 4907 consulibus.
991 4850 1030 4906 Ad
1045 4850 1219 4907 Pearsonium
1236 4848 1309 4925 quod
1324 4850 1435 4913 attinet,
1452 4846 1496 4903 ubi

1204 4944 1295 5008 ,β
