3450 5678
220 337 283 403 542
697 350 723 397 s.
742 349 881 397 enrnsu
903 349 1018 395 raras

220 506 296 569 lieet
311 506 346 568 iu
364 504 515 585 divinam,
540 500 754 581 transeatur)
778 504 890 565 saneto
906 500 1029 584 Spiritu
1051 499 1239 583 perficiente
1260 499 1580 564 substantiam-:2-

220 610 446 689 permanentes
469 608 578 668 tamen
602 604 635 666 in
652 625 727 667 suae
742 604 938 687 proprietate
955 603 1105 685 naturae,
1130 602 1177 665 sie
1199 600 1278 664 illud
1302 600 1409 685 ipsum
1426 613 1580 684 unffi

221 710 353 772 sterium
381 706 575 790 principale,
606 704 694 788 eujus
725 705 818 768 nobis
847 703 1055 767 efficientiam
1087 702 1301 786 virtutemque
1335 703 1580 767 veracite&

220 811 473 893 repraesentant,
498 830 536 870 ex
559 807 674 891 quibus
697 810 824 871 constat
837 806 965 889 proprie
986 804 1261 888 permanentibus,
1285 827 1386 868 unum
1402 800 1580 867 thni‘

219 916 314 991 stum,
338 910 413 995 quia
435 910 598 994 integrum
620 930 802 993 verumque,
827 929 1015 992 permanere
1037 907 1272 971 demonstrant.

286 1253 317 1317 ²⁶¹)
336 1250 498 1319 Legendunr
517 1262 649 1303 transeant
667 1249 734 1316 (scil.
754 1249 835 1319 panis
854 1252 883 1303 et
899 1248 1004 1317 vinum)
1023 1254 1048 1300 in
1066 1252 1175 1301 divinant
1186 1251 1367 1312 substanttam,
1386 1247 1440 1301 hoe
1451 1254 1580 1299 esa·

217 1334 245 1386 in
264 1352 363 1405 corpus
383 1336 412 1388 et
429 1334 592 1401 sauguinem
611 1333 724 1400 Christi,
748 1335 795 1403 qui
819 1350 904 1401 quum
922 1334 997 1388 Deus
1016 1333 1064 1399 sit,
1087 1332 1227 1401 personali
1251 1331 1377 1386 unitione
1400 1332 1534 1385 effici&
1557 1314 1580 1367 3

217 1421 248 1471 ut
266 1422 295 1472 et
317 1420 440 1488 corporis
464 1422 493 1474 et
514 1419 655 1487 sanguinis
678 1418 737 1486 ejus
760 1419 917 1472 substantia
938 1417 1038 1472 merito
1061 1423 1145 1471 dtrvtna
1164 1417 1331 1487 appelletur.
1369 1415 1505 1471 Subind·
1530 1396 1580 1459 Ι

217 1505 293 1572 quod
305 1504 333 1556 iu
347 1504 429 1558 editis
442 1504 566 1572 sequitur
584 1516 746 1573 permanente
759 1516 841 1557 tamen
853 1510 878 1556 in
890 1523 952 1556 strae
969 1509 1130 1571 proprietate
1143 1513 1260 1559 naturae.
1279 1503 1331 1556 aut
1343 1502 1580 1571 legendnnss

216 1600 396 1656 permanentes
409 1600 466 1654 etc,
486 1592 536 1642 aut
550 1600 715 1657 permanente
733 1599 815 1642 tamen
828 1594 854 1642 in
865 1609 912 1641 saa
928 1593 1091 1656 proprietate
1105 1599 1211 1647 natnra,·
1228 1586 1272 1640 eui
1285 1586 1370 1642 alteri
1381 1586 1580 1641 lectionffl

217 1674 300 1739 iavet,
319 1674 394 1742 quod
412 1674 538 1743 sequitur
556 1696 592 1727 ea:
609 1679 698 1742 qnttrns
711 1684 811 1727 constat
828 1674 865 1739 (h.
877 1690 900 1727 e.
913 1675 1023 1741 natura)
1040 1678 1148 1741 proprie
1167 1673 1204 1739 (h.
1219 1690 1242 1725 e.
1257 1671 1286 1725 in
1299 1690 1352 1727 sua
1368 1671 1580 1742 proprie-²

217 1758 287 1826 tate)
304 1763 516 1826 perinanentibns.
553 1758 715 1813 Coustantio
732 1759 823 1826 magis
845 1758 939 1827 placet
961 1770 1125 1826 permanente
1141 1768 1226 1811 tamen
1242 1777 1305 1811 snae
1328 1758 1580 1827 proprietntae‘

216 1854 337 1909 naturae,
361 1862 417 1897 nou
435 1843 489 1897 alio
509 1861 604 1909 sensu,
628 1847 656 1896 et
678 1843 751 1896 iufra
769 1849 940 1897 demonstrent
958 1859 1009 1912 pro
1029 1849 1213 1897 demonstrant.
1252 1841 1325 1907 Quid
1344 1858 1432 1911 porro
1451 1826 1576 1897 esd

217 1927 351 1981 transitus
365 1928 447 1996 panis
465 1931 494 1982 et
511 1928 567 1982 nini
586 1930 614 1981 iu
632 1927 817 1981 substantiam
830 1927 965 1994 divinam,
983 1928 1034 1980 nisi
1048 1927 1123 1997 quod
1136 1927 1283 1981 concilium
1295 1926 1527 1981 Tridentinus*

216 2016 495 2067 trarnsnbstnnttnttonte
513 2013 649 2066 voeahulo
667 2013 748 2066 nobis
767 2014 935 2066 credendum
953 2012 1117 2082 proposuit?
1151 2010 1296 2076 Quomodo
1315 2014 1414 2066 autem
1431 2030 1516 2065 erran

216 2096 269 2149 hae
288 2097 340 2149 lide
359 2115 414 2151 non
432 2100 551 2167 pugnet,
580 2099 654 2166 quod
673 2098 713 2152 ait
731 2097 869 2164 Gelenius,
893 2097 921 2150 iu
944 2098 998 2151 hoo
1020 2096 1153 2166 mysterio
1175 2101 1343 2151 srtbetartttam
1367 2104 1408 2151 net
1423 2110 1501 2151 nata-

217 2202 270 2233 ram
288 2181 367 2249 panis
385 2200 562 2251 permanere,
582 2184 641 2236 fuse
660 2200 693 2236 ae
711 2181 830 2235 dilucide
843 2183 1035 2252 explicuerunt
1052 2182 1132 2235 multi
1150 2180 1265 2248 eruditi,
1284 2180 1336 2235 sed
1354 2180 1493 2252 imprimis

181 2308 185 2313 .
216 2267 314 2318 artetur
331 2266 396 2320 libri
414 2267 513 2321 Gallici
532 2268 566 2321 de
584 2268 773 2336 perpetuitate
791 2266 856 2320 fidei
874 2268 969 2321 tome
986 2267 1033 2320 lib.
1048 2273 1064 2319 ὁ
1082 2284 1142 2335 cap.
1163 2274 1203 2320 to.
1232 2266 1274 2319 Ex
1292 2283 1351 2335 quo
1368 2266 1491 2322 reeolen·

216 2350 294 2403 duim
312 2351 432 2419 primum
450 2353 502 2406 hoc
515 2353 646 2407 adversus
658 2352 845 2420 Eutychianos
863 2351 968 2406 dictum
980 2368 1052 2418 esse,
1072 2351 1119 2420 qui
1137 2351 1166 2404 in
1178 2350 1281 2405 Christi
1297 2351 1493 2407 inenrnatione

216 2435 334 2489 maxime
348 2454 413 2490 vero
431 2439 497 2506 post
509 2437 568 2505 ejus
587 2437 817 2505 glorificationem
836 2437 877 2490 ita
893 2436 1044 2490 humanam
1062 2438 1190 2490 naturam
1203 2435 1348 2493 transiisse
1359 2437 1493 2493 solebant

216 2519 244 2572 in
268 2519 402 2585 divinam,
426 2525 456 2574 ut
479 2522 618 2576 humanae
641 2524 758 2576 naturae
781 2539 893 2590 prorsus
915 2521 1081 2576 deiecissent
1104 2520 1304 2590 proprietates.
1335 2522 1442 2591 quique
1465 2525 1495 2575 ut

216 2622 294 2658 suam
313 2610 470 2661 assererent
493 2606 672 2672 sententiam,
697 2606 880 2660 eucharistiae
904 2606 1054 2661 utebantur
1073 2606 1213 2675 exemplo,
1235 2604 1264 2658 in
1282 2623 1340 2675 quo
1364 2606 1449 2676 panis
1466 2610 1494 2661 et

218 2688 309 2741 vinum
327 2689 368 2743 ita
390 2690 419 2744 in
438 2690 539 2744 Christi
558 2708 657 2760 corpus
677 2696 704 2745 et
723 2690 886 2760 sauguinem
904 2692 1060 2756 mutant-ur,
1085 2693 1115 2744 ut
1134 2689 1214 2759 panis
1232 2706 1266 2744 ac
1283 2688 1341 2744 riui
1360 2688 1433 2744 nihil
1451 2708 1494 2745 su·

215 2773 309 2841 parsit.
355 2780 454 2830 ttetntte
478 2775 627 2844 diligenter
650 2776 865 2841 attendemlunr‚
893 2776 945 2829 hoc
968 2792 1064 2830 eorum
1087 2776 1283 2843 argumentum
1307 2792 1325 2829 a
1350 2776 1496 2831 catholicis

215 2859 319 2927 partim
338 2860 500 2927 admissum,
523 2860 626 2929 partim
649 2862 890 2915 refutatum'esse:
919 2861 1069 2914 admissum
1087 2860 1212 2927 quidem,
1233 2862 1375 2927 quatenus
1391 2877 1496 2930 panem

215 2948 244 2997 et
262 2945 355 2998 viuum
375 2947 401 2999 iu
421 2964 520 3016 corpus
540 2949 568 3000 et
586 2945 749 3013 sauguinem
762 2945 864 2999 Christi
882 2947 1006 3000 converti
1024 2963 1087 3000 curn
1105 2944 1303 2999 toarcensis
1320 2945 1497 3016 profiteban-

215 3037 271 3096 tur,
291 3033 443 3086 refutatum
461 3049 540 3095 roro,
560 3033 695 3098 quatenus
713 3030 777 3083 hine
790 3031 896 3084 nullum
909 3031 937 3083 in
950 3030 1060 3084 Christo
1079 3031 1216 3085 humanae
1229 3032 1350 3084 naturae
1368 3030 1498 3101 proprie·

214 3116 302 3168 tatem
321 3133 484 3185 permanere
504 3116 718 3170 concludebant:
746 3115 825 3184 quasi
843 3133 921 3183 vero,
939 3115 1116 3185 inquiebant,
1135 3118 1200 3185 post-
1212 3113 1429 3171 conversionem
1447 3134 1497 3188 pa-

215 3200 256 3253 nis
275 3201 377 3254 etvini
400 3202 428 3254 in
447 3219 546 3271 eorpus
566 3203 594 3254 et
613 3199 776 3268 sauguinem
796 3200 897 3254 Christ-i
919 3218 973 3254 non
997 3201 1176 3271 perseverent
1198 3199 1345 3268 utriusque
1367 3202 1496 3271 proprie·

213 3286 298 3348 tates,
318 3304 408 3355 neque
427 3287 525 3341 etalem
543 3286 579 3339 sit
597 3285 702 3355 speeies
719 3285 800 3354 pariis
817 3286 972 3352 eademque
990 3286 1092 3354 ligura,
1110 3285 1227 3340 eaedem
1245 3300 1299 3339 nno
1319 3285 1411 3340 verbo
1430 3302 1500 3355 qua·

214 3368 307 3424 litatus
326 3389 428 3426 omues.
460 3372 548 3424 Porro
561 3371 686 3426 Gelasius
704 3370 776 3423 hituc
794 3371 962 3439 qualitatum
980 3370 1141 3439 corigeriem
1158 3374 1317 3424 subnanttae
1335 3371 1367 3425 et
1384 3382 1497 3427 natnrne

216 3454 327 3510 nomine
346 3457 445 3522 donat,
470 3458 591 3510 Graecos
611 3456 786 3525 ruaximeque
805 3455 1013 3510 'theodoretum
1031 3457 1167 3517 imitatus,
1190 3454 1265 3525 apud
1282 3471 1357 3523 quos
1374 3456 1499 3513 vocabu-

216 3538 304 3592 lorum
323 3537 410 3608 φύσις
434 3544 462 3595 et
480 3537 564 3596 orista
582 3541 656 3596 idern
675 3560 739 3595 usus
757 3543 806 3595 est.
843 3541 948 3596 Verum
971 3558 1004 3593 ex
1022 3540 1087 3607 hoc,
1111 3540 1185 3610 quod
1208 3540 1363 3608 qualitates
1379 3558 1416 3596 ae
1434 3558 1499 3613 pro·

214 3624 349 3691 prietates
373 3626 434 3680 illas
454 3635 636 3696 externasque
660 3627 741 3696 panis
765 3626 870 3695 speeies
892 3642 1056 3697 permanere
1074 3625 1150 3678 nullo
1175 3629 1353 3695 repugnante
1376 3630 1499 3694 assem,

214 3726 269 3762 nou
288 3711 425 3778 sequitur,
450 3714 480 3765 ut¹
502 3712 640 3766 internam
664 3711 743 3781 pariis
762 3712 890 3765 naturam
909 3728 965 3764 una
983 3728 1045 3765 eum
1064 3727 1180 3780 corpore
1199 3709 1300 3764 Christi
1324 3728 1499 3780 permanen?

214 3793 376 3861 crediderim
401 3798 484 3850 immo
503 3798 574 3852 barn·
592 3798 620 3850 iu
639 3815 739 3867 eorpus
759 3796 860 3849 Christi
883 3796 1002 3864 ideoque
1020 3795 1049 3849 in
1068 3795 1190 3850 divinam
1208 3795 1402 3852 substantiam
1420 3801 1499 3853 hstr-

213 3878 266 3933 sire
285 3898 336 3949 pro
355 3881 512 3936 indubitato
531 3883 618 3953 pouit.
656 3883 715 3947 Quo
734 3881 853 3937 transitu
872 3898 938 3935 sane
957 3899 1012 3934 uon
1030 3883 1141 3935 tanturn
1159 3882 1250 3950 ligura
1267 3881 1319 3935 sed
1337 3888 1369 3937 et
1384 3900 1420 3937 re
1438 3900 1499 3939 eor·

213 3981 265 4032 pus
284 3966 386 4021 Christi
403 3967 431 4020 iu
450 3967 559 4022 actione
577 3968 774 4037 mysteriorum
793 3965 889 4036 perlici
912 3983 945 4019 ac
963 3966 1046 4031 sumi,
1069 3984 1158 4035 exque
1176 3968 1288 4036 sumpto
1312 3966 1432 4024 divisse
1450 3986 1500 4025 na·

213 4053 293 4105 trime
312 4068 361 4107 nos
379 4055 522 4106 consortes
541 4053 613 4120 tieri,
632 4053 734 4106 diserte
752 4053 907 4121 prolitetur.
940 4051 1030 4116 Quare
1050 4052 1076 4105 iu
1096 4051 1205 4106 actione
1217 4051 1426 4121 mysteriorum
1439 4070 1500 4111 eor·

212 4136 300 4204 poris,
324 4137 399 4202 quod
418 4138 575 4191 crucifixum
595 4141 649 4197 est,
672 4140 701 4192 et
718 4137 859 4205 sanguinis
879 4135 993 4202 Christi,
1018 4135 1065 4205 qui
1083 4156 1134 4207 pro
1151 4136 1233 4192 nobis
1256 4138 1334 4191 tirsus
1357 4144 1417 4201 est,
1442 4158 1500 4195 nou

212 4239 290 4274 mera
309 4222 466 4275 celebratur
484 4227 512 4275 et
531 4223 604 4276 inula
624 4223 731 4289 luinge,
750 4222 797 4275 sed
816 4222 899 4290 plena
917 4240 950 4275 ea
969 4222 1030 4291 ipsa
1048 4240 1091 4287 re,
1110 4240 1194 4291 quam
1212 4226 1432 4292 repraesentat,
1458 4228 1497 4280 ut·

212 4311 278 4375 pote
297 4306 325 4358 in
344 4324 398 4375 quo
416 4324 459 4360 res
478 4308 590 4361 oblatae
609 4314 634 4360 in
653 4315 760 4361 ettennon
779 4320 913 4360 transeant
929 4318 1019 4360 saneto
1033 4311 1131 4376 Spiritu
1148 4314 1298 4376 perficiente
1312 4313 1497 4365 messanam.

212 4393 309 4459 Neque
328 4392 390 4445 hine
409 4392 494 4445 babet
512 4393 712 4460 liutyehiauun
732 4393 807 4459 quod
824 4391 952 4460 abjiciat,
973 4393 1073 4447 saltem
1091 4394 1230 4449 internam
1248 4394 1395 4450 humitenus
1415 4402 1501 4453 natir-

213 4495 260 4531 rne
279 4476 467 4530 mrbstantiam
485 4477 512 4529 iu
526 4478 634 4531 Clnistn
653 4479 798 4532 incarnato
810 4494 866 4531 non
884 4495 1070 4545 perseverare.
1102 4477 1245 4547 Siquidem
1259 4478 1288 4531 iu
1301 4480 1500 4539 eucharistiae

212 4564 385 4617 sacrmneuto
409 4579 509 4632 panem
532 4562 560 4614 in
584 4580 684 4632 eorpus
703 4563 805 4617 Christi
827 4567 990 4633 profitemur
1013 4580 1188 4628 conversum
1212 4563 1241 4616 in
1263 4564 1373 4619 Christi
1398 4574 1500 4625 antem

212 4646 403 4701 incarnatione
422 4666 477 4700 mm
495 4648 644 4703 lmmanam
663 4652 792 4702 inituram
810 4648 838 4701 iu
856 4648 980 4703 Verbum
999 4666 1173 4713 conversam,
1191 4646 1240 4702 sed
1259 4666 1324 4703 eant
1344 4652 1464 4707 hiatum
1482 4672 1500 4707 u

213 4730 305 4785 Verbo
325 4735 482 4802 susceptam
501 4750 699 4787 asseveramus.
738 4733 834 4802 ltaque
854 4753 908 4789 uon
927 4735 963 4789 ad
981 4734 1174 4805 explicandum
1192 4733 1360 4802 hujusmodi
1379 4754 1501 4797 corrner-

212 4817 315 4872 siouem
335 4839 352 4871 a
371 4818 481 4872 Gelasio
504 4817 632 4872 instituta
656 4824 695 4869 est
720 4820 900 4887 comparatio.
938 4820 990 4884 eni
1013 4822 1096 4890 plura
1113 4821 1200 4888 votet,
1224 4836 1295 4890 opus
1317 4822 1444 4880 citatum
1464 4825 1501 4878 de

213 4903 402 4973 perpetuitate
421 4903 486 4958 fidei
503 4920 521 4958 a
539 4921 599 4975 eap.
621 4909 633 4957 1
653 4902 690 4957 ad
709 4909 739 4958 11
757 4903 806 4961 lib.
826 4912 842 4959 tr
859 4909 1014 4977 percurrat.
