3412 5664
339 334 402 401 886
778 346 807 397 s.
823 344 1032 394 normanna
1052 342 1169 391 1111111

212 515 324 582 (amru.)
337 505 484 569 tudinem
515 506 656 568 vestram
693 504 726 566 et
750 501 884 586 frater¹)
917 502 1028 564 noster
1060 497 1310 584 gloriosissimus
1338 496 1502 565 Vitalianus
1522 523 1561 587 per

337 606 509 671 Paulinum
531 605 634 669 vnum
657 603 824 668 sublimem
847 602 1046 667 defensorem
1068 604 1194 666 vestrae
1221 600 1375 666 ecclcsiae
1400 603 1562 687 1111111111),

338 713 371 774 11
392 731 451 773 nos
473 728 531 792 per
552 709 697 771 eumdem
719 706 903 791 significare
932 704 1129 788 curarimus,
1158 703 1215 768 illa
1241 703 1357 769 debere
1379 704 1565 771 beatitudiuem

337 814 479 875 vestram
510 809 678 894 perficere,
715 830 796 894 quae
828 829 941 891 pacem
974 809 1008 871 et
1039 806 1243 871 concordiam
1276 806 1398 871 sanetis
1433 808 1566 873 ccneedml

339 913 490 977 ecclesiis.
537 910 677 977 Subinde
699 913 826 994 tamen,
856 910 943 994 qui³)
973 909 1091 973 certius
1119 929 1310 993 responsum
1331 908 1380 973 ¹ad
1403 910 1568 975 sancitatem

339 1017 479 1078 vestram
501 1014 631 1096 referat,
656 1035 727 1076 cum
749 1013 865 1077 litteris
880 1011 1017 1096 piissimi
1031 1011 1135 1074 nostri
1150 1010 1354 1095 imperatoris
1370 1010 1568 1077 destinavimus.

339 1116 425 1181 Nam
457 1118 579 1201 quanta
611 1114 756 1199 quaestio
782 1115 817 1178 in
845 1113 991 1198 partibus
1022 1113 1143 1178 nostris
1171 1116 1242 1177 orta
1275 1116 1342 1197 est,
1377 1116 1571 1198 potestatium

340 1220 504 1282 antefatus
511 1218 537 1302 ⁴)
549 1217 597 1280 vir
610 1217 779 1301 religiosus
791 1216 940 1280 defensor
952 1216 1159 1280 sanctitatem
1173 1218 1315 1281 vestram
1327 1216 1488 1280 instrucre.
1506 1214 1571 1281 Unde

340 1320 495 1404 petimuS,
525 1323 577 1402 ut,
606 1319 633 1382 si
656 1321 705 1382 est
727 1317 894 1402 possibile,
919 1316 1084 1382 celerrimo
1107 1318 1181 1383 dato
1203 1340 1358 1401 responso
1379 1321 1414 1382 et
1437 1318 1573 1382 salutantis

340 1420 499 1505 religiosis
521 1418 699 1503 monachis,
722 1418 907 1484 Johannem
929 1422 963 1483 et
980 1419 1151 1484 Leontium
1174 1419 1215 1484 ad
1236 1441 1296 1484 nos
1319 1421 1496 1485 remittatis.
1524 1418 1573 1485 Nisi

341 1523 426 1587 enirn
448 1521 596 1606 precibus
618 1525 651 1586 et
673 1521 842 1606 diligentia
864 1525 971 1585 vestra
992 1523 1055 1586 ista
1078 1521 1222 1606 quaestio
1250 1522 1356 1587 soluta
1382 1522 1490 1606 fuerit,
1512 1544 1573 1586 rere

340 1647 427 1707 mur,
456 1645 497 1687 ne
519 1645 584 1688 uon
607 1623 708 1706 possit
730 1623 937 1688 ecelesiarum
963 1627 1148 1689 sanctarum
1175 1625 1274 1709 pax⁵)
1301 1625 1477 1708 provenire.
1512 1623 1574 1709 lngo

341 1728 570 1811 cognoscentes
577 1775 586 1808 ,
609 1725 684 1809 quia
706 1728 739 1789 ct
759 1746 881 1790 merces
904 1728 937 1789 et
958 1726 1135 1810 perieulum
1157 1725 1254 1810 hujus
1275 1727 1323 1791 rei
1345 1727 1436 1792 vobis
1456 1730 1572 1805 sertata,

340 1828 514 1911 diligenter
528 1830 676 1910 tractate,
700 1831 733 1891 et
753 1827 970 1892 firmissimum
989 1850 1177 1913 responsum
1193 1850 1250 1912 por
1266 1828 1428 1893 antefatos
1446 1828 1573 1913 religiosos

240 1916 246 1925 ’
340 1930 524 2012 monachos,
548 1929 575 1993 si
598 1933 647 1994 est
668 1929 830 2013 possibile,
855 1933 1028 2014 antequam
1050 1930 1178 2014 legatus
1197 1935 1310 1996 noster
1324 1931 1365 1995 ad
1380 1929 1572 1994 beatitudiuem

340 2035 480 2096 vestram
501 2032 679 2116 perveniat,
702 2030 795 2096 nobis
817 2030 987 2115 remittite3
1014 2031 1050 2097 in
1072 2032 1133 2097 hoe
1155 2033 1241 2097 enim
1267 2032 1335 2097 solo
1362 2034 1464 2098 omnis
1487 2030 1572 2117 penda

343 2133 493 2197 intentio.

842 2269 1024 2372 Epistola
1050 2271 1110 2354 90.

206 2407 291 2457 &⁵¹⁹
305 2401 331 2455 *¹-
538 2420 750 2490 Hormisdou
774 2438 884 2504 papac
906 2421 950 2487 ad
973 2422 1222 2489 lastinianum
1244 2424 1423 2491 1111111111.

219 2469 325 2539 uSept.

376 2562 519 2612 lilariacltaa
531 2562 641 2625 Sentias
658 2578 737 2626 usque
755 2563 791 2611 ad
807 2563 947 2625 lepntoman
964 2563 1097 2612 adveutum
1109 2563 1203 2613 Itomae
1221 2566 1368 2615 necessario
1384 2580 1480 2614 manere
1493 2564 1549 2627 rium
1576 2564 1618 2627 plll

491 2650 564 2710 ficut.
600 2647 781 2710 Apostolorum
798 2648 959 2706 sanctuaria,
978 2655 1005 2696 ut
1021 2651 1135 2712 petierat
1151 2649 1324 2708 lastinianus,
1342 2651 1489 2700 transmittit.

497 2777 708 2841 Hormisda
730 2778 963 2843 Justininno
985 2779 1070 2844 viro
1091 2779 1257 2845 illustri.

430 2885 456 2944 l.
491 2880 542 2943 lta
564 2880 825 2962 magnificentiae
848 2885 973 2946 vestrae
996 2883 1139 2945 ultimum
1156 2882 1266 2967 uigere
1289 2882 1571 2969 11011111111111111111Ι

343 3042 376 3088 89
415 3037 433 3101 ι)
450 3032 515 3086 Non
533 3033 681 3102 sangiune,
705 3035 737 3085 ut
753 3033 892 3087 Arnoldus
910 3033 994 3087 Wion
1016 3051 1166 3104 perperam
1189 3034 1340 3110 intellexit,
1367 3037 1416 3091 sed
1435 3040 1465 3091 nt
1479 3035 1573 3091 ainau

342 3119 510 3172 Alernannus
531 3116 605 3171 notis
629 3116 658 3170 in
680 3135 741 3187 cap.
761 3125 777 3172 6
798 3118 896 3172 histor.
920 3135 974 3172 arc.
998 3118 1128 3189 Procopii
1145 3119 1362 3189 interpretatur,
1384 3139 1418 3176 ea
1438 3119 1572 3176 fraternitate

343 3220 414 3271 quae
438 3197 651 3271 ἅδελφοπιστιά
669 3219 687 3255 a
704 3202 818 3256 Graecis
838 3207 964 3261 vocatur.
1005 3208 1070 3257 Nam
1092 3209 1246 3267 Vitalianus,
1271 3208 1303 3259 111
1323 3205 1428 3261 ibidem
1444 3206 1573 3259 Alemannis

342 3288 531 3358 prosequitur,
549 3291 580 3340 ob
599 3295 745 3355 affectatam
762 3291 806 3341 secla
818 3291 957 3342 Anastasio
977 3295 1136 3357 tyrannidem
1153 3294 1202 3343 aiot
1220 3298 1317 3358 tinem,
1335 3296 1457 3360 publicam
1472 3294 1575 3361 panderit

340 3380 428 3440 (illem,
452 3394 525 3442 quaram
541 3377 699 3426 Jaaatinianua
721 3379 817 3426 nantino
842 3378 961 3426 caesaria
983 3392 1033 3427 non
1050 3381 1130 3428 solum
1147 3380 1230 3437 aedit,
1253 3382 1303 3429 sed
1324 3382 1400 3430 etiam
1418 3396 1491 3446 saper
1504 3393 1575 3428 111111

342 3478 452 3510 strennuum
473 3463 525 3510 rita
544 3461 695 3510 Glaienania
711 3469 831 3512 consueto
854 3453 1083 3529 mentemmentdm,
1101 3464 1130 3513 ia
1146 3470 1185 3513 eal
1201 3465 1299 3529 jurata
1314 3472 1397 3515 mutuo
1415 3466 1524 3528 fratem
1534 3463 1576 3524 fiir.

348 3548 501 3597 Vitalianum
522 3546 572 3595 siti
591 3547 714 3597 devinxit.
750 3542 794 3595 Ad
811 3542 885 3595 hunc
902 3543 996 3596 autem
1014 3542 1099 3596 ritum
1117 3544 1254 3615 respicere
1272 3545 1357 3614 putat
1373 3545 1445 3600 idem
1461 3545 1499 3599 vir
1513 3541 1577 3597 erudi·

343 3630 387 3680 tus
404 3625 572 3695 Procopium
589 3626 652 3679 hist.
667 3644 724 3681 arc.
738 3644 799 3697 cap.
814 3632 837 3693 o,
857 3625 904 3680 ubi
922 3627 975 3681 ait:
993 3632 1153 3682 lastinianus
1168 3634 1323 3684 Vitalianum
1341 3634 1579 3701 tyrannuaacrea'ut

343 3723 369 3764 et
387 3720 428 3765 eui
442 3717 516 3779 priua
530 3716 606 3778 fidem
624 3705 674 3778 (uin
692 3732 707 3780 ρ
725 3714 776 3780 τῆς
795 3705 967 3781 ἀσφαλείας)
984 3733 1036 3767 rana
1052 3734 1107 3767 eum
1124 3734 1154 3769 eo
1171 3722 1298 3784 susceptis
1312 3720 1503 3771 &tudanum
1512 3726 1579 3782 11111·

343 3802 390 3851 riis
412 3802 532 3859 dederat,
554 3803 632 3864 paulo
653 3807 714 3863 post
734 3802 795 3851 dato
818 3802 958 3864 suspicioni
979 3809 1055 3867 atque
1072 3804 1208 3867 offensioni
1230 3806 1285 3856 laco
1309 3806 1375 3856 tunc
1391 3822 1444 3856 eum
1461 3802 1583 3857 1111111111·

344 3887 370 3934 in
387 3887 446 3934 aula
465 3885 539 3949 impie
557 3886 707 3949 trucidavit,
726 3885 788 3934 nitu
804 3887 900 3935 aeritur
914 3887 990 3948 fidem
1006 3887 1100 3949 fallere
1113 3895 1163 3937 tum
1174 3889 1373 3951 formidandam.
1401 3886 1443 3942 De
1454 3881 1586 3957 humaui

343 3965 520 4019 fraternitate
537 3964 620 4034 plura
637 3981 709 4034 quae
727 3965 755 4017 in
772 3966 840 4020 nota
857 3965 972 4020 laudata
990 3966 1163 4023 disseruntur
1180 3969 1292 4024 videsis.

411 4053 432 4117 ²)
451 4049 489 4104 Ut
505 4048 644 4118 pontificis
661 4048 773 4103 litterae
791 4049 828 4104 ad
845 4049 1017 4105 Vitalianum
1035 4055 1065 4106 et
1081 4052 1269 4109 Jmtinianum
1287 4073 1339 4126 per
1350 4057 1495 4112 Paulinum
1511 4055 1591 4111 minut

345 4136 426 4201 (conf.
447 4150 490 4204 ep.
505 4137 562 4201 13),
580 4134 621 4188 ita
638 4137 667 4189 et
684 4134 783 4189 horum
802 4152 936 4205 responsa
949 4135 1010 4205 jam
1028 4137 1229 4194 desiderantur.
1261 4140 1340 4196 Cenf.
1354 4144 1413 4197 not.
1426 4142 1505 4213 epist
1516 4142 1594 4197 liena

344 4237 399 4274 non
417 4220 536 4276 exstant.
554 4237 580 4272 n.
599 4218 651 4272 XX
668 4220 698 4274 et
714 4219 786 4273 XXI.

411 4306 432 4373 ³)
450 4302 503 4357 Hic
519 4303 668 4371 Eulogium
686 4305 900 4373 magistrianum
918 4323 951 4361 ac
967 4307 1094 4377 legatum
1106 4308 1224 4365 iudicari
1235 4309 1421 4383 intelligimus
1432 4315 1515 4381 (coni.
1526 4330 1565 4387 ep.
1574 4318 1600 4368 il

346 4392 376 4444 ⁰¹⁵
393 4396 434 4541 iii
451 4473 501 4528 Ed.
521 4481 655 4536 antelatus,
674 4476 704 4528 ot
714 4474 788 4530 infra
799 4482 925 4531 antelatos
937 4484 1079 4541 monaedes,
1094 4479 1274 4536 librariorum
1284 4483 1361 4539 male
1372 4484 1532 4557 legentium
1542 4486 1607 4541 vitiu

344 4559 370 4612 ls
389 4559 530 4627 defensor,
550 4558 584 4613 do
603 4573 658 4628 quo
676 4575 767 4614 sermo
785 4562 850 4615 anto
869 4562 980 4618 habitus
998 4564 1063 4631 fuit,
1082 4566 1126 4619 est
1142 4565 1282 4622 Paulinus.
1318 4568 1388 4626 Ideo
1406 4588 1478 4627 vero
1495 4572 1611 4629 tunim-

344 4661 396 4697 nus
414 4642 579 4713 Scytharum
597 4644 796 4699 monachorum
813 4663 926 4701 causam
944 4648 1023 4703 eitius
1041 4649 1166 4720 expediri
1183 4668 1257 4706 nunc
1272 4655 1398 4724 expetit,
1417 4657 1490 4728 quia
1499 4660 1616 4717 fluebat

344 4745 380 4781 ne
398 4727 421 4781 si
438 4728 586 4783 Hormisda
603 4728 711 4783 litteras
732 4747 783 4800 per
801 4731 949 4802 Eulogium
966 4733 1064 4790 missas
1081 4738 1147 4791 aute
1165 4735 1319 4807 reciperet,
1338 4756 1422 4797 secas
1440 4760 1529 4814 quum
1545 4744 1618 4801 uellet

345 4813 478 4867 cumillis
497 4816 635 4881 ageretur.
1522 4822 1531 4835 '

414 4901 435 4967 ³)
452 4899 485 4952 ln
503 4899 537 4953 G¹
557 4898 636 4955 deest
649 4921 716 4970 pun.
