3450 5678
710 341 904 394 arrsronan
927 334 955 394 3.
978 333 1009 393 4.
1431 329 1493 398 627

213 496 344 562 debere
364 498 492 563 mittere
514 496 689 580 flagitasti,
708 497 791 581 quod
813 497 937 562 nullum
960 520 1104 563 amarum
1126 520 1229 584 neque
1251 499 1342 565 dulce
1364 503 1494 566 noxium
1507 513 1624 584 (1491.)

213 597 447 683 videndum¹⁰)
470 597 593 682 refugit
616 601 658 662 11.
703 598 788 662 Nam
810 603 843 663 et
864 602 903 664 de
925 604 1035 665 nostro
1058 605 1217 665 conventu
1239 601 1495 686 disposueramus

218 699 380 784 quosdam
402 699 551 784 dirigere,
575 699 601 763 si
624 700 707 764 ratio
728 700 761 764 id
782 701 935 786 temporis
956 702 1026 766 fieri
1047 703 1260 786 permisisset:
1283 705 1366 788 quod
1388 705 1495 770 facere

220 801 385 866 oredimus
400 804 589 895 opportune,
613 824 710 886 quum
725 802 853 867 illarum
867 805 1009 887 partium
1031 804 1185 869 correctio
1208 805 1248 868 ad
1269 827 1338 888 nos,
1359 807 1495 890 juvante

223 902 380 986 Domino,
410 902 620 988 legationen)
643 904 844 988 plenissima,
879 905 963 970 sicut
991 906 1177 971 confidimus
1206 906 1305 970 fuerit
1332 906 1493 973 nuntiata.

224 1003 401 1089 Sperantes
424 1004 522 1068 etiam
550 1005 590 1069 de
611 1003 672 1070 Dei
699 1005 801 1070 nostri
828 1005 1063 1092 misericordia,
1096 1011 1134 1072 ut
1160 1007 1235 1072 huic
1263 1009 1496 1093 praedicationi

226 1110 356 1171 nostrae
377 1106 643 1171 clementissimus
671 1111 704 1171 et
725 1107 1018 1173 Christianissimus
1045 1110 1220 1194 imperator
1247 1110 1496 1195 unanimitatem

227 1229 317 1272 suam
340 1208 555 1292 auxiliumque
578 1208 772 1294 conjungat:
794 1213 953 1294 quatenus
975 1233 1033 1295 pro
1054 1211 1127 1296 fide,
1150 1233 1214 1295 qua
1235 1211 1345 1296 pollet,
1374 1212 1495 1277 inillis

227 1310 413 1395 regionibus
436 1311 640 1396 coerceat¹²),
664 1311 718 1395 qui
741 1312 806 1375 suis
828 1312 1078 1396 quaestiunculis
1101 1315 1135 1376 et
1149 1314 1322 1377 secundum
1337 1313 1496 1378 elementa

227 1413 349 1496 mundi,
372 1413 455 1477 sicut
477 1434 532 1476 vas
555 1411 719 1477 electionis
742 1415 818 1476 ante
835 1413 1004 1498 praedixit,
1029 1414 1190 1499 superflua
1205 1437 1351 1501 vanaque
1367 1416 1495 1481 concin-

226 1517 319 1597 nant,
343 1514 490 1579 nolentes
513 1515 670 1578 oontincri
698 1513 892 1580 salutaribus
919 1515 1108 1600 disciplinis.
1153 1521 1218 1581 Sed
1243 1539 1309 1596 cos,
1339 1519 1424 1583 sicut
1451 1518 1645 1598 aitliph.4,ao.

226 1615 311 1681 idem
333 1617 513 1700 apostolus,
542 1638 603 1681 non
625 1623 668 1681 iia
690 1622 837 1682 didicistis
859 1623 1022 1696 Christum,
1052 1618 1080 1682 si
1106 1621 1217 1683 tamen
1244 1618 1334 1683 illum
1362 1618 1495 1684 audistis

227 1721 260 1782 et
280 1718 316 1781 in
338 1717 395 1781 illo
418 1718 503 1783 docti
525 1718 618 1803 estis,
648 1719 731 1783 sicut
752 1722 802 1783 eat
823 1719 940 1784 veritas
962 1720 998 1784 in
1019 1720 1148 1804 Jesum,
1179 1743 1275 1806 quam
1302 1722 1413 1807 utique
1439 1718 1495 1786 ille

229 1818 467 1905 apprehendere
489 1819 624 1905 poterit,
652 1820 707 1904 qui
733 1819 980 1886 orthodoxorrun
1007 1825 1152 1907 patrum,
1190 1822 1274 1887 sicut
1302 1822 1372 1906 jam
1399 1844 1495 1908 saepe
1555 1846 1556 1849 ¹

229 1922 349 1986 dictum
382 1926 445 2005 eat,
479 1911 695 1987 observaverit
725 1922 885 1988 instituta.
941 1922 1027 1989 Deus
1055 1927 1087 1989 te
1114 1924 1296 1990 incolumen
1324 1925 1493 2010 custodiat,
1593 1935 1597 1943 '

229 2023 330 2089 frater
352 2024 529 2089 carissime!

686 2280 692 2297 ι
742 2229 924 2332 Epistola
948 2231 983 2313 4.
1508 2277 1544 2342 (a.
1555 2279 1624 2344 11.)

409 2379 590 2448 Anastasii
613 2381 653 2446 ΙΙ
676 2399 786 2465 papae
809 2382 854 2447 ad
878 2382 1081 2448 Ursicinum
1105 2383 1321 2465 fragmenta.

317 2537 345 2599 1.
446 2533 531 2599 Nam
553 2534 748 2620 principium
770 2535 856 2600 Deus
879 2535 1022 2600 Verbum
1043 2535 1102 2600 has
1123 2539 1251 2600 nostrae
1273 2539 1409 2600 naturae
1431 2537 1494 2621 pri-

229 2637 337 2721 mitias
359 2658 417 2721 per
438 2636 571 2701 multam
594 2637 654 2700 sibi
677 2638 853 2701 bonitatem
876 2638 967 2702 unire
990 2636 1216 2722 dignatusest,
1240 2637 1315 2721 quia
1337 2659 1403 2701 non
1424 2660 1494 2722 per-

229 2740 365 2821 mixtus,
403 2739 515 2803 sedin
536 2738 679 2822 utrisque
701 2739 890 2803 substantiis
917 2761 999 2802 unus
1027 2741 1059 2802 et
1088 2739 1157 2823 ipse
1184 2739 1286 2820 visus,
1321 2739 1494 2802 secundum

229 2841 313 2927 quod
335 2842 490 2924 scriptum
512 2843 575 2904 est:
598 2845 709 2905 Solvite
729 2848 869 2920 templum
884 2847 976 2918 istud,
997 2852 1026 2903 ct
1041 2848 1071 2905 in
1086 2846 1182 2905 tribus
1196 2845 1299 2905 dicbus
1313 2846 1643 2915 resuscitaoosohasa.

228 2949 319 3009 illud.
370 2941 511 3007 Solvitur
543 2942 629 3006 enim
661 2941 806 3007 Christus
837 2941 931 3006 lesus
960 2942 1133 3007 secundum
1165 2963 1236 3005 eam
1268 2941 1493 3024 substantiam,

228 3067 327 3131 quam
349 3045 499 3129 suscepit,
523 3048 556 3108 11
577 3043 715 3108 solutum
737 3043 872 3108 suscitat
893 3044 1056 3128 proprium
1078 3044 1242 3128 templum.

525 3220 641 3280 Iterum
661 3218 819 3280 1111111111
839 3234 938 3295 papae
961 3219 1001 3279 ad
1022 3218 1218 3289 Ursicinum..
1304 3251 1309 3260 -

315 3335 347 3399 2.
381 3333 577 3399 Confitemur
598 3355 685 3418 ergo,
709 3333 882 3397 Dominum
903 3335 1047 3396 nostrum
1068 3331 1180 3411 Jesum
1195 3330 1358 3397 Christum
1378 3331 1495 3396 Filium

225 3439 290 3505 Dei
314 3421 527 3521 unigenitum*
541 3439 617 3500 ante
638 3435 746 3499 omnia
768 3434 896 3520 quidem
917 3434 1045 3499 saecula
1067 3435 1136 3498 sine
1158 3434 1317 3519 principio
1339 3455 1378 3497 ex
1397 3433 1494 3498 Patre

226 3546 345 3608 natum
367 3541 540 3603 secundum
562 3538 729 3621 deitatem,
763 3536 944 3601 novissimis
966 3539 1073 3600 autem
1100 3536 1211 3600 diebus
1233 3536 1271 3600 de
1300 3538 1412 3601 sancta
1433 3535 1495 3599 vir·

226 3645 307 3730 gine
331 3642 435 3706 Maria
463 3641 606 3705 eumdem
633 3640 836 3703 incarnatum
867 3642 902 3703 et
926 3639 1105 3723 perfectum
1132 3637 1293 3702 hominem
1321 3639 1361 3701 ex'
1387 3637 1495 3701 anima

227 3743 383 3810 rationali
405 3747 438 3807 et
460 3742 599 3826 corporis
621 3742 837 3825 susceptione,
867 3740 1054 3806 homousion
1075 3739 1165 3804 Patri
1191 3738 1366 3804 secundum
1395 3739 1495 3803 deita-

226 3853 314 3931 tem,
349 3849 384 3909 et
410 3844 596 3908 homousion
625 3842 717 3906 nobis
744 3842 917 3909 secundum
945 3842 1188 3905 humanitatem.
1239 3839 1383 3905 Duarum
1411 3843 1496 3906 enim

228 3954 422 4016 naturarum
443 3947 659 4031 perfectarum
685 3945 793 4009 unitas
815 3945 904 4008 facta
926 3947 975 4008 est
1000 3942 1220 4026 ineffabiliter,
1256 3947 1386 4027 propter
1412 3943 1497 4027 quod

302 4207 335 4273 ¹⁰)
354 4203 387 4259 (1Ι
408 4208 525 4271 refugite,
545 4199 619 4289 quod
637 4199 811 4255 correximus.
848 4197 982 4253 Batonius
1000 4196 1037 4252 ad
1054 4202 1180 4251 111492
1201 4195 1346 4251 substituit
1362 4201 1448 4250 bitere
1465 4217 1496 4250 nc

225 4296 359 4359 resistite:
381 4306 416 4344 ex
433 4305 487 4355 qno
504 4286 533 4339 id
552 4284 623 4339 effici
640 4285 758 4351 videtur,
777 4286 808 4337 ut
816 4283 975 4338 Anastasius
994 4289 1096 4336 noxium
1113 4286 1185 4335 disice
1203 4281 1354 4335 bibendum
1371 4281 1495 4335 suadeat.

225 4375 325 4447 Magis
342 4375 468 4445 placeret
490 4375 620 4425 bibendam
642 4382 667 4423 te
689 4376 829 4437 consopit.
866 4368 972 4422 Alludit
995 4367 1098 4437 quippe
1115 4366 1277 4421 Anastasius
1301 4366 1338 4421 ad
1354 4364 1496 4419 Laurentii

225 4461 334 4526 verba,
352 4459 452 4528 quibus
471 4462 616 4511 medicinam
633 4455 675 4507 his
693 4454 853 4523 regionibus
864 4452 1076 4507 ministrandam
1087 4451 1241 4520 flagitarat;
1260 4468 1293 4505 ac
1311 4451 1381 4504 forte
1400 4450 1496 4503 auctor

221 4547 287 4618 ipsi
304 4546 405 4610 iuerat,
424 4545 456 4597 ut
472 4542 509 4596 ab
526 4539 711 4611 asperioribus
728 4538 819 4593 verbis
837 4539 1014 4608 temperaret.

304 4633 335 4698 ¹¹)
353 4627 493 4697 augurari
510 4627 574 4680 hinc
592 4625 664 4690 licet,
682 4625 861 4679 Laurentium
879 4624 907 4676 in
920 4622 1039 4693 epistola
1049 4638 1100 4676 sua
1112 4621 1146 4677 de
1158 4620 1306 4690 legatione,
1319 4635 1402 4688 quam
1413 4618 1497 4672 Thes·

226 4713 414 4772 aalouioeusis
432 4712 547 4767 antistes
565 4713 625 4764 tum
642 4711 774 4779 parabat,
799 4725 937 4777 quamque
960 4707 1038 4762 brevi
1056 4709 1154 4777 postea
1172 4704 1338 4761 destinatam
1357 4719 1415 4758 esse
1433 4718 1497 4756 mox

222 4800 320 4858 visuri
339 4816 441 4865 sumus,
459 4796 585 4851 nonnihil
602 4794 778 4864 significasse.

304 4888 337 4954 ¹¹)
355 4883 410 4938 Seu
427 4904 471 4938 sos
489 4894 614 4941 coerceat,
634 4888 677 4951 qui
693 4887 745 4934 ssia·
817 4885 976 4934 coucimmai.
1012 4876 1087 4932 Editi
1105 4883 1164 4947 quin
1236 4879 1377 4929 concinant.

1282 4966 1322 5000 An
1329 4959 1346 4998 ²3
