3412 5664
594 321 854 370 mmmn
1296 308 1356 373 ff

90 478 181 542 sione
202 477 288 541 ferre
310 474 519 556 seutentiam3
547 477 730 539 esttamen
758 478 903 539 nostrum
932 475 970 539 de
999 475 1128 560 propria
1160 476 1262 539 salute
1290 499 1357 541 esse
1398 546 1450 600 t'or

10 666 18 681 ι
90 579 246 644 sollicitos
268 578 418 663 quoniam
440 578 658 689 unusquisque
679 599 737 661 pro
760 600 794 641 se
816 577 973 641 rationem
1002 577 1107 642 reddit
1093 581 1184 642 turus
1212 581 1261 642 est
1284 546 1457 673 11111555·

90 681 172 746 illud
193 679 337 746 tribunal
356 679 475 763 judicis
499 683 531 775 et
553 678 639 763 regis
662 679 828 760 aetsini,'
820 700 854 742 in
877 700 938 762 quo
961 679 1058 743 etiam
1080 679 1118 743 de
1140 680 1237 745 verbo
1259 680 1469 802 ouosouaulr

90 783 287 867 minimoque
309 782 487 866 quadrante
509 803 616 844 sumus
639 784 821 845 nostrorum
843 781 1002 845 rationem
1017 784 1146 845 actuum
1161 755 1408 866 praestituri.lu
1372 755 1439 881 5553
1440 758 1480 870 ir..

90 884 235 950 Undeet
220 886 406 998 toptamuS‚
431 881 665 967 qualiacunque
688 886 720 945 et
741 886 988 969 quantacunque
1011 905 1107 967 super
1128 905 1186 947 nos
1207 884 1358 968 importa-

89 986 206 1052 verit
195 986 355 1066 mimicus,
379 983 517 1069 tolerare
539 984 756 1048 discrimina
747 1007 782 1048 m
805 984 933 1048 saeculo
954 986 1132 1069 praesenti,
1161 988 1290 1050 tantum
1317 1008 1358 1050 ne

89 1110 205 1152 causas
227 1088 427 1152 incurramus
450 1086 562 1150 mortis
586 1090 745 1151 aeternae.

176 1187 1356 1276 rfflfflmmhmmmfflmwmmfflfflm

87 1291 281 1377 praesertim
303 1291 341 1355 de
362 1290 537 1355 homine*
541 1291 911 1375 perspicacissimo,
940 1291 995 1375 qui
1017 1313 1074 1375 per
1100 1292 1238 1376 triginta
1247 1293 1273 1376 ⁵)
1302 1316 1358 1357 an-
1370 1277 1509 1399 0515ξὲΞὲ

85 1415 150 1458 noa
171 1393 313 1458 famosus
336 1396 538 1478 expugnator
565 1392 672 1456 fuerat
693 1394 849 1476 veritatis,
873 1394 957 1478 quod
979 1394 1179 1478 poeniteatis
1208 1397 1280 1458 aeta
1308 1416 1357 1459 su·
1504 1391 1509 1400 '

85 1499 220 1579 sceptus
241 1496 285 1560 sit
307 1495 341 1558 in
363 1493 519 1559 Ecclesia.
564 1493 738 1578 Nunquam
765 1495 865 1579 igitur
886 1518 944 1580 per
972 1496 1110 1581 triginta
1133 1517 1235 1560 annos
1263 1518 1358 1581 agere

85 1598 198 1683 poturit
218 1596 461 1681 poeniteutiam,
484 1595 548 1660 nisi
564 1599 643 1661 tune
657 1618 756 1679 quum
771 1598 975 1682 episcopatus
998 1620 1105 1661 amore
1127 1601 1160 1661 et
1175 1599 1359 1663 ambitionis

83 1699 202 1763 ardore
225 1697 394 1763 fervebat?
438 1698 465 1763 0
489 1720 557 1762 rem
584 1702 727 1762 monstro
756 1699 963 1784 simillimam,
993 1703 1068 1763 ante
1096 1698 1187 1764 illum
1215 1701 1358 1784 potuisse

83 1800 196 1866 laeum
218 1823 310 1865 suuni
332 1800 500 1866 sacerdotii
523 1800 679 1883 obtinere,
704 1823 800 1886 quam
822 1805 931 1884 posset
952 1801 1003 1866 vel
1025 1802 1115 1866 brevi
1136 1823 1195 1887 pro
1217 1804 1285 1866 tam
1302 1803 1359 1866 im·

84 1903 181 1968 mani
203 1903 337 1967 erimine
359 1902 528 1986 poenitens
550 1902 667 1967 videri!
698 1910 762 1967 Sed
781 1911 868 1969 soluit
891 1910 989 1982 illum,
1020 1904 1143 1988 inquit,
1178 1911 1360 1969 auctoritate

82 2028 145 2072 suu
166 2013 255 2086 prius
270 2011 410 2082 floreius,
434 2016 462 2068 et
475 2013 520 2069 sie
534 2013 674 2085 suscepit.
700 2004 833 2069 Utinam
849 2006 989 2089 seipsum
1005 2005 1202 2070 miserrimus
1217 2005 1360 2070 omnium

82 2130 261 2193 secumque
275 2106 525 2192 quamplurimos
552 2130 617 2171 non
641 2110 791 2171 aeternae
819 2108 930 2171 mortis
960 2108 1165 2191 compedibus
1194 2107 1358 2193 alligaret!

82 2209 149 2287 Qui
166 2232 265 2294 quum
278 2208 505 2293 superbissimo
519 2209 693 2293 praeflatus
709 2211 824 2291 spiritu
839 2210 1025 2295 thronuml')
1048 2208 1240 2274 humilitatis
1263 2210 1360 2274 altius

80 2312 203 2379 efferre
226 2315 360 2376 conatur
381 2334 478 2396 quarn
499 2312 616 2395 decuit,
640 2315 673 2375 et
694 2311 1009 2396 praesumptionibus
1030 2312 1096 2374 suis
1119 2311 1241 2375 aditum
1262 2311 1360 2376 unde-

79 2413 1359 2499 rmmmwfflssmwmfflmmmmmmmmmm

77 2514 201 2583 labilia
223 2519 345 2580 statuta
366 2519 567 2580 sanctorum:
591 2538 662 2580 euin
685 2516 765 2599 ipso,
789 2538 885 2600 quem
905 2517 1051 2581 imitatus
1074 2519 1133 2598 est,
1158 2519 1287 2581 auctore
1309 2538 1360 2579 su-

74 2617 222 2705 perbiae
242 2617 277 2682 iu
300 2618 581 2701 profundissimam
604 2619 730 2682 ruinam
753 2619 906 2700 ‹le-iectus,
936 2619 968 2680 id
991 2618 1161 2702 dereliquit
1182 2617 1357 2699 Ecclesiae,

74 2721 175 2787 unde
201 2718 353 2805 lugerent
378 2720 506 2804 pacifici
532 2719 703 2804 fidelesque
732 2723 764 2784 et
792 2720 928 2785 humiles
960 2719 1084 2784 tlerent.
1130 2719 1162 2783 Si
1193 2720 1279 2784 enim
1305 2719 1360 2783 ille

72 2822 219 2889 modum
240 2825 419 2906 temperata
435 2824 596 2906 potestate
611 2825 779 2904 servasset,
803 2845 863 2885 nce
885 2822 1018 2886 Petrum
1039 2821 1247 2904 haereticum,
1272 2820 1359 2884 nullo

31 2938 36 2949 “
70 2920 233 3012 regulari
253 2923 365 2988 ordina
388 2924 579 3006 absolutum,
604 2946 661 3008 pro
684 2925 753 3003 cius
776 2924 885 2988 audaci
910 2923 1091 2987 temeritate
1120 2923 1153 2987 in
1182 2945 1240 2986 sua
1263 2923 1359 2987 socic-

71 3032 157 3095 tate
180 3024 276 3089 hodie
299 3024 446 3090 Ecclesia
474 3026 651 3110 suspiraret
680 3029 890 3109 assumptum,
913 3048 974 3090 uec
997 3025 1152 3107 caritatis,
1186 3046 1267 3108 quae
1294 3045 1359 3088 om·

66 3131 180 3199 nium
201 3127 357 3192 virtutum
379 3130 430 3192 est
450 3128 616 3213 perfectio,
641 3131 674 3192 et
696 3129 765 3192 sine
787 3151 850 3212 qua
866 3128 1040 3193 seeundum
1056 3126 1258 3211 apostolum
1249 3126 1361 3191 mania
1395 3116 1476 3171 icor.

68 3179 1497 3314 memmmmmmfflmmmmmmmffm⁸m

68 3356 145 3401 nec-
172 3332 347 3396 mordendo
370 3332 506 3395 invicem
530 3335 793 3395 coiisumercntur
816 3333 962 3395 invicem.

155 3610 176 3674 ἴ»)
197 3606 241 3660 Ab
264 3621 336 3660 auno
358 3613 421 3671 453,
443 3622 498 3674 quo
521 3604 663 3659 l'rotcrius
684 3604 871 3660 Alexandriae
893 3603 1067 3661 renuntiatus
1090 3605 1132 3659 est
1155 3603 1313 3674 episeopus,
1337 3602 1360 3657 is

65 3694 189 3751 Petrus
208 3690 300 3746 adhue
316 3689 448 3745 diaconm
467 3706 602 3744 unacum
620 3689 768 3744 'limotheo
786 3689 887 3743 Aeluro
908 3693 974 3744 tune
995 3691 1160 3760 presbytero
1178 3706 1238 3744 sese
1257 3689 1293 3743 ab
1311 3688 1360 3743 Ee·

66 3777 174 3837 etesia
191 3791 338 3845 separasse
355 3776 384 3829 in
402 3775 506 3830 Gelasii
523 3776 603 3830 tract.
618 3777 630 3829 l
647 3783 705 3830 nb
723 3774 831 3828 dicitur.
863 3777 943 3829 Anno
961 3777 1056 3830 autam
1067 3781 1116 3828 467
1137 3773 1229 3829 caedis
1242 3773 1361 3828 Proterii

65 3868 104 3920 et
123 3860 305 3917 tumultuum
321 3860 351 3914 in
363 3860 550 3915 Alexandrina
567 3859 684 3915 eeclesia
700 3859 883 3914 excitatorum
902 3877 958 3915 non
974 3860 1084 3915 infimus
1102 3862 1182 3915 actor
1199 3858 1259 3913 fuit.
1289 3858 1360 3924 Quo·

65 3950 163 4005 «eirea
180 3944 269 4000 etiam
284 3947 351 4001 ante
368 3963 456 4001 annos
478 3945 597 4017 triginta
618 3945 654 3999 ab
673 3962 707 4000 eo
727 3947 866 4013 temporo,
889 3962 943 4011 quo
966 3944 1042 3999 istud
1064 3943 1206 3998 scribebat
1223 3943 1358 4011 Gelasius,

67 4029 218 4089 veritatis
233 4029 413 4101 impugnator
431 4030 545 4086 exstitit.

153 4119 178 4184 ⁸)
196 4114 390 4186 Episcopalem
408 4132 602 4186 quamcunque
616 4115 709 4171 sedern
735 4122 848 4170 tironum
871 4121 1014 4170 1111111111ιί1
1031 4113 1188 4184 intelligere
1206 4132 1359 4184 possumus,

69 4204 154 4274 quia
173 4202 280 4269 quanto
297 4201 359 4272 quis
377 4199 519 4256 extollitur
536 4200 631 4269 altius,
648 4202 729 4255 tanto
748 4217 811 4254 eum
828 4200 959 4254 humilius
977 4199 1124 4254 demittere
1143 4217 1173 4254 se
1186 4200 1273 4254 decet.
1304 4198 1360 4253 Sed

69 4289 115 4345 ad
142 4285 272 4341 litteram
293 4290 392 4341 notare
409 4285 519 4341 ridetur
538 4285 662 4340 Gelasius
680 4283 1018 4356 Constantinopolitanum
1041 4285 1174 4339 thronum
1191 4287 1223 4338 ut
1246 4289 1359 4338 tironum

70 4380 214 4433 mirra,
232 4371 280 4439 qui
292 4370 462 4427 Heracliensi
479 4370 681 4439 subjiciebatur
696 4370 851 4441 metropoli.
880 4370 961 4424 Unde
979 4372 1008 4426 et
1024 4371 1061 4425 ab
1079 4370 1139 4440 ipso
1158 4369 1237 4440 epist.
1252 4375 1285 4422 ‘26
1302 4374 1359 4422 114

73 4462 269 4516 Heracliensis
285 4464 408 4511 ecelesiae
424 4462 546 4525 paroecia
564 4459 747 4525 nuncupatur.
774 4455 936 4511 Ambitione
954 4455 1049 4511 01111111
1061 4455 1150 4510 elatis
1163 4454 1279 4509 Aeacius
1297 4455 1358 4507 ant·

72 4540 236 4612 euqdicis
252 4540 377 4597 Basilisci
388 4541 488 4596 litteris
506 4541 591 4611 (apud
611 4539 761 4609 livagrium
778 4540 805 4593 h.
819 4557 842 4594 e.
856 4541 904 4607 111,
922 4545 948 4608 ’1)
966 4538 1050 4595 inseri
1069 4541 1227 4594 curaverat:
1252 4544 1357 4593 Prouin-

74 4636 140 4685 ein
166 4647 279 4697 quoque,
301 4648 406 4698 querum
428 4633 617 4682 ordinationem
639 4633 714 4680 sedes
736 4630 813 4693 1111101
835 4632 967 4695 reptaret
986 4628 1204 4694 Ι0101101011111111
1226 4628 1358 4686 liubuerui,

74 4718 299 4771 modoino
317 4733 349 4767 ee
364 4718 523 4768 sanctuario
545 4716 711 4780 patriorctoe
734 4722 759 4764 ei
781 4716 975 4781 archiepiscopo
998 4715 1094 4765 Acoeio
1116 4716 1218 4764 restitui
1232 4711 1359 4774 jubemur.

76 4804 181 4869 Atque
199 4797 346 4853 ambitioni
363 4814 430 4851 suae
448 4798 588 4852 Romanos
605 4795 748 4865 praesules
764 4795 936 4851 intercedere
954 4815 1009 4851 uon
1028 4796 1161 4849 desistere
1179 4792 1359 4863 iiirpatienter

77 4884 207 4940 terebat.
