3450 5678
616 115 817 165 rasoribus
841 118 887 163 rv.
1324 105 1385 170 561

116 271 240 335 erranti
262 271 349 334 enim
371 271 515 354 praefixa
536 273 692 353 perpetua
715 274 764 333 est
786 274 818 333 et
834 273 988 354 perpetuo
1004 270 1199 356 constringit
1214 278 1385 357 errantem,
1415 309 1416 312 ¹

112 394 181 437 non
205 375 367 436 errantem
389 393 453 436 non
478 376 584 456 potest
601 373 671 455 jam
693 376 814 437 tenere.
860 372 910 437 Sit
932 373 1054 437 erranti
1077 373 1164 437 dieta
1186 375 1255 439 fore
1277 398 1387 460 perpe-

110 479 182 556 tua,
207 475 251 538 sit
273 475 395 539 erranti
424 474 509 538 dieta
537 498 701 560 nunquam
728 497 796 540 esse
819 474 985 540 solvenda:
1013 479 1124 539 manet
1150 479 1281 542 omnino
1308 480 1387 566 et²⁴)

110 600 199 661 vere,
225 582 409 662 certumque
433 582 492 660 est,
516 578 599 662 quod
627 579 660 642 in
685 600 721 643 ea
744 578 920 662 praefixum
944 582 1008 661 est,
1042 601 1102 642 nea
1124 583 1232 662 potest
1258 603 1388 664 prorsus

108 679 256 764 absolvi,
287 680 438 764 quamdin
466 681 611 744 manenti
645 681 786 765 praefixa
819 681 952 744 (labetur
985 681 1116 745 erranti.
1163 681 1237 746 Non
1267 685 1388 748 erranti

103 786 224 847 antem
252 805 312 847 nee
335 805 439 866 poena
461 787 669 867 potestesse,
693 806 775 868 quae
798 805 864 847 non
888 786 1009 848 erranti
1032 805 1097 847 non
1115 784 1249 848 debetur
1264 786 1386 850 inferri.

97 884 183 950 Nee
207 889 351 949 mutatur
373 885 428 948 illa
451 886 582 949 omnino
605 909 664 950 nee
688 887 879 971 solviturb),
914 909 994 971 quae
1018 886 1151 951 debetur
1173 888 1303 951 erranti.
1349 888 1387 952 In

93 1010 170 1051 sno
194 1009 271 1073 ergo
293 990 405 1052 tenore
429 988 484 1052 illa
506 990 648 1073 praefixa
672 993 736 1072 est,
772 989 805 1052 in
839 1011 896 1053 sno
920 989 992 1071 jure
1024 1012 1091 1053 non
1124 991 1230 1072 potest
1257 991 1388 1054 omnino

96 1090 247 1174 resolvi3
277 1091 311 1154 in
334 1114 400 1155 non
423 1114 479 1155 suo
502 1096 613 1156 tenore
641 1114 722 1176 qnae
746 1113 903 1155 essenon
927 1095 1048 1175 potest,
1074 1092 1143 1175 jam
1166 1093 1297 1156 doeetur
1320 1115 1388 1157 esse

92 1196 262 1276 vacuata,
297 1197 330 1257 et
359 1195 413 1276 jus
446 1195 513 1258 illie
539 1195 670 1279 penitus
699 1218 764 1259 non
792 1193 927 1277 habere,
962 1196 1016 1258 nbi
1052 1217 1180 1260 eausam
1202 1195 1389 1260 nonhabet

87 1295 301 1360 exsistendi.

199 1399 232 1462 4.
255 1397 375 1463 Plenae
399 1403 475 1463 sunt
496 1403 628 1464 sanetae
652 1399 836 1483 Scripturas
859 1399 917 1462 tali
941 1399 1045 1461 forma
1064 1399 1223 1481 justItiae.
1247 1399 1388 1466 Dicitur:

90 1507 248 1565 Pereunt
257 1512 434 1582 peccatores
448 1524 467 1564 α
480 1514 573 1580 terre,
589 1509 631 1566 ita
647 1513 680 1567 nt
692 1525 750 1567 non
767 1510 842 1567 sint·
859 1501 937 1587 new)
954 1523 1013 1565 noa
1030 1508 1089 1565 siut
1103 1513 1338 1581 peccatores,
1358 1515 1390 1567 ut
1401 1472 1503 1606 ξξζιξῖ,

78 1609 263 1668 desistunt
285 1627 348 1668 esse
365 1617 552 1685 peccatores,
577 1613 607 1667 iu
630 1611 688 1669 hoe
704 1617 884 1685 pereant,
911 1617 942 1668 nt
958 1626 1021 1668 esse
1036 1608 1179 1680 deficiam
1198 1616 1385 1684 peccatores.

80 1705 265 1773 (leternm
287 1707 314 1770 si
336 1728 466 1790 prorsus
495 1710 678 1790 peccatores
711 1707 885 1770 seeundum
914 1705 1090 1790 prophetae
1118 1708 1314 1789 sententiam
1339 1692 1388 1772 us-

74 1830 304 1893 squequaque
327 1809 521 1893 deperirent,
551 1810 635 1894 utll)
659 1810 917 1874 substantialiter
945 1831 1011 1873 non
1034 1809 1217 1873 subessent:
1250 1811 1304 1895 qui
1326 1812 1388 1875 sal-

71 1909 183 1975 vari
211 1911 394 1994 potuissent
423 1910 676 1996 altedemptore
699 1915 826 1994 nostro,
863 1911 917 1996 qui
946 1918 1026 1975 venit
1055 1933 1115 1976 non
1137 1917 1238 1990 justos
1265 1911 1539 1991 voeare,l¹110·5‚3·2·

61 2019 168 2078 sed
184 2026 379 2097 peecatorem
415 2015 463 2078 vel
486 2015 524 2077 de
547 2014 660 2098 quibus
684 2014 762 2079 dicit
785 2014 962 2099 apostolus:
995 2019 1130 2079 Christus
1153 2022 1232 2079 venit
1253 2021 1285 2079 ia
1308 1997 1494 2131 lrurre¹le15¹5n

58 2122 259 2182 nundum
276 2128 455 2197 peccatores
476 2123 576 2181 salros
594 2121 714 2194 seuere,
745 2139 872 2197 pirorum
890 2123 1190 2199 praemoneam
1221 2121 1268 2180 et:
1295 2122 1387 2192 (larem
1398 2151 1537 2217 nomas

47 2230 294 2302 peccatores
315 2241 451 2297 essemus,
477 2226 555 2283 misit
577 2226 657 2285 Deus
679 2227 789 2284 Filium
812 2242 908 2300 sarum,
932 2222 965 2282 et
981 2223 1086 2282 eetera
1101 2218 1305 2303 hujusmodi?
1326 2219 1389 2284 Hie

55 2342 227 2387 revera
249 2320 376 2404 plurimi
401 2323 499 2386 etiam
522 2322 777 2386 substantialiter
793 2323 959 2406 perierunt
974 2325 1169 2405 peccatores
1193 2323 1387 2405 inpeccatis

53 2424 180 2492 suis
203 2425 314 2507 ntique
337 2427 573 2508 permanentes
604 2447 740 2508 veraque
769 2425 801 2487 in
832 2424 877 2487 eis
901 2425 1062 2487 sententia
1090 2423 1175 2487 dieta
1197 2425 1386 2508 permansit,

52 2547 343 2611 nunquamque
365 2527 504 2591 resoluta
533 2531 595 2610 est3
626 2529 658 2591 et
680 2530 788 2591 tamen
813 2527 922 2590 eadem
945 2526 979 2588 in
1001 2524 1130 2607 talibus,
1161 2526 1275 2610 quibus
1297 2548 1387 2608 prae-

58 2628 180 2699 fixa
204 2630 264 2711 est,
294 2632 504 2712 permanente
536 2633 700 2714 perpetua,
736 2629 873 2714 quadam
906 2650 1024 2712 genere
1046 2627 1169 2690 faetnm
1202 2631 1260 2710 est,
1296 2631 1332 2690 nt
1353 2629 1385 2691 in

51 2729 238 2801 talibus
266 2752 332 2794 non
362 2752 585 2816 usquequaque
607 2732 829 2814 manentibus,
861 2731 893 2794 id
922 2733 971 2793 est
998 2729 1032 2792 in
1058 2721 1199 2812 petentis
1228 2729 1292 2791 suis
1322 2752 1385 2792 non

58 2854 343 2917 usquequaque
358 2833 559 2918 durantibus
577 2835 738 2898 sententia
756 2837 866 2896 tamen
882 2832 1024 2917 praefixa
1039 2831 1157 2894 talibus
1172 2833 1386 2915 permaneret.

52 2930 202 3011 fflam
225 2935 332 3021 etsi28)
351 2949 495 3016 pereunt,
526 2938 580 3001 sed
608 2959 670 3000 esse
687 2949 881 3016 peccatores,
914 2938 950 2998 nt
977 2934 1097 2997 dietum
1127 2937 1190 2998 est:
1228 2956 1293 2997 non
1316 2955 1387 3016 poe-

66 3062 134 3111 11
148 3034 247 3121 aliter,
272 3037 327 3102 sed
351 3039 564 3102 remedialiter
594 3039 730 3122 quaram
760 3041 792 3101 et
814 3037 875 3121 ipsi
898 3058 1016 3121 garrera
1039 3037 1222 3120 perierunt,
1251 3035 1388 3118 quodam

55 3156 235 3229 genere
258 3143 291 3203 et
313 3141 345 3203 in
369 3141 448 3225 ipsis
471 3142 591 3205 mansit
612 3142 754 3224 praelixa
783 3139 954 3220 sententia,
985 3138 1086 3201 donee
1114 3159 1306 3222 permanens
1335 3158 1387 3199 eos

58 3236 155 3308 es
151 3237 259 3307 ficeret
280 3265 346 3307 non
370 3266 438 3308 esse
466 3245 707 3328 peecator·es²⁰).
753 3242 919 3325 Completa
947 3244 996 3304 est
1018 3245 1051 3304 et
1078 3241 1112 3303 in
1141 3241 1186 3303 eis
1214 3239 1386 3321 sententia,

59 3345 224 3432 116030)
248 3368 310 3430 quo
333 3348 444 3409 tenore
465 3350 596 3430 peraeto
617 3367 809 3430 permanens
837 3345 893 3408 illa
916 3343 1077 3407 sententia
1094 3348 1293 3422 pereuntibus
1314 3362 1386 3424 pee-

247 3501 408 3508 --——-..---

174 3590 216 3659 ²⁴)
235 3588 262 3642 (11
277 3588 306 3641 (1²
325 3598 349 3640 el
372 3606 455 3640 oerum
473 3598 615 3654 cernuaqne
638 3597 689 3652 est,
714 3591 782 3655 quod
799 3591 823 3637 in
842 3593 947 3638 errante
967 3582 1002 3651 (N
1005 3585 1014 3613 ³
1027 3581 1056 3633 (1⁴²
1068 3588 1093 3656 ξπ
1107 3583 1147 3650 eo)
1164 3588 1285 3649 praefixa
1302 3593 1340 3634 es!

51 3680 235 3728 quamdiu
253 3680 279 3727 in
298 3693 389 3727 errore
407 3678 528 3736 trraaenli,
549 3673 686 3741 corrupte.

167 3758 216 3826 2θ)
234 3760 270 3812 D²
289 3768 408 3814 solvetur.
439 3758 504 3811 Mox
522 3757 549 3810 «1¹
570 3763 607 3810 Ac
625 3764 649 3809 in
670 3777 717 3809 non
736 3777 781 3809 suo
794 3761 858 3822 jure
877 3775 949 3823 pirou
967 3773 1022 3807 esse
1041 3774 1090 3808 noa
1107 3765 1193 3821 potes!
1211 3758 1388 3815 transducatur,

42 3817 150 3887 l'am
196 3845 282 3899 etiam
300 3845 356 3911 θ’).

165 3929 218 3999 ²⁸)
235 3931 280 3985 lta
296 3948 360 3984 mss.
380 3929 476 3997 (etiarn
494 3928 540 3996 D²)
560 3929 583 3981 e¹
598 3929 633 3981 a³.
666 3926 720 3980 Alii
738 3926 871 3980 omittunt
888 3937 914 3977 ut
928 3945 976 3977 non
988 3930 1052 3980 sint,
1073 3921 1100 3975 (11
1115 3923 1199 3976 etiam
1219 3935 1245 3975 al
1263 3928 1387 3976 desistant

36 4010 127 4051 ‘⁸⁸⁶’
169 4027 350 4080 peccatores.
450 4058 451 4061 η

158 4095 219 4170 ²⁷)
236 4102 272 4154 D⁷
290 4113 328 4165 et,
348 4100 519 4168 subindeque
537 4100 574 4152 D⁵
587 4099 613 4151 d'
634 4119 683 4151 noa
702 4109 798 4157 essent,
817 4096 846 4148 (l²
865 4094 953 4148 omitt.
975 4106 1073 4154 nostro,
1093 4094 1125 4147 ,et
1141 4093 1178 4146 D²
1191 4094 1218 4146 (1¹
1239 4092 1328 4146 omitt.
1348 4096 1387 4143 de.

159 4181 219 4253 2ςὶ)
237 4187 281 4241 lta
298 4205 332 4242 ex
349 4187 386 4240 Dl
398 4186 434 4239 D'
446 4186 473 4238 d*
494 4184 677 4248 restituimus,
696 4182 769 4251 quod
788 4180 816 4234 in
835 4180 896 4234 aliis
913 4191 938 4232 et
956 4185 1015 4248 ipsi.

154 4266 219 4338 29)
236 4272 361 4328 laeditis
375 4274 404 4326 et
415 4272 449 4324 Ι)1
464 4271 499 4323 D²
512 4271 547 4325 D⁵
560 4271 596 4323 θ’)
609 4269 648 4322 F¹¹¹
661 4269 697 4321 N³
716 4267 760 4320 bie
772 4266 918 4335 subjicitur
931 4271 970 4318 nel
979 4276 1130 4333 percuteres
1143 4285 1191 4317 aon
1207 4284 1262 4316 esse
1280 4269 1387 4330 perfice-

33 4342 110 4395 ‘⁶²’
154 4358 307 4413 Scholion
326 4361 357 4412 ut
369 4357 479 4412 videtur
496 4357 524 4409 in
542 4356 648 4410 textum
662 4372 676 4407 e
689 4353 816 4421 margine
833 4351 1012 4417 translatum,
1032 4350 1107 4418 qnod
1125 4350 1204 4402 abest
1224 4367 1241 4402 a
1252 4349 1287 4400 Ι)1
1300 4347 1337 4399 D³
1350 4347 1387 4398 d'.

160 4439 220 4509 ³³¹³)
237 4445 296 4499 lloe
314 4446 368 4498 est:
392 4459 464 4511 qnae
488 4459 521 4495 eo
545 4443 642 4495 tenore
664 4441 793 4508 peraeta,
817 4436 891 4504 quod
914 4436 1043 4490 desinant
1061 4454 1119 4489 esse
1143 4435 1314 4504 peccatores,
1333 4449 1388 4484 non

44 4514 272 4583 Permanet,
304 4529 395 4594 Quare
415 4544 470 4581 non
489 4545 550 4580 eum
569 4526 596 4578 <1¹
615 4535 761 4594 perranum,
781 4522 830 4577 serl
849 4540 910 4575 enm
929 4521 989 4575 aliis
1008 4521 1085 4575 libris
1104 4539 1254 4588 peramarum
1269 4517 1386 4570 retinen·

54 4585 178 4656 *lum—
232 4614 287 4668 Nee
304 4616 399 4669 tamem
417 4613 578 4678 tacendum,
602 4613 651 4664 aut
674 4609 778 4678 aliquid
800 4609 846 4662 bie
864 4608 972 4673 deesse,
996 4610 1045 4660 ant
1069 4607 1198 4659 memlrnn
1221 4604 1323 4667 latere,
1346 4601 1399 4654 eni'

63 4685 299 4770 amarrraeripti
318 4700 382 4754 libri
400 4699 538 4753 medelam
558 4715 611 4751 non
632 4697 699 4751 satis
718 4695 843 4750 afferant,

123 4780 307 4840 Rpurrunsa
322 4806 426 4843 nosram.
441 4804 553 4839 ronias.
573 4789 593 4842 l,
1146 4786 1185 4842 3ss
