3450 5678
226 329 290 394 544
699 346 726 391 s.
744 344 884 391 curasan
906 342 1020 390 presa

226 500 355 563 dilectio
378 499 574 563 unanimiter
596 501 717 579 teneat,
743 501 928 561 constanter
950 497 1113 580 praedicet
1140 496 1364 580 sapienterque
1388 496 1507 560 defen-

226 602 291 685 dat,
317 606 512 686 cunctasque
535 602 703 664 adversum
724 599 809 663 hanc
832 598 1047 683 blasphemias
1069 597 1278 682 procedentes
1293 597 1506 679 exterminet,

75 722 308 789 rrim,c‚4,quae
329 726 451 783 pugnas
472 703 576 787 magis
599 708 766 785 verborum,
791 702 874 765 sicut
895 701 941 765 ait
962 700 1136 786 apostolus,
1161 703 1319 765 conantur
1336 700 1506 785 ingerere,

226 828 321 889 quam
338 805 511 869 salutarem
528 806 651 868 cunctis
674 804 834 888 suscipere
851 804 1033 866 veritatem:
1056 805 1092 865 ut
1114 801 1253 886 idipsum
1274 802 1421 866 dicentes
1437 825 1508 865 uno

227 908 319 971 corde
343 929 469 990 unoque
491 929 544 969 ore
568 910 601 969 et
624 907 800 989 credamus,
824 906 906 989 quod
931 929 949 968 a
970 904 1145 987 majoribus
1170 905 1288 968 uostris
1312 904 1506 988 accepimus

225 1012 258 1071 et
290 1008 431 1072 donante
459 1009 596 1072 Domino
629 1009 792 1071 tradamus
826 1007 961 1091 posteris
996 1006 1222 1070 confitendum.
1268 1005 1348 1071 Cum
1381 1007 1507 1090 quibus

224 1111 317 1173 uobis
345 1111 470 1173 unitam
497 1110 592 1173 fidem
622 1109 690 1174 Deo
722 1110 862 1194 propitio
894 1109 1066 1193 perdurare
1095 1108 1323 1173 catholicorum
1350 1108 1507 1191 subjecta

183 1266 185 1271 .
224 1211 409 1275 testimonia
431 1213 640 1296 magistorum
663 1213 823 1276 recensita
844 1215 1017 1276 testantur.

337 1381 556 1447 Testimcuin
582 1383 748 1448 veterum
770 1381 813 1447 dc
835 1381 973 1448 duabus
994 1383 1140 1447 naturis
1162 1382 1200 1446 iu
1224 1380 1382 1447 Christo.

311 1520 359 1582 17.
389 1522 507 1599 Ignatii
529 1524 667 1600 episcopi
689 1528 721 1584 ct
742 1523 889 1598 martyris
910 1523 1095 1583 Antiochcni
1116 1539 1155 1582 cx
1176 1523 1310 1599 epistola
1332 1522 1374 1582 od
1397 1522 1504 1600 Ephe-

224 1624 299 1684 sios:
322 1618 413 1683 Unus
435 1620 577 1683 medicus
601 1625 659 1702 est,
684 1620 822 1683 carnalis
846 1624 878 1683 ct
900 1620 1088 1704 spiritualis,
1111 1619 1216 1683 factus
1233 1623 1267 1683 et
1288 1640 1353 1682 uon
1376 1619 1501 1701 lachis,

223 1722 258 1784 in
280 1721 408 1784 homine
424 1721 520 1802 Deus,
544 1723 625 1807 inii)
648 1726 750 1785 morte
773 1722 840 1785 vita
863 1724 1003 1801 aeterna,
1028 1744 1066 1785 ex
1083 1721 1186 1784 Maria
1208 1724 1241 1785 et
1263 1742 1301 1783 cx
1325 1719 1407 1803 Dec,
1433 1721 1501 1804 pri·

223 1845 310 1886 mum
332 1824 493 1906 passibilis
517 1827 549 1887 et
571 1827 648 1887 tunc
670 1824 888 1909 impassibilis,
910 1822 1066 1887 Dominus
1089 1827 1198 1887 noster
1218 1821 1312 1887 Jesns
1335 1821 1501 1888 Christus.

307 1931 348 1990 Et
361 1934 431 2008 post
445 1948 559 2007 pauca:
584 1925 721 2010 Singuli,
746 1933 853 2005 inquit,
878 1926 938 1990 viri
962 1926 1173 1990 communiter
1194 1946 1304 1989 omnes
1319 1946 1357 1988 ex
1374 1926 1500 2010 gratia,

224 2048 263 2090 ex
285 2028 414 2090 nomine
438 2029 607 2091 convenite
628 2028 663 2090 in
685 2049 783 2091 unam
805 2028 901 2091 fidem
923 2028 1012 2091 etin
1034 2049 1098 2092 uuo
1119 2026 1197 2092 Jesu
1220 2027 1357 2108 Christo,
1382 2049 1501 2092 secun-

221 2128 297 2191 duru
320 2150 449 2192 carnem
471 2150 510 2192 ex
532 2150 649 2212 genere
673 2128 786 2210 David,
810 2130 876 2193 filio
898 2130 1036 2193 hominis
1059 2133 1091 2194 et
1113 2129 1179 2192 filio
1201 2127 1271 2191 Dei.

310 2231 358 2294 18.
402 2236 555 2295 Eustathii
583 2236 719 2312 episcopi
747 2237 931 2297 antiocheni
959 2237 1145 2296 confessoris
1167 2230 1323 2314 conna³⁵)
1345 2234 1502 2298 Amanos:

223 2331 423 2416 Quapropter
451 2354 610 2416 congruas
638 2333 772 2396 virtutes
795 2337 827 2398 et
850 2334 1101 2419 gubernationes
1123 2333 1269 2417 gentium
1300 2336 1333 2396 et
1361 2333 1518 2417 populo?

223 2456 294 2497 rum
323 2438 355 2498 et
377 2434 549 2498 nrixtarum
576 2434 717 2518 plebium
747 2440 780 2500 et
806 2458 912 2499 rerum
941 2436 1162 2501 universarum
1196 2434 1365 2518 imperium
1399 2433 1502 2500 bomo

71 2559 134 2613 Luc.
143 2568 167 2626 ρ)
175 2568 215 2614 52,
222 2536 421 2620 percipiebat
450 2536 568 2600 christi
593 2537 700 2620 palam
728 2542 760 2602 et
786 2539 840 2622 qui
868 2545 1019 2618 sementia
1048 2549 1077 2602 et
1104 2549 1205 2601 aetate
1230 2543 1397 2615 prorisque
1423 2559 1502 2616 pro

220 2647 293 2715 doit,
319 2639 401 2702 sicut
423 2639 582 2722 evangelii
605 2640 732 2703 litterae
755 2639 870 2703 docent
892 2639 1140 2723 particulariter.

70 2764 211 2831 Joh.13,3.
306 2746 449 2824 Ejusdem
475 2749 584 2806 contra
611 2763 678 2806 cos:
709 2742 752 2805 Et
775 2742 889 2805 iterum
912 2763 1009 2826 quum
1031 2741 1148 2805 dicitur
1169 2740 1263 2805 Jesus
1284 2747 1396 2818 sciens,
1420 2749 1501 2821 daia

222 2850 322 2908 omnio
345 2846 428 2907 dedit
449 2851 479 2906 ci
500 2848 593 2906 Pater
616 2851 645 2908 in
670 2866 794 2908 murras:
823 2844 911 2928 atqui
935 2848 971 2907 ut
992 2844 1038 2907 ita
1059 2842 1245 2924 introducit,
1275 2841 1417 2907 hominis
1442 2866 1501 2928 po

221 2949 372 3009 testatem
395 2945 546 3028 declarat,
577 2968 658 3029 quac
686 2947 841 3029 quomodo
864 2948 987 3010 aeterni
1015 2967 1142 3009 sumens
1170 2948 1330 3027 sceptrum
1351 2945 1500 3030 imperii.

222 3048 365 3111 omnium
387 3047 520 3111 haberet
544 3049 744 3111 commissum
762 3049 929 3132 judicium.

93 3143 210 3241 solas.
306 3155 450 3232 Ejusdem
472 3163 583 3215 contra
604 3172 671 3215 cos:
696 3150 729 3213 Si
753 3151 838 3214 enim
860 3151 895 3215 iu
917 3150 1055 3232 tssihristc,
1078 3154 1186 3232 inquit,
1203 3156 1364 3229 pterrirndo
1386 3156 1501 3216 divissi-

222 3260 293 3317 totis
316 3258 474 3327 intrabitur,
500 3251 584 3315 aliud
610 3273 693 3334 vero,
718 3252 801 3335 (pund
823 3251 1034 3316 inhabitatur.
1064 3249 1098 3316 Si
1121 3272 1195 3314 vero
1217 3250 1412 3316 naturaliter
1435 3252 1499 3317 dif-

221 3355 331 3418 ferunt
354 3355 395 3418 ab
418 3354 592 3436 alterutris,
621 3376 723 3438 neque
750 3355 861 3419 mortis
888 3355 1069 3438 passionem
1098 3375 1201 3438 neque
1224 3353 1288 3418 cibi
1309 3354 1499 3438 appetitum
1564 3438 1569 3447 .

223 3479 324 3540 neque
347 3456 537 3521 desiderium
559 3457 754 3540 poculorum,
779 3479 844 3520 non
866 3478 1022 3539 somnum,
1046 3478 1112 3521 nou
1127 3455 1305 3537 tristitiam,
1328 3476 1398 3520 non
1419 3456 1499 3521 t'ati-

222 3560 396 3640 gatiouem,
421 3581 485 3622 nou
509 3559 722 3642 lacrymarum
738 3559 917 3641 effmiones,
941 3581 1007 3622 non
1030 3558 1126 3621 aliam
1143 3557 1319 3641 quamlibet
1340 3560 1498 3623 mutatio

223 3680 296 3722 uem
319 3660 512 3742 plenitudini
534 3660 714 3724 divinitatis
737 3661 926 3725 codxsistere
953 3660 1003 3724 fas
1027 3667 1090 3743 est,
1113 3681 1208 3745 quum
1231 3659 1275 3723 sit
1296 3659 1497 3725 inconverti-

223 3760 295 3824 bilis
318 3784 374 3845 por
397 3767 555 3826 naturam.
601 3761 734 3826 Homini
756 3784 831 3827 vero
853 3762 933 3826 hacc
956 3762 1148 3847 applicanda
1169 3764 1245 3825 snut
1266 3762 1408 3845 proprie,
1441 3765 1499 3849 qui

222 3885 260 3927 cx
283 3865 391 3928 anima
414 3867 542 3929 constat
568 3869 601 3928 et
629 3886 769 3948 corpore.
816 3866 973 3950 Congruit
1000 3865 1087 3929 enim
1114 3886 1152 3928 ex
1174 3863 1253 3948 ipsis
1280 3862 1436 3929 humanis
1465 3870 1500 3929 et

221 4069 280 4105 ccrn
299 4054 442 4106 auctorum
461 4052 647 4107 bibliothecae
664 4054 777 4122 patrum
795 4058 947 4107 aun01589
965 4051 1076 4107 Parisiis
1094 4050 1186 4106 cdibsc
1199 4050 1385 4116 concinnavit,
1404 4050 1500 4107 nihilo

220 4140 315 4190 tamon
333 4138 424 4190 miuus
444 4137 620 4192 t'olcnicnscs
638 4137 759 4190 editores
778 4136 951 4191 retinuerunt
973 4144 1057 4191 sedem
1076 4144 1247 4206 apostolicam.
1284 4134 1357 4190 Hinc
1374 4135 1500 4192 sublatis

220 4221 327 4276 duabus
349 4222 449 4275 littoris
472 4243 507 4282 m,
538 4240 606 4290 quas
634 4222 662 4274 iu
685 4223 738 4277 line
762 4223 910 4276 verborum
936 4222 1094 4291 hujusmodi
1120 4222 1155 4277 de
1179 4238 1229 4277 suo
1252 4219 1378 4289 albicare
1400 4224 1499 4277 solent

220 4307 327 4360 librarii
345 4309 461 4372 veteres,
480 4325 548 4360 sana
567 4326 599 4361 ac
617 4307 729 4376 gemina
745 4307 866 4361 liabetur
885 4306 988 4361 Gelasii
1006 4307 1152 4361 sententia.

288 4395 319 4459 ³⁴)
338 4392 408 4446 llinc
426 4392 500 4460 apud
519 4391 666 4457 lgnatinm,
685 4410 738 4445 nou
758 4392 898 4460 quomodo
916 4392 1061 4446 substituit
1077 4391 1191 4446 Vossius
1210 4386 1241 4446 ἐν
1259 4385 1423 4462 ἀθανάτῳ,
1447 4394 1499 4448 sed

219 4471 251 4532 tv
269 4474 389 4546 θανάτῳ
407 4476 548 4530 Gelasium
567 4476 666 4544 legisse
684 4476 784 4544 liquct;
807 4477 850 4530 cui
872 4476 992 4530 ccrrciuit
1011 4480 1039 4530 ct
1057 4476 1249 4530 Theodoretus
1271 4476 1349 4530 idem
1367 4478 1500 4534 testium

219 4561 294 4614 nium
323 4560 439 4616 laudans
467 4562 579 4628 dialogo
599 4570 619 4614 1.
660 4562 740 4615 Corte
763 4565 793 4615 et
814 4561 885 4615 hauc
908 4561 1056 4615 lectionem
1083 4560 1229 4616 antithcsis
1255 4561 1291 4615 ab
1317 4560 1436 4629 lgnutio
1458 4563 1501 4617 iu-

218 4645 318 4699 stituta
339 4648 471 4716 postulat.
516 4646 657 4701 sincerans
681 4646 783 4713 ignatii
810 4647 969 4716 epistolam,
1002 4664 1057 4701 non
1083 4646 1295 4717 interpolatam,
1332 4646 1379 4700 hic
1413 4648 1500 4704 citari

219 4731 317 4798 orsique
336 4732 448 4785 obvium
467 4738 517 4786 cst.

287 4820 318 4882 ³⁵)
337 4816 474 4870 Eustatlrii
493 4818 574 4885 liujus
591 4817 672 4886 plura
690 4818 849 4872 testimonia
866 4817 1060 4872 Theodorei-ns
1082 4818 1111 4872 iu
1128 4817 1217 4872 tribus
1235 4816 1357 4885 dialogis
1375 4820 1502 4887 profert.

219 4900 268 4953 scd
286 4901 390 4955 nullum
409 4923 443 4956 es·
461 4922 540 4970 opere
559 4914 650 4956 sonim
669 4909 782 4958 Arianos
799 4903 903 4957 laudat.
