3412 5664
503 292 517 317 ι

367 368 501 419 itonam
523 368 676 418 Putuvut
700 369 737 418 IN
752 368 893 420 cubasti
915 367 1029 418 PAPAE
1052 367 1252 418 uetarouau
1269 359 1296 417 l.
1424 353 1463 418 21

236 537 297 611 punt
320 531 352 593 Et
375 533 472 588 mirum
494 532 575 595 ieret,
598 530 733 605 synodum
755 548 834 606 quam
854 531 986 588 baronius
1007 529 1207 587 celeberrimam
1234 531 1292 587 vult
1318 532 1464 594 exstitisse.

235 617 380 694 emptoribus,
397 619 444 692 qui
459 634 549 674 rerum
565 615 789 690 Eutychianaruur
807 618 945 673 historiam
961 625 1117 680 tenuerunt,
1139 625 1186 672 aut
1199 617 1366 691 incognitam
1381 616 1466 676 iuissc

234 713 265 762 ant
276 704 368 760 udan

293 789 313 847 b.
338 786 374 843 lix
397 789 476 844 variis
500 787 552 843 illis
576 788 769 850 monumentis,
792 804 860 860 quae
882 781 1002 843 eamdem
1024 788 1160 843 materiam
1181 786 1307 862 idemque
1324 788 1464 862 ingenium

234 876 315 949 epium
335 875 359 929 in
375 875 459 929 reteri
475 871 632 943 Corbcjcnsi
654 871 746 928 codice
768 881 829 928 ante
851 889 936 928 annos
953 872 1016 931 800
1037 880 1144 928 exarato
1165 872 1248 929 latine
1269 879 1377 929 enatant
1391 872 1465 948 inag-

235 967 295 1015 nunu
305 957 474 1032 epistolarum
489 966 547 1013 tum
569 974 592 1014 s.
610 957 789 1026 Quintiniani
808 961 938 1029 episcopi
954 958 1112 1031 Ascpliani,
1135 966 1193 1013 tum
1208 959 1384 1030 Asclepiadis
1405 963 1463 1031 epi-

234 1047 290 1116 aopi
301 1043 459 1113 Trullensis,
477 1059 546 1117 quac
557 1041 684 1098 dicuutur
695 1046 800 1099 missae
811 1045 851 1098 ad
859 1043 978 1099 Petrum
989 1043 1205 1100 Antiochenam.
1234 1037 1372 1120 [Secunda
1385 1044 1464 1100 etiam

234 1128 332 1184 lelhiact
349 1136 455 1202 septem
482 1126 613 1201 epistolae
641 1127 754 1184 aliorum
777 1130 967 1202 episcoporum
988 1127 1157 1184 collectionis
1183 1127 1326 1184 Atellanae
1347 1130 1464 1202 optimae

234 1221 289 1270 mttt
304 1212 436 1269 codicibus
447 1230 484 1268 ur.
499 1213 624 1269 71-78
640 1206 830 1288 praebentem]
862 1211 939 1281 Quod
955 1220 1066 1269 notasse
1078 1212 1188 1283 juverit,
1211 1221 1242 1268 ut
1262 1213 1325 1269 hinc
1347 1216 1464 1288 scripto·

233 1315 273 1354 un
283 1297 376 1353 tium
388 1299 534 1371 antiquitas
552 1297 722 1372 aliquatenus
738 1297 924 1372 dignoscatur.
948 1292 1014 1375 [Qui
1030 1297 1218 1354 collectionem
1230 1297 1383 1354 Avellanam
1399 1315 1464 1355 con·

233 1384 282 1446 lecit
293 1391 347 1457 post
361 1382 457 1439 l'elicis
473 1382 506 1439 ad
519 1382 628 1439 Petrum
645 1383 843 1439 Antiochenam
859 1383 1000 1457 epistolam
1022 1383 1183 1453 „Quoniam
1193 1382 1366 1456 pestiferis“
1383 1385 1463 1441 etiam

233 1476 392 1541 aquitanici,
414 1467 486 1524 unde
503 1467 564 1523 lons
585 1484 697 1541 graecus
719 1468 805 1541 palem
820 1466 865 1523 iit:
896 1470 1026 1541 Eaplieit
1047 1471 1168 1540 epistola
1185 1484 1287 1541 papae
1302 1470 1411 1526 Felicis
1425 1472 1466 1525 ud

232 1554 316 1610 ittam
328 1554 533 1610 Antiochenam
548 1555 691 1610 dnnrrrans
706 1569 786 1610 eum.-
806 1569 882 1628 quae
903 1556 1024 1625 epistota
1041 1560 1108 1610 autc
1123 1556 1334 1611 dormitationem
1350 1556 1461 1621 Aeacii,
1523 1602 1529 1612 .

231 1646 334 1712 quantum
347 1641 415 1711 cius
430 1646 529 1696 textus
546 1640 664 1708 indicat,
687 1643 864 1714 comperitur
879 1643 1000 1712 scripta.
1032 1638 1091 1696 Sed
1109 1643 1177 1713 quia
1199 1656 1263 1695 cum
1279 1642 1402 1697 aliorum
1416 1644 1461 1698 iit·

230 1727 280 1779 terr's
294 1725 328 1779 ui
346 1725 471 1780 eumdem
495 1725 612 1780 Petrum
640 1725 760 1780 directis
785 1728 815 1780 in
840 1740 949 1798 praeco
977 1727 1116 1781 aoiunane
1136 1728 1294 1782 invenimus
1319 1727 1354 1782 dc
1371 1727 1462 1783 totino

231 1811 363 1874 imitatus,
379 1826 456 1883 quus
470 1827 547 1866 nunc
562 1812 666 1865 iterum
681 1811 716 1866 dc
733 1825 841 1883 praeco
852 1812 883 1865 in
896 1811 1017 1866 tatinum
1028 1813 1201 1867 necessitate
1214 1814 1353 1882 compulsi
1365 1817 1461 1868 trans·
1505 1872 1510 1876 ,

227 1893 327 1964 iamtes
344 1895 549 1967 descripsimus
567 1900 692 1967 prepter
711 1896 925 1952 naereticorum
940 1896 1069 1966 insidias,
1092 1902 1119 1952 et
1141 1897 1318 1969 supradictis
1334 1899 1462 1969 epistolis

229 1980 325 2050 ejusdem
337 1996 435 2051 papae
451 1973 673 2056 connectimus]

290 2062 312 2119 i.
339 2062 453 2119 Litteras
468 2064 527 2120 ibas
543 2080 598 2120 non
614 2063 710 2121 Felicis
726 2064 773 2121 sed
789 2065 919 2139 Simplicii
935 2082 996 2121 csse
1012 2066 1069 2122 vult
1084 2066 1218 2123 Antonius
1233 2065 1298 2140 Pagi
1314 2065 1346 2122 ad
1362 2084 1460 2124 annum

229 2146 305 2203 monii
317 2147 385 2212 tta,
403 2158 432 2204 ut
448 2148 480 2204 ad
495 2167 594 2205 annum
610 2149 671 2207 483
687 2157 751 2223 post
766 2149 937 2206 Guilielmum
952 2150 1124 2207 Cachalcsii
1140 2153 1259 2208 rationes
1274 2151 1384 2207 reiutat.
1407 2152 1460 2209 Sed

228 2229 286 2288 tau
297 2251 336 2289 eas
350 2233 505 2290 adscribunt
520 2233 640 2305 ejusdem
655 2237 735 2291 serici
747 2235 877 2309 epistolae
890 2235 1024 2303 Quintiani
1036 2245 1064 2292 ct
1074 2236 1174 2294 lustini
1202 2230 1267 2314 [uec
1278 2253 1332 2293 non
1345 2236 1461 2312 cyrillus

228 2316 433 2393 Sqthopolitauus
449 2321 476 2375 in
492 2321 544 2376 vita
559 2337 582 2377 s.
599 2319 683 2377 Sabae
698 2338 725 2376 u.
743 2314 821 2397 32.].
852 2384 854 2389 ¹

725 2528 927 2536 -—————

655 2708 807 2783 Manita
831 2709 993 2804 praevia

477 2880 523 2952 in
556 2878 731 2952 Gelasii
762 2901 908 2974 papae
941 2879 1175 2974 epistolae.

385 3107 425 3162 In
447 3099 565 3162 (idatii
585 3116 685 3179 papae
707 3098 871 3177 epistelam
891 3099 907 3159 l
929 3094 1034 3179 (‚,Post
1048 3096 1263 3181 quinpentos“).

288 3223 310 3278 1.
339 3222 600 3278 Praestantissimum
617 3223 670 3278 hoc
685 3221 845 3295 opusculum
862 3219 958 3276 Gelasii
974 3237 1006 3277 ex
1021 3221 1113 3277 codice
1128 3221 1278 3276 Vcrouensi
1287 3220 1328 3278 46
1344 3222 1549 3300 primum[Ed.1
1566 3268 1568 3273 .

225 3303 315 3379 sagara
333 3309 496 3364 clarissimus
517 3307 635 3363 marchio
652 3306 810 3362 Franciscus
826 3305 916 3380 Scipio
932 3305 1051 3377 llailejus
1076 3308 1102 3362 in
1124 3306 1210 3362 Colcti
1231 3304 1338 3362 collect.
1360 3307 1459 3364 concil.

225 3390 294 3445 tomi
306 3393 354 3448 eol.
366 3392 480 3455 lueis..
503 3400 531 3447 ct
546 3391 641 3448 eodeur
663 3400 784 3465 tempore
799 3408 869 3447 anna
887 3391 968 3449 1728
989 3392 1134 3465 separatim
1149 3390 1268 3447 Venetiis
1290 3390 1340 3448 sub
1363 3392 1458 3448 titulo:

226 3472 428 3547 supplementum
439 3479 618 3533 Acacianum
629 3484 809 3533 monumenta
821 3494 968 3550 nunquam
982 3478 1058 3534 edita
1070 3481 1228 3547 continens,
1241 3494 1317 3550 quae
1328 3479 1459 3535 marchio

225 3557 297 3631 Scipio
309 3563 452 3636 dinffeJus
466 3579 482 3618 e
497 3565 692 3619 vetustissimis
716 3562 887 3618 Veronensis
903 3565 1026 3634 capituli
1039 3563 1187 3619 codicibus
1202 3564 1277 3618 eruit
1292 3568 1379 3636 utque
1393 3565 1458 3619 illu·

225 3649 309 3703 merit.
343 3647 418 3704 Unde
439 3665 453 3702 a
473 3647 593 3720 losepho
615 3647 760 3703 lilanchino
781 3647 808 3702 in
829 3646 975 3720 appendice
998 3664 1111 3720 operum
1126 3645 1262 3702 Sirmondi
1279 3644 1322 3702 ed.
1339 3647 1458 3703 Venetiis

224 3731 307 3786 amit
327 3749 387 3807 pag.
404 3732 474 3795 553.
501 3731 533 3786 ab
554 3730 649 3787 codem
670 3730 773 3802 Madcjo
794 3735 896 3788 istoria
918 3734 1056 3805 teoiopica
1077 3731 1120 3788 ed.
1145 3731 1266 3787 Tridenti
1287 3747 1358 3789 anno
1376 3731 1457 3789 1742

225 3828 271 3887 pag.
284 3816 346 3879 2⁶20,
367 3816 498 3872 allansio
520 3815 582 3872 coll.
606 3817 702 3873 concil.
726 3825 790 3872 torn.
809 3816 852 3871 Vll
872 3816 924 3873 col.
944 3818 1024 3874 1069
1040 3824 1068 3873 et
1082 3833 1097 3871 a
1112 3815 1212 3892 llignie
1227 3815 1366 3892 Patrolog.
1384 3833 1456 3873 curs.

224 3900 324 3974 maier.
339 3911 403 3958 tom.
416 3900 493 3957 bl'lll
508 3901 560 3958 cel.
575 3901 635 3959 937
651 3904 749 3957 iterato
765 3900 926 3977 productum
941 3909 993 3958 est.
1025 3900 1098 3958 ldem
1109 3901 1232 3957 laudatus
1248 3902 1366 3958 marchio
1381 3919 1458 3976 prae·

224 3980 301 4041 uere
314 3997 339 4044 et
353 3989 425 4044 notis
443 3987 579 4050 instruxit,
602 4005 667 4061 quas
685 3987 728 4042 alii
750 3988 890 4062 repetiisse
906 3987 970 4042 satis
986 3986 1147 4043 habuerunt.
1179 3986 1354 4043 {lectissimus
1369 3987 1457 4044 solum

223 4064 331 4144 witus
350 4073 511 4129 blanchinus
533 4089 601 4128 nora
622 4072 655 4128 de
675 4071 770 4128 eodem
791 4073 966 4145 inquisitione
986 4081 1014 4128 et
1035 4071 1099 4128 dicti
1120 4071 1220 4129 codicis
1241 4073 1387 4129 collatione
1407 4071 1458 4128 sibi

222 4157 423 4225 summentium
448 4176 502 4213 non
526 4165 599 4212 ratus
626 4165 677 4219 est,
708 4157 779 4212 uude
805 4157 837 4212 ad
859 4157 944 4231 ipsius
963 4158 1121 4232 praeprimis
1144 4165 1246 4213 tentum
1268 4156 1345 4213 nobis
1368 4175 1458 4214 recur-

221 4238 311 4297 nmen
325 4245 382 4299 crit.

288 4325 314 4383 i.
341 4327 375 4384 lic
390 4336 462 4384 statu
477 4327 615 4402 archetypi
631 4338 657 4384 ct
674 4329 796 4383 oratione
811 4327 935 4402 opusculi
951 4327 1031 4398 hujus
1046 4345 1128 4402 saepe
1146 4326 1234 4383 dictus
1257 4328 1375 4384 marcido
1396 4344 1457 4383 cru·

219 4406 344 4467 daminus
358 4415 393 4469 ita
410 4412 465 4469 iere
480 4412 630 4487 praefatur:
654 4415 735 4482 [lueet
748 4415 788 4469 nti
801 4415 949 4485 epistolum
964 4420 1092 4470 naariam
1108 4416 1217 4484 attinet,
1237 4414 1372 4486 pluribus
1385 4414 1458 4469 locis

216 4494 374 4567 rtqantme
387 4501 540 4555 luminibus
554 4502 631 4568 nitet,
648 4502 777 4572 qruunois
791 4501 921 4570 inficiari
934 4515 1014 4555 rrcmo
1026 4502 1127 4570 pessit,
1141 4500 1294 4555 luxuriari
1308 4505 1457 4554 auctorem

214 4581 351 4652 aliquando
370 4591 543 4657 acutumque
565 4600 601 4639 nc
617 4586 719 4641 subtile
734 4585 848 4641 dicendi
865 4600 955 4660 pentus
975 4587 1090 4641 curiose
1111 4587 1285 4640 consectari.
1324 4584 1455 4639 Ordinem

212 4668 347 4724 nirnmtur
358 4672 471 4742 aliquis,
488 4687 544 4742 quo
556 4674 646 4725 utitur
656 4673 714 4726 sinc
726 4688 781 4743 qao
794 4677 885 4741 caret,
901 4678 959 4725 tum
970 4673 1134 4726 inconnexa
1147 4671 1318 4742 quaudoque
1330 4668 1455 4724 membru

211 4759 240 4805 et
250 4758 395 4810 sententias
410 4770 498 4827 saepe
513 4757 660 4826 repetitas.
688 4757 723 4810 At
736 4757 1035 4829 praeterquamquod
1048 4757 1217 4812 aduersario
1227 4755 1357 4826 sortasse
1368 4770 1456 4808 κατα-

208 4828 295 4905 ,sitae
308 4842 416 4901 insistit,
439 4843 543 4896 litante
564 4842 657 4896 codici
677 4842 706 4896 id
726 4858 765 4897 cx
780 4847 870 4912 parte
891 4842 1070 4897 tribuendum
1091 4843 1232 4912 srtspicor.
1264 4840 1370 4895 Mirum
1384 4856 1456 4896 sanc

205 4934 253 4993 ert,
269 4934 334 4998 quot
347 4926 462 4982 librarii
476 4927 593 4995 mendis,
616 4932 726 5000 quanta
742 4931 773 4981 ut
788 4928 900 4983 uidetur
914 4929 1120 4984 sententiarum
1135 4927 1322 4999 corruptione
1337 4942 1374 4982 uc
1386 4941 1454 4998 per·
