3450 5678
601 122 801 172 reserarus
825 123 870 170 1v.
1303 110 1366 175 569

89 281 122 343 si
146 277 342 363 competenti
365 278 601 341 examinatione
625 279 841 363 depromptus,
867 278 930 343 Ubi
953 278 1063 363 procul
1087 277 1182 342 dnbio
1206 280 1366 364 requiren-

87 382 172 445 ‹lum
195 385 254 465 est,
279 381 306 444 si
328 378 474 464 synodali
497 381 748 466 congregatione
779 381 966 463 celebratus,
997 381 1093 465 (quod
1121 381 1156 445 in
1185 381 1366 467 receptione

88 483 243 548 ‹lanrnati
266 485 298 545 ct
321 482 505 565 depulsione
528 483 688 567 catholici,
713 484 786 568 quia
809 484 980 568 uoviter⁷⁵)
1005 506 1110 566 causa,
1135 484 1203 548 lieri
1222 484 1367 549 debuisse

90 587 312 651 certissimum
334 588 408 669 cst),
443 586 469 649 si
493 585 533 648 ad
561 587 697 670 primam
726 587 847 669 sedern,
879 589 968 670 cujus
999 587 1154 649 intererat
1175 588 1365 670 sententiae,

83 703 160 776 qua
188 689 303 753 Petrus
331 688 503 751 tenebatur
536 689 726 772 obstrictus,
762 690 936 754 secuudum
970 689 1135 753 Ecclesiae
1162 691 1289 775 regulas
1319 693 1368 754 est

86 793 250 875 relatum3
273 791 300 854 si
322 788 432 854 eadem
456 813 536 875 quae
558 791 673 876 ligavit
689 792 840 875 absolvit,
864 793 940 877 sill)
964 793 1019 856 illa
1034 815 1114 878 quae
1130 793 1288 877 ligaverat
1302 815 1369 857 non

84 896 294 983 resolvente,
312 893 409 957 immo
432 893 528 957 etiam
551 893 725 977 nesciente,
749 894 906 977 potuisset
927 894 1068 959 dissolvi.
1113 894 1146 959 Si
1173 895 1253 959 haec
1275 898 1368 980 gesta

87 1020 164 1062 aron
187 1000 272 1080 sunt,
297 1019 359 1080 quo
381 1017 477 1079 more,
502 1018 564 1080 quo
587 996 649 1059 ritu
675 996 911 1061 Alexandrinus
934 997 1048 1061 Petrus
1071 997 1292 1082 praetenditur
1314 998 1368 1061 ab·

81 1100 232 1183 solutus,
257 1120 354 1184 quum
370 1120 430 1162 nec
446 1121 463 1162 a
479 1100 684 1183 pontificibus
699 1099 843 1184 legitime
860 1103 892 1163 et
914 1099 1138 1164 ecclesiasticis
1161 1100 1286 1184 legibus
1301 1101 1368 1164 fue-

79 1204 140 1267 :it
168 1201 346 1286 expeditus,
377 1223 436 1265 nec
468 1225 486 1264 a
510 1203 663 1267 saeculari
693 1205 852 1287 potestate
881 1203 1022 1286 potuerit
1049 1206 1177 1287 praeter
1204 1203 1368 1266 Ecclesiae

78 1305 261 1369 tramitem
283 1325 413 1388 prorsus
437 1304 581 1369 absolvi?

186 1408 234 1471 13,
279 1405 341 1472 Sed
364 1406 490 1470 dicatur
511 1407 665 1472 forsitan:
687 1430 754 1472 non
776 1408 951 1492 imperator
973 1407 1121 1490 absolvit,
1145 1409 1201 1472 sed
1223 1432 1242 1471 a
1264 1409 1369 1492 ponti·

80 1510 211 1574 ficibus
233 1509 379 1594 poposcit
402 1508 533 1573 absolvi.
579 1509 685 1573 'Panto
714 1511 816 1595 magis
843 1498 989 1594 poscenti
1011 1511 1197 1594 imperatori
1224 1535 1243 1574 a
1265 1511 1369 1596 ponti-

79 1612 214 1677 ficibus
235 1611 343 1677 fuerat
365 1612 611 1697 suggerendum,
641 1615 678 1676 ut
700 1613 726 1676 si
750 1635 822 1676 eurn
843 1613 987 1698 legitime
1010 1613 1106 1677 vellet
1129 1613 1261 1696 absolvi,
1291 1613 1369 1698 legi-

75 1715 179 1780 tima
195 1718 227 1779 et
248 1715 456 1779 ecclesiastici
479 1717 600 1779 tenoris
616 1716 773 1780 absolutio
788 1716 981 1800 proveniret,
1007 1718 1038 1778 et
1058 1714 1271 1799 haecomnia,
1289 1739 1369 1800 quae

77 1818 245 1903 superius
260 1817 346 1882 dicta
368 1821 453 1901 sunt,
478 1819 652 1882 secundum
674 1819 838 1883 Ecclesiae
860 1818 1023 1882 tramitem
1039 1822 1256 1882 servarentur:
1280 1841 1369 1903 pras·

81 1920 241 2006 ‹ipue⁷³)
263 1943 360 2005 quum
383 1920 422 1984 de
444 1921 602 1985 secundae
623 1922 705 1986 sedis
730 1925 880 2007 ageretur
902 1921 1057 2003 antistite,
1082 1943 1140 1984 nec
1157 1921 1197 1984 ab
1219 1921 1370 1985 inferiore

73 2023 245 2108 qualibet
277 2023 373 2086 seda
402 2023 505 2106 prima
533 2025 605 2088 sede
629 2025 702 2108 jure
730 2025 833 2108 possit
860 2024 992 2088 absolvi.
1037 2019 1222 2110 Inferiore)
1252 2025 1370 2108 quippe

72 2125 257 2209 laetiorem
281 2125 444 2189 absolvere
467 2148 533 2190 non
556 2130 677 2209 potest:
707 2127 774 2190 sola
803 2148 879 2211 ergo
907 2126 1012 2210 potior
1045 2126 1229 2199 inferiorem
1257 2147 1370 2190 conve·

72 2228 228 2292 luentet
256 2227 402 2291 absolvit.
447 2228 586 2293 Proinde
615 2229 775 2293 inferioris
803 2229 863 2292 loci
890 2229 1074 2312 pontifices,
1105 2230 1158 2313 qui
1186 2228 1370 2292 nullatenus

72 2352 134 2395 se
157 2334 315 2394 noverant
336 2330 493 2414 potiorem
516 2332 576 2395 sibi
605 2331 721 2416 siner)
745 2332 849 2415 prima
872 2331 945 2395 sede
968 2319 1061 2416 posse
1083 2331 1250 2414 resolvere,
1279 2353 1370 2414 prac-

75 2432 193 2516 ‹eipne
215 2454 310 2517 quem
337 2433 405 2517 ejus
428 2434 589 2497 sententia
617 2437 775 2498 noverant
797 2433 986 2518 obligatum,
1018 2434 1288 2516 praevaricatoria
1317 2434 1370 2496 ab·

71 2533 260 2599 solutione
281 2556 345 2598 non
369 2534 460 2598 illum
482 2537 610 2620 penitus
634 2540 800 2619 exuerunt,
824 2536 878 2599 sed
902 2558 935 2600 se
958 2535 1233 2619 praevaricatione
1264 2535 1369 2618 potius

74 2640 292 2702 nexuerunt.
337 2637 388 2701 Ita
415 2637 504 2703 Petri
533 2639 689 2703 absolutio
718 2661 755 2702 cx
786 2642 918 2723 utroque
947 2660 1013 2701 nou
1038 2640 1178 2702 constat:
1209 2638 1282 2721 quia
1310 2658 1371 2701 nee

168 2828 203 2893 15)
221 2825 258 2878 D⁹
270 2831 360 2880 euml
379 2825 500 2894 antiquis
513 2844 577 2879 mse.
592 2828 640 2894 (al)
660 2829 688 2879 ct
705 2826 907 2879 D¹D³F¹¹¹N³d²
925 2831 1024 2879 nouiter
1037 2845 1126 2887 carisa,
1146 2824 1182 2876 D²
1200 2831 1298 2878 arctarer
1312 2830 1372 2891 ficri

65 2931 179 2964 verns
198 2915 325 2974 debuisse,
344 2911 372 2964 d¹
392 2919 490 2965 nouiter
508 2925 565 2965 erut
583 2933 668 2965 (ausu.
699 2912 788 2980 Magis
807 2912 931 2981 placeret
948 2918 1006 2980 pario
1024 2932 1088 2963 norm
1104 2920 1160 2963 erat
1174 2929 1260 2964 carisa.
1291 2909 1371 2962 Hane

69 3013 228 3061 causam,
252 2996 360 3065 quade
378 2997 541 3066 expellendo
559 2997 686 3050 Jolraune
705 2996 841 3050 catholico
860 2997 895 3049 ab
916 2996 1086 3065 imperatore
1105 2986 1242 3048 mendacii
1260 3011 1293 3048 ae
1310 3011 1372 3062 per-

50 3078 102 3145 ,ἰ
115 3080 166 3135 urii
184 3083 315 3136 accusato
337 3084 366 3136 et
388 3080 548 3152 recipiendo
566 3083 649 3135 Petro
676 3081 818 3135 haeretico
837 3082 987 3149 agebatur,
1012 3099 1112 3135 novam
1134 3098 1194 3134 esse
1213 3082 1242 3134 et
1259 3080 1287 3132 iu
1303 3078 1371 3147 legi-

69 3165 171 3220 tima
188 3167 295 3235 synodo
313 3166 506 3222 excutiendam
524 3165 606 3220 fuisse
626 3166 751 3221 Gelasius
771 3165 897 3236 pluribus
915 3167 994 3236 epist.
1014 3172 1046 3220 26
1064 3185 1093 3223 n.¹
1112 3173 1141 3219 12
1160 3167 1189 3220 ct
1207 3183 1250 3235 cp.
1265 3171 1296 3218 at
1315 3171 1371 3219 u.9

69 3251 270 3325 edisseruit„

169 3341 201 3404 π)
221 3337 307 3390 lidem
330 3355 392 3390 mss.
413 3342 442 3391 et
460 3338 488 3389 dl
508 3345 576 3407 purat
592 3345 615 3391 si
632 3345 686 3400 illa,
712 3360 776 3408 quaec
799 3359 848 3392 raon
871 3345 1007 3405 lassescat,
1030 3343 1171 3391 resolvente
1195 3336 1234 3403 (ct
1251 3335 1287 3387 D²
1306 3335 1371 3388 ante

70 3421 208 3476 omittit
226 3426 345 3478 absolvit:
362 3422 437 3476 idem
455 3440 518 3476 mox
537 3427 671 3491 potuis.ve);
690 3442 807 3492 eamque
826 3425 973 3478 lectionem
987 3423 1086 3476 omisso
1106 3428 1174 3491 parad
1184 3423 1291 3474 vetetes
1310 3437 1372 3474 con-

69 3506 229 3562 ciliorum
252 3507 317 3562 edit.
342 3511 371 3561 et
389 3507 488 3572 Quesn.
508 3508 595 3562 secuti
617 3511 693 3575 sunt,
717 3510 842 3577 quamvis
864 3510 940 3563 illam
964 3526 1019 3562 uon
1041 3507 1187 3578 permittat
1209 3506 1372 3574 adjunctum

67 3596 172 3647 famae
191 3599 265 3646 etiam
284 3599 418 3650 accersente.
453 3593 532 3646 Unde
552 3594 580 3645 d'2
599 3602 671 3662 prensi
694 3594 765 3660 (loeo
784 3601 853 3664 pared
869 3598 901 3659 si)
923 3594 1072 3662 legendum
1095 3592 1207 3657 suadet,
1231 3595 1260 3645 a³
1277 3591 1372 3659 vulga·

70 3672 162 3730 tam
184 3677 363 3731 conciliorum
385 3680 517 3748 praefert.
559 3678 695 3732 Niminuu
713 3679 838 3732 Gelasius
860 3679 904 3732 hic
928 3680 1042 3749 repetit,
1067 3678 1141 3747 quod
1160 3677 1239 3746 epist.
1260 3683 1292 3729 ‘26
1311 3695 1335 3729 u.
1357 3684 1372 3730 5

72 3763 232 3830 inscruit,
252 3764 319 3817 satis
338 3765 464 3818 constare
484 3769 604 3817 Acacium
624 3772 712 3818 nullum
731 3769 846 3817 lrulun'asc
869 3770 1021 3832 primilicium
1040 3770 1163 3817 sententia
1182 3769 1251 3816 sedis
1269 3773 1373 3829 apiosto-

72 3848 168 3901 ‘icae
191 3855 333 3903 ‹lrrrunnlum
356 3849 409 3915 (vel
432 3856 581 3903 sententiaro
604 3856 672 3903 sedis
696 3852 863 3917 apostolicae)
887 3854 941 3902 sinc
964 3856 1014 3903 ullo
1039 3855 1096 3915 ejus
1124 3855 1224 3901 notione
1251 3851 1370 3900 soluendi.

79 3922 174 3986 Vide
192 3939 221 3987 ct
238 3934 317 4003 epist.
331 3941 363 3987 27
382 3953 407 3988 n.
422 3942 437 3988 4
450 3937 479 3989 ct
491 3942 515 3989 ι’).
545 3936 664 4004 Propter
682 3935 878 3988 auctoritatem
896 3935 991 3987 tauma
1004 3936 1128 3988 veterum
1143 3933 1269 3987 codicum
1288 3932 1371 3999 suspi-

76 4016 148 4070 Qio
165 4021 219 4084 est,
243 4021 390 4086 utramque
408 4020 555 4074 lectionem
579 4020 619 4072 ita
637 4020 821 4088 copulandam
840 4036 912 4073 esse:
939 4026 962 4073 si
980 4040 1010 4072 ea
1029 4039 1093 4088 quae
1113 4039 1161 4072 aon
1181 4025 1303 4086 liparea-nt
1322 4023 1370 4069 sol·

78 4114 189 4169 oeric«,
208 4117 234 4157 cl
252 4112 295 4157 illu
314 4127 378 4174 pune
396 4112 520 4172 lipooerul
539 4126 586 4158 nou
606 4111 759 4171 resolvente,
779 4112 848 4159 luvrao
868 4116 917 4160 etc.

171 4193 203 4257 ⁷0
221 4189 352 4244 Nicolaus
371 4191 382 4242 l
401 4207 443 4258 cp.
460 4199 471 4243 1
492 4190 526 4243 ad
546 4190 626 4243 llicb.
641 4191 706 4259 imp.
721 4191 793 4244 lrunc
811 4191 902 4243 locum
920 4189 960 4242 ita
978 4188 1087 4242 laudat:
1117 4193 1255 4242 leonidem
1269 4193 1293 4239 iu
1307 4197 1371 4239 torro

79 4285 142 4325 (τά
158 4280 300 4328 Orientales
317 4281 459 4344 episcopos.
494 4281 651 4344 Praecipuae
670 4288 716 4329 cle.
748 4276 819 4328 Vide
837 4272 903 4327 ,lulli
921 4274 932 4326 l
951 4273 1098 4343 epistolam
1114 4280 1124 4326 1
1146 4292 1170 4326 n.
1186 4279 1226 4326 22.

171 4364 203 4429 ⁷⁵)
222 4361 320 4415 Avitus
338 4361 501 4416 Viennensis
519 4362 663 4431 episcopus
682 4362 762 4430 epist.
776 4368 805 4414 31
827 4362 988 4414 cunctorum
1007 4360 1211 4413 Gallicanorum
1231 4357 1372 4427 episeopo-

83 4453 166 4499 ¹‘um
184 4447 294 4501 nornine
312 4445 435 4500 scribens
453 4447 504 4500 ait:
530 4469 578 4500 aori
594 4454 672 4513 [urile
691 4453 768 4499 alciun·
786 4451 903 4513 tritedipi,
923 4467 973 4515 qvia
990 4454 1029 4500 uel
1046 4452 1145 4499 ratione
1164 4451 1201 4498 uel
1219 4449 1272 4511 lege
1286 4446 1317 4495 ot
1336 4448 1373 4494 in·

83 4531 241 4586 femoribus
260 4540 408 4586 carrinentior
421 4539 561 4598 judicetur.

172 4621 204 4685 ²⁹)
222 4618 255 4670 D¹
271 4618 300 4670 d²
322 4624 376 4672 aiae
400 4627 542 4687 ‹apostolic-u
563 4625 633 4672 sule.
669 4619 788 4685 Moxque
807 4618 842 4670 0⁷
860 4624 969 4678 soluere,
995 4637 1024 4672 cc
1043 4618 1136 4671 autem
1160 4614 1267 4669 addunt
1287 4619 1373 4685 polim

93 4693 182 4758 (ante
200 4725 249 4758 aron
268 4706 353 4772 illum).
