3450 5678
663 334 692 383 S.
708 331 844 381 FELICIS
867 332 894 379 11
915 331 1030 379 Phene

439 623 477 665 ‘⁴
720 626 791 699 No
810 630 829 698 l
848 628 861 699 i
881 630 900 698 l
918 628 931 699 i
950 652 975 699 a

259 779 462 850 epistolarum
480 793 541 834 non
560 776 748 833 exstantiam
766 790 844 845 quae
863 775 901 831 ml
919 790 945 831 s.
963 774 1097 832 Felicem
1113 776 1145 831 11
1162 790 1274 847 papan
1290 777 1447 837 attinul-

826 946 853 1011 Ι.

213 1064 295 1119 Anno
311 1059 383 1117 483.
415 1060 443 1116 1.
473 1060 580 1115 Felicis
595 1059 635 1114 ad
648 1061 799 1131 episcopos
822 1057 985 1113 onentates
1001 1058 1037 1114 de
1057 1058 1196 1115 monendo
1212 1058 1326 1119 Acacio
1346 1064 1475 1123 incitati

365 1146 394 1201 2.
426 1145 533 1202 Cinium
549 1144 927 1216 Constantinopolitanorum
949 1150 1036 1216 atque
1052 1142 1240 1201 Orientalium
1255 1146 1298 1202 ad
1310 1146 1444 1207 Felicem

364 1232 473 1288 Acaeio
487 1233 728 1303 praeuaricatore
743 1232 895 1285 incusatio.

299 1336 326 1389 1,
358 1331 445 1401 Quum
466 1332 544 1388 sedes
565 1331 713 1407 apostolica
734 1332 836 1387 iteratis
855 1329 889 1386 ad
909 1331 1033 1386 Aradum
1049 1330 1147 1386 litteris
1168 1333 1227 1387 suis
1242 1333 1310 1391 nihil
1326 1334 1475 1410 proteum

212 1437 262 1476 nec
277 1420 401 1493 responsi
422 1417 566 1492 quidquam
588 1418 739 1480 meruisset,
761 1417 841 1473 etiam
856 1417 999 1491 episcopos
1015 1414 1164 1473 Orientales
1179 1416 1260 1481 adiit.
1281 1426 1315 1476 nt
1335 1419 1475 1494 cordua«

211 1505 308 1561 studiis
323 1505 399 1561 Illum
415 1512 567 1560 monerent.
598 1501 676 1570 Quod
691 1502 768 1558 iidem
785 1511 813 1558 et
833 1501 930 1558 iecisse
950 1510 1142 1564 memorantur.
1163 1518 1213 1559 nec
1234 1503 1361 1563 feliciore
1382 1506 1475 1567 effac

214 1594 301 1661 Ecce,
324 1592 432 1647 nominc
453 1589 548 1645 Felicis
570 1587 663 1645 scribit
684 1588 804 1644 Gelasius
826 1587 941 1662 epistola
963 1588 978 1643 1
1002 1605 1028 1643 n.
1053 1586 1102 1650 34,
1122 1593 1311 1661 poposcimus
1329 1608 1397 1659 aaa,
1424 1610 1475 1654 e«

212 1680 378 1749 scripsistis,
398 1692 467 1732 eccc
482 1693 539 1731 non
554 1677 689 1749 diprratus
704 1681 747 1730 est
762 1677 810 1730 illc
825 1674 988 1730 rescribere
1002 1690 1057 1730 nec
1072 1674 1151 1730 vohis
1164 1689 1220 1730 nec
1235 1676 1315 1734 rnilsi.

299 1764 328 1819 ⁶2.
344 1760 471 1817 Fortasse
483 1759 603 1831 ejusdcm
615 1776 710 1815 causae
722 1760 877 1833 prosecutio
887 1767 938 1823 est,
951 1757 1025 1832 qaod
1037 1758 1216 1832 Theophanes
1226 1759 1382 1839 chronogr.
1395 1782 1425 1841 p.
1433 1766 1475 1825 2

213 1867 255 1922 sq.
277 1846 371 1905 refert.
407 1846 526 1902 Primum
547 1846 617 1901 enim
638 1852 767 1901 memorat
784 1844 902 1901 Orientis
923 1845 1066 1919 episcopos
1087 1860 1149 1901 cum
1171 1846 1284 1910 Acacio,
1312 1848 1392 1923 qnod
1412 1848 1475 1911 Pe

214 1934 314 2008 hlongo
325 1933 522 1988 communionis
533 1932 700 1987 consortium
713 1931 895 2005 impertisset,
911 1947 960 2004 per
970 1929 1074 1986 litteras
1086 1930 1291 2003 expostularem
1306 1932 1388 1993 illum
1402 1946 1475 1996 atu

213 2021 311 2094 spretis
326 2020 447 2092 ipsorum
463 2018 571 2073 monilis
587 2025 708 2079 cunctos,
725 2025 756 2072 ut
771 2015 894 2072 eumdem
909 2015 1018 2072 Petrum
1030 2017 1057 2072 in
1069 2018 1288 2075 communionem
1303 2018 1475 2083 admittere

213 2103 445 2178 impudentissime
467 2102 637 2176 compulisse.
677 2103 747 2159 Tum
768 2119 849 2173 eero,
877 2103 978 2175 inquit,
1006 2105 1083 2159 ciues
1110 2103 1191 2159 urhis
1210 2107 1313 2179 repiae
1333 2112 1475 2187 cuncta}

217 2190 379 2246 Orientales
393 2189 527 2251 Felicem.
544 2193 594 2262 qui
603 2196 670 2269 ψει
680 2188 820 2261 Simplicii
833 2189 937 2245 obitum
952 2189 1046 2244 sedem
1058 2189 1220 2245 Rornanam
1235 2192 1364 2263 tenebat,
1381 2210 1475 2271 anm

94 2312 107 2323 -
215 2292 265 2331 ces
285 2277 420 2332 adierunt
441 2273 521 2346 (haud
540 2273 621 2329 duhie
637 2292 685 2348 per
701 2272 824 2346 litteras),
847 2280 874 2329 et
895 2276 1034 2330 medorum
1054 2277 1177 2331 omnium
1198 2280 1352 2334 auctorem
1372 2281 1475 2339 inea:

216 2368 319 2418 uerunt
333 2361 481 2416 Acacium.
513 2357 614 2427 Quihus
630 2359 710 2416 dictis
726 2358 864 2434 adjungit:
884 2360 1004 2417 Interea
1018 2360 1169 2417 Joltannea
1181 2361 1390 2422 Alexandriae
1399 2382 1475 2438 pr·

215 2450 261 2504 sul
274 2448 348 2503 hacc
363 2448 463 2503 eadem
477 2448 651 2502 denuntians
670 2446 789 2503 Romam
811 2447 981 2519 inpreditur.
1011 2444 1049 2501 tte
1064 2444 1142 2517 enjus
1157 2447 1321 2505 narrationis
1337 2448 1453 2509 omme

216 2533 316 2606 nititur,
333 2531 424 2587 athas
441 2532 543 2587 litteras
559 2539 621 2587 ante
636 2532 769 2604 acceperit
785 2529 865 2591 Felix.
886 2548 965 2605 qnam
979 2531 1115 2587 lohannes
1131 2530 1220 2603 Falaja
1235 2530 1349 2591 honam
1362 2537 1475 2613 ingre

214 2625 298 2681 retur,
314 2617 435 2691 redeoque
449 2619 476 2673 in
491 2616 603 2672 exordio
618 2615 789 2690 pontificatus
805 2618 856 2672 sni.

826 2763 869 2828 ll.

216 2893 292 2932 unna
308 2873 380 2931 483.
410 2876 555 2930 Iohannis
569 2875 762 2931 Alexandrini
776 2877 907 2946 episcopi
921 2875 961 2930 ad
973 2874 1099 2930 Felicem
1114 2875 1258 2933 aduersus
1272 2878 1475 2935 eumdend

369 2964 444 3017 cium
457 2961 580 3017 libellus.

300 3063 360 3120 hlox
375 3063 511 3120 lohannes
527 3061 683 3125 catholicus,
706 3062 820 3136 primum
836 3062 1029 3119 Alexandrinae
1050 3062 1180 3120 ecelesiae
1200 3062 1347 3140 presbyter
1365 3072 1393 3123 et
1404 3072 1475 3121 od

215 3166 312 3206 nomns
327 3167 357 3205 ac
372 3150 519 3205 novissime
539 3156 646 3204 creatus
669 3147 789 3219 ejusdem
805 3149 959 3222 episcopus.
980 3145 1091 3205 llomam
1105 3151 1259 3225 ingressus,
1274 3166 1345 3226 qnos
1359 3149 1475 3207 aden

216 3236 340 3291 Acacium
356 3242 493 3309 paraverat
509 3232 617 3289 libellos
633 3231 770 3308 Simplicio
787 3232 941 3296 tradendos.
958 3232 1039 3290 Felici
1055 3236 1101 3309 qni
1116 3235 1239 3309 proxime
1253 3237 1307 3312 ipsl
1320 3242 1475 3293 aaron*

216 3320 317 3378 ohtnlit
332 3320 522 3396 (Theophanes
538 3318 633 3376 chron.
650 3337 678 3393 p.
695 3317 765 3383 204,
781 3316 877 3394 Frage.
893 3318 935 3382 ΙΙΙ,
954 3318 1013 3393 18).

821 3465 881 3531 ΙΙΙ.

217 3596 293 3634 anno
308 3576 369 3635 483
392 3595 417 3633 c.
440 3581 510 3633 enit.
541 3576 642 3650 Cyrilli
660 3577 774 3633 (abbatis
793 3577 1007 3634 acaemitorum
1028 3579 1069 3634 od
1087 3578 1214 3635 Felicem
1234 3580 1271 3637 de
1291 3578 1475 3653 accelera

368 3666 574 3719 intercessione
589 3665 712 3734 repetita
728 3662 890 3719 admonitio.

301 3765 415 3840 cyrillus
428 3766 626 3821 hcoemitarum
642 3763 833 3819 monachorum
849 3773 934 3839 pater,
951 3782 1033 3839 quum
1049 3781 1091 3822 res
1103 3764 1223 3822 (trientis
1238 3768 1267 3824 ln
1278 3752 1475 3825 tenenti

216 3853 386 3926 impatienter
407 3851 503 3913 terret.
526 3850 661 3924 legatosa
683 3848 785 3912 Felice.
810 3859 838 3906 ut
859 3852 897 3905 eis
919 3851 1081 3913 mederetur.
1103 3850 1254 3924 destinatos
1275 3870 1335 3910 esse
1348 3850 1475 3927 ΙιιιιιιΓ1

216 3936 321 3993 litteras
336 3936 368 3992 ad
385 3955 447 3993 cnm
462 3938 579 4010 scripsit,
595 3935 629 3991 de
645 3933 741 4010 quibus
758 3933 887 4011 Evagrins
903 3935 944 4001 ΙΙΙ,
963 3937 1000 3993 19
1016 3938 1052 3992 ita
1067 3937 1203 4012 loquitur:
1216 3942 1384 4017 priusquam
1395 3938 1475 3999 lc!

215 4039 314 4096 papae
335 4024 376 4078 ad
395 4024 492 4079 urhem
514 4026 622 4098 rapiam
642 4025 857 4095 peruenissent,
886 4023 1012 4097 Cyrillus
1033 4024 1270 4083 Acoemitensium
1285 4022 1475 4083 nunaunt

215 4112 402 4183 praepositus
417 4111 555 4183 quosdam
571 4126 636 4165 cnm
651 4111 756 4165 litteris
775 4111 815 4166 ad
828 4110 954 4167 Felicem
969 4112 1052 4179 misit,
1074 4111 1109 4166 de
1128 4112 1197 4183 ejus
1216 4115 1395 4169 cunctatione
1415 4108 1475 4157 ⁶¹

217 4211 352 4269 querens,
368 4213 454 4268 quum
470 4203 528 4250 lam
548 4199 651 4270 procia
667 4196 809 4252 ‹uetuersns
824 4203 934 4252 rectam
948 4197 1032 4268 sidem
1048 4199 1302 4254 committerentur.

831 4359 888 4423 IV.

217 4489 294 4528 arena
310 4467 371 4527 484
388 4486 414 4525 c.
430 4472 489 4526 init.
520 4470 627 4527 Felicis
648 4471 688 4526 ud
705 4474 816 4544 lepatos
837 4470 979 4527 Misenum
1000 4479 1027 4527 ct
1052 4470 1169 4526 Vitntem
1188 4472 1225 4527 de
1247 4466 1475 4529 communica*

368 4572 432 4611 cum
448 4555 555 4629 Cprilto
572 4560 700 4613 consitiis
713 4557 875 4612 admonitio.

301 4658 397 4715 Statim
414 4666 443 4714 ut
458 4659 560 4732 accepit
576 4656 649 4714 Felix
671 4658 717 4714 lias
733 4658 825 4732 Cyrilli
846 4658 958 4721 litteras,
974 4660 1078 4732 scripto
1093 4657 1126 4713 ad
1147 4657 1255 4733 legatos
1279 4676 1345 4717 snos
1357 4650 1475 4734 1³0⁰}

217 4753 245 4800 et
261 4744 380 4819 collegas
402 4745 485 4800 misso
501 4745 638 4818 praecepit
653 4745 700 4807 eis.
723 4746 935 4817 nequidquam
956 4751 1085 4818 opereat,
1104 4747 1278 4819 prinsquam
1299 4762 1361 4803 caat
1378 4736 1475 4803 (597¹

218 4838 320 4971 cssepp)
327 4832 464 4988 collpputi
478 4838 505 4886 et
520 4831 557 4886 ab
573 4847 606 4888 co
622 4831 691 4904 qnid
705 4832 845 4905 apendum
860 4836 936 4887 esset
951 4831 1125 4887 didicissent.
1143 4827 1250 4905 (Evagr.
1268 4830 1286 4887 Ι.
1303 4850 1327 4888 ι.
1343 4827 1375 4887 cl.
1395 4804 1475 4874 ¹²²¹*

218 4929 260 4988 cp.
333 4932 359 4971 n.
411 4958 417 4972 .
444 4966 449 4971 .
