3450 5678
711 340 884 394 arrsrous
908 333 979 392 137.
1422 320 1482 395 961

213 504 271 565 aut
298 497 477 584 adjectione
506 497 610 583 plenis
639 500 695 561 sut
720 496 925 562 institutione
952 495 1120 582 perfectis:
1155 497 1218 562 nisi
1247 497 1331 562 forte
1363 503 1486 568 mavult
1498 522 1524 561 a.
1535 511 1593 561 sel.

213 600 381 687 quisquam
403 600 551 665 dubitare
573 621 668 685 quam
691 598 834 683 credere,
864 601 986 664 certare
1008 621 1104 683 quarn
1130 621 1240 684 nosse,
1272 602 1360 687 sequi
1388 604 1486 670 dubia

212 724 310 788 quam
331 724 457 768 servare
479 701 617 767 decreta.

299 805 330 871 3.
364 804 450 870 Nam
477 805 504 868 si
526 804 669 871 Trinitas
691 804 794 889 Deus,
823 803 884 869 hoe
912 806 961 869 est
982 803 1080 869 Pater
1108 803 1265 870 attilius
1294 809 1326 870 et
1347 806 1486 892 Spiritus

214 909 356 991 sanctus,
379 906 467 972 Deus
489 909 596 971 sutem
617 928 710 991 unus,
734 907 917 992 specialiter
938 906 1122 992 legislatore
1144 907 1287 972 dicente:
1315 914 1413 993 Audi,
1441 917 1635 1002 lausanen.

213 1017 293 1093 raet,
316 1014 461 1076 Dominus
483 1014 564 1074 Deus
584 1021 655 1075 taus
676 1014 757 1074 Deus
778 1031 855 1075 anas
876 1020 936 1073 est:
962 1009 1017 1092 qui
1040 1008 1134 1073 aliter
1151 1007 1261 1094 habet,
1284 1032 1414 1077 necesse
1437 1017 1487 1078 est
1644 1019 1654 1030 '

215 1115 273 1176 aut
293 1110 507 1177 Divinitatem
527 1112 563 1175 in
589 1110 692 1175 multa
713 1111 887 1197 dividatl),
919 1113 975 1174 aut
1003 1109 1186 1195 specialiter
1212 1112 1395 1195 passionem
1422 1114 1484 1199 ipsi

215 1214 375 1279 essentiae
396 1212 566 1278 Trinitatis
587 1213 764 1298 impingat,
794 1215 841 1296 et,
871 1212 955 1296 quod
981 1212 1066 1277 absit
1096 1235 1116 1276 a
1141 1213 1284 1278 fidelium
1311 1216 1485 1300 mentibus,

215 1315 277 1381 hoc
300 1318 365 1399 est,
392 1319 450 1380 aut
476 1315 583 1400 plures
613 1315 688 1380 deos
714 1336 802 1380 more
829 1314 985 1400 profanae
1012 1314 1207 1399 gentilitatis
1233 1316 1400 1401 inducere,
1431 1327 1488 1383 aut

216 1416 402 1483 sensibilem
424 1438 562 1502 poenam
584 1416 624 1481 ad
647 1439 718 1482 eam
739 1418 889 1482 naturam
911 1438 993 1501 quae
1022 1416 1128 1483 aliena
1155 1421 1205 1482 est
1233 1418 1273 1482 ab
1300 1420 1388 1484 omni
1415 1442 1488 1505 pas-

216 1520 306 1585 sione
334 1518 520 1584 transferre.
571 1518 662 1584 Unus
672 1522 710 1605 ¹⁰)
746 1522 795 1584 est
822 1520 935 1583 sancta
962 1518 1121 1601 Trinitas,
1155 1541 1222 1584 non
1255 1519 1490 1606 multiplicatur

216 1642 361 1704 numero,
384 1642 451 1686 non
474 1621 589 1685 crescit
611 1625 800 1707 augmento,
822 1642 883 1685 nec
904 1622 1012 1705 potest
1034 1623 1089 1685 aut
1110 1620 1329 1707 intelligentia
1349 1624 1489 1709 compre-

216 1722 332 1807 hendi,
362 1725 418 1787 aut
442 1722 504 1788 hoc
532 1723 616 1807 quod
638 1723 725 1787 Deus
752 1726 802 1787 est
829 1722 1020 1788 discretione
1048 1723 1186 1808 sejungi.
1231 1721 1309 1799 ens
1337 1745 1414 1809 ergo
1441 1724 1490 1789 illi

217 1826 341 1889 semeto
370 1827 520 1890 aeternae
547 1824 863 1909 impenetrabilisque
890 1824 1105 1908 substantiae,
1136 1825 1219 1910 quod
1246 1827 1397 1913 nequefl)
1424 1826 1491 1890 ulla

217 1925 392 1991 visibilium
420 1926 470 1991 vel
498 1926 708 1992 invisibilium
740 1929 958 1991 creaturarum
991 1926 1098 2010 potuit
1130 1926 1327 2012 investigare
1359 1931 1488 2013 natura,

218 2028 388 2113 profanam
412 2028 598 2093 divisionem
620 2031 726 2093 tentet
746 2029 910 2114 ingerere,
940 2031 973 2093 et
995 2027 1096 2093 divini
1122 2050 1242 2093 arcana
1269 2030 1414 2114 mysterii
1442 2051 1490 2095 re-

218 2151 334 2196 vocare
357 2131 396 2195 ad
420 2130 576 2196 caleulum
597 2131 694 2195 moris
716 2129 872 2195 humani?
912 2130 1091 2195 Adoremus
1113 2130 1243 2195 Patrem
1265 2134 1298 2196 et
1319 2130 1436 2196 Filium
1459 2135 1492 2196 et

220 2230 376 2317 Spiritum
398 2236 555 2316 sanctum,
579 2232 802 2298 indistinctam
823 2233 984 2316 distincte,
1012 2231 1367 2318 incomprehensibilem
1390 2237 1423 2298 et
1444 2233 1491 2297 in-

220 2333 436 2399 enarrabilem
457 2335 673 2400 substantiam
690 2335 870 2418 Trinitatis,
895 2334 948 2399 ubi
973 2335 1033 2399 etsi
1056 2334 1199 2401 admittit
1219 2356 1389 2400 numerum
1410 2335 1493 2399 ratio

219 2455 445 2519 personarum,
475 2437 584 2502 unitas
606 2441 716 2502 tamen
738 2459 805 2503 non
828 2436 971 2502 admittit
993 2437 1215 2523 essentiae¹²),
1244 2437 1292 2502 ita
1319 2441 1429 2502 tamen
1455 2440 1493 2501 ut

220 2559 383 2603 servemus
405 2538 532 2603 divinae
554 2539 684 2624 propria
705 2543 855 2622 naturae,
885 2561 1046 2603 servemus
1067 2539 1197 2625 propria
1222 2539 1395 2624 unicuique
1422 2560 1493 2624 per·

222 2660 335 2705 sonae:
358 2640 441 2726 uttss)
464 2663 524 2705 nee
545 2641 691 2726 personis
713 2640 903 2705 Divinitatis
925 2640 1133 2725 singularitas
1156 2641 1343 2725 denegetur,
1370 2662 1430 2706 nee
1453 2641 1493 2704 ad

222 2742 396 2808 essentiam
416 2742 488 2826 hoc,
512 2743 595 2829 quod
617 2746 666 2807 est
687 2743 852 2828 proprium
874 2742 1050 2825 nominum,
1071 2743 1296 2808 transferatur.
1337 2742 1494 2829 Magnum

223 2847 272 2909 est
294 2849 426 2910 sanctae
449 2848 480 2909 et
502 2843 825 2930 incomprehensibile
850 2844 1038 2928 mysterium
1059 2843 1246 2929 Trinitatis,
1276 2844 1362 2909 Deus
1385 2843 1492 2929 Pater,

223 3031 344 3101 synodos
357 3031 582 3105 nominatimque
605 3047 676 3100 quae
695 3049 712 3087 a
730 3031 949 3087 calchedonensi
971 3030 1086 3087 definita
1102 3033 1167 3085 sunt
1185 3048 1214 3086 se
1233 3030 1372 3101 suscipere
1389 3032 1495 3102 profes·

223 3135 269 3172 sus
286 3116 391 3171 subdit:
416 3121 663 3171 Anaidematr'samas
681 3129 762 3172 autem
780 3137 878 3184 omnes,
901 3123 925 3171 si
942 3123 998 3187 quis
1015 3121 1113 3172 dabitat
1131 3127 1175 3170 ant
1197 3127 1324 3171 retractat
1341 3128 1386 3190 aut
1402 3122 1495 3186 irnper-

221 3206 294 3269 secta
304 3208 417 3270 judicat.
915 3201 917 3206 ’

291 3289 314 3356 ⁹)
331 3288 376 3342 Ita
392 3287 418 3340 H
429 3286 447 3341 J
458 3286 490 3341 0.
522 3286 556 3343 θ’
569 3290 596 3342 a¹
615 3304 672 3356 seq.
692 3294 814 3345 dividens.

294 3374 325 3441 ¹⁰)
343 3370 418 3426 udin
441 3389 505 3426 cum
525 3372 666 3442 plerisque
689 3391 751 3428 mss.
769 3393 842 3426 ariam
854 3384 900 3427 est.
936 3370 1048 3434 Verius,
1070 3373 1104 3425 ut
1125 3368 1247 3439 videtur,
1269 3371 1302 3426 F¹
1314 3371 1354 3426 J¹¹
1372 3392 1436 3426 unus
1457 3384 1497 3427 est

225 3456 324 3527 supple
349 3461 425 3512 Deus.
460 3456 617 3512 Ferrandus
640 3457 772 3512 haecum
794 3458 874 3527 epist.
892 3456 929 3512 ad
945 3456 1028 3511 Anat.
1049 3473 1071 3511 c.
1091 3462 1134 3524 15,
1156 3457 1307 3527 postquam
1328 3454 1495 3523 observavit,

225 3558 322 3597 vocem
340 3562 403 3596 anus
419 3557 568 3612 personam
587 3558 699 3604 sonare,
719 3541 825 3596 subdit:
844 3546 934 3598 Potest
952 3547 1050 3612 quidem
1067 3561 1131 3595 anm
1149 3547 1223 3596 ettam
1238 3546 1403 3596 substantiam
1420 3546 1497 3610 siyni·

221 3635 317 3696 ficare,
335 3626 384 3682 sed
399 3632 423 3680 si
439 3633 521 3682 addes
537 3632 695 3682 substantiae
710 3632 845 3696 proprium
862 3630 1068 3697 manifestamque
1085 3630 1242 3690 uocabulum,
1260 3631 1326 3680 sicut
1344 3631 1445 3696 quando
1458 3632 1496 3680 di·

226 3718 279 3767 cis:
297 3715 430 3774 „Trinitas
448 3723 487 3767 est
503 3715 596 3779 ansa“,
615 3722 639 3766 et
657 3719 773 3767 continue
790 3716 919 3779 subinfers
937 3714 1054 3779 „Deas“.
1089 3711 1195 3766 Nostra
1207 3713 1301 3767 sutem
1312 3709 1394 3766 lectio
1407 3709 1498 3780 magis

227 3797 360 3852 cohaeret
386 3813 448 3852 cum
471 3796 672 3868 superioribus,
700 3795 800 3865 quibus
821 3796 971 3851 Hormisda
993 3795 1159 3866 Scytharum
1181 3794 1352 3868 sententiam
1372 3794 1498 3866 quamvis

228 3881 381 3937 orthodoxe
399 3879 489 3952 accipi
506 3898 586 3952 posse
604 3899 659 3937 non
677 3883 774 3952 neget,
796 3899 814 3936 a
831 3880 1033 3938 Tritheitmnm
1054 3881 1356 3952 Theopaschitarumve
1373 3880 1499 3936 sensibus

228 3985 284 4022 non
301 3966 368 4021 satis
386 3966 537 4022 abhorrere
555 3966 652 4022 innuit.
688 3966 732 4021 Ab
750 3967 793 4020 his
809 3967 905 4022 tamen
922 3966 1017 4036 palam
1034 3966 1219 4036 recedebant,
1238 3965 1286 4035 qui
1302 3987 1374 4020 anem
1392 3986 1428 4021 ea
1442 3969 1499 4019 Tri·

228 4059 309 4107 nitate
325 4052 434 4106 tantum
451 4073 530 4107 carne
544 4073 647 4122 passam
664 4052 875 4123 profitebantur.
1059 4105 1061 4109 ,

298 4139 329 4207 ¹¹)
348 4137 422 4193 (3¹³¹
442 4153 518 4206 sequ,
543 4144 611 4209 quod
632 4142 701 4192 nulla
723 4145 763 4192 acl
783 4141 939 4192 invisibilium
962 4149 1123 4192 naturarum:
1147 4138 1338 4192 restaurantur
1356 4153 1390 4192 ex
1407 4134 1463 4189 HJ
1476 4136 1499 4189 0

228 4223 258 4277 h¹
272 4226 296 4278 c'
310 4223 339 4277 i’.

299 4310 329 4377 ¹²)
348 4307 420 4363 Oce
436 4307 481 4363 hie
499 4307 562 4363 add.
579 4314 780 4377 separationem,
798 4309 827 4362 h¹
845 4314 1057 4377 sincerissimam,
1077 4307 1153 4375 quod
1171 4307 1273 4363 rectius
1290 4307 1371 4363 abest
1387 4304 1452 4360 aG¹
1463 4304 1501 4359 11⁶

230 4391 267 4447 Η8
284 4395 347 4448 ets
369 4411 433 4448 mss.
457 4397 498 4461 a³,
520 4392 669 4448 subaudita
691 4409 759 4448 voce
781 4415 915 4451 erumnam.
954 4394 971 4448 J
989 4414 1039 4448 non
1062 4399 1153 4447 amitit
1179 4400 1325 4453 essentiam,
1349 4391 1389 4444 J¹⁰
1409 4389 1430 4443 i²
1451 4410 1501 4444 non

231 4483 324 4532 astitit
340 4485 467 4533 essentiae
488 4485 686 4548 separationem.
721 4478 819 4548 Neque
837 4479 962 4533 Aeneam
979 4477 1163 4533 Parisiensem
1180 4479 1263 4533 aliter
1279 4475 1380 4546 legisse
1401 4474 1502 4544 preba-

231 4563 287 4617 bile
305 4564 359 4630 est,
382 4561 448 4618 licet
465 4564 540 4634 apud
558 4580 621 4618 eum
639 4580 712 4618 nunc
730 4581 792 4618 cum
810 4582 874 4619 mss.
893 4564 910 4618 J
926 4563 1051 4632 legatur:
1076 4584 1126 4618 non
1144 4569 1235 4618 amittit
1252 4567 1394 4617 essentiane
1429 4557 1502 4614 Nam

231 4649 340 4703 veteres
358 4654 472 4703 ammittit
489 4665 540 4720 pro
559 4655 667 4704 admittit
684 4648 800 4720 pingere
819 4649 921 4713 solent,
939 4661 964 4702 et
982 4649 1189 4703 essentiamloco
1202 4653 1328 4701 essentiae
1346 4644 1427 4699 facile
1440 4642 1503 4698 sub·

232 4732 393 4801 stituerunt,
416 4734 464 4802 qui
482 4750 537 4803 quo
554 4737 638 4806 pacto
656 4734 727 4789 haec
743 4751 796 4788 vox
815 4752 877 4788 curn
896 4733 980 4788 verbo
999 4733 1182 4788 antecedente
1201 4732 1420 4795 construeretur,
1442 4746 1503 4798 per·

233 4821 359 4889 spectum
377 4836 434 4874 non
451 4820 603 4876 habebant.

303 4906 335 4974 ¹⁸)
352 4907 379 4960 s¹
398 4922 455 4975 seq.
475 4905 565 4960 omitt.
584 4917 624 4967 at,·
641 4923 707 4962 mox
723 4905 761 4960 Π6
778 4912 942 4977 singularitas
957 4914 1102 4976 generetur.

269 5009 424 5048 srrssonss
438 5009 541 5050 sousa.
555 5011 669 5050 scuris.
688 4996 710 5052 Ι.
1262 4997 1299 5056 61
