3450 5678
662 331 858 383 unarchus:
883 322 952 382 120.
978 324 1049 382 121.

723 520 907 624 Epistola
933 521 996 605 121

834 672 883 711 seu

247 770 382 828 Relatio
402 766 587 860 Epiphanii
607 766 760 838 episcopi
781 767 1148 838 comtantinopolitani
1169 770 1215 827 ad
1234 771 1461 832 Hormisdanu
1490 755 1642 942 30ξᾷἓέἕὲ

170 903 211 953 ii.
254 901 314 952 Has
331 902 431 952 litteras
448 902 579 951 electionis
595 915 657 949 suae
673 902 725 949 cult
741 914 799 950 csse
815 900 912 951 indices
930 899 966 964 (a.
979 898 1013 965 1).
1050 900 1085 951 Sc
1102 917 1157 951 eurr
1167 901 1309 972 Hormisdc
1323 905 1376 965 fide
1394 920 1455 955 con·
1514 885 1583 953 (dai-
1617 930 1624 942 ·

249 987 464 1060 junctumtpsius
477 986 542 1048 fidei
557 1000 618 1035 auce
641 985 802 1049 expositione
825 990 934 1035 restatur
951 983 987 1048 (a.
1001 983 1037 1050 2).
1071 986 1196 1049 Ejusdrm
1217 989 1258 1036 νει·
1274 989 1372 1051 iepatos
1387 990 1455 1040 illias
1518 954 1612 1025 Mal)

255 1077 333 1122 tecm
350 1073 477 1136 appellat,
505 1071 602 1134 etjam
624 1071 681 1134 ejus
699 1085 793 1134 preces
807 1084 858 1134 pro
875 1085 903 1120 se
921 1071 1022 1136 suisque
1043 1070 1219 1122 smerdotibus
1240 1088 1272 1122 uc
1287 1073 1406 1137 principe
1429 1081 1454 1124 er

702 1155 818 1220 Aspasia
835 1162 912 1219 rapat
929 1153 963 1219 (n.
974 1154 1010 1218 3).

372 1287 640 1354 sanctissimo
670 1307 714 1351 ae
736 1286 967 1352 beatissimo
989 1287 1145 1352 domino
1171 1287 1293 1352 fratri
1320 1292 1360 1354 et
1387 1311 1487 1356 ccm-

464 1389 732 1453 ministratcri
745 1388 981 1454 Hormisdae
995 1388 1245 1474 Epiphanius
1267 1391 1307 1456 in
1322 1391 1487 1459 Domino

463 1490 642 1556 salutem.

305 1610 333 1674 1.
369 1616 459 1693 Deus,
483 1617 536 1690 qui
555 1616 587 1674 in
609 1616 671 1676 ulto
692 1606 808 1676 tobiam
827 1623 857 1677 et
878 1617 1004 1676 aemilia
1019 1617 1151 1692 respicit,
1176 1614 1210 1676 et
1230 1612 1339 1678 omnia
1358 1635 1417 1699 pro
1439 1636 1487 1680 sa-
1501 1597 1604 1722 ξξξῑῗ·

217 1713 285 1777 luta
307 1711 473 1776 hominum
495 1711 667 1777 affluenter
687 1713 848 1797 providet,
876 1734 935 1798 pro
962 1735 1020 1777 sua
1042 1713 1186 1778 bonitate
1211 1716 1244 1778 et
1269 1715 1487 1783 misericordia
1557 1710 1563 1736 ’
1589 1710 1595 1722 ’

217 1836 323 1880 meam
344 1813 486 1899 respexit
505 1814 714 1899 parvitatem,
745 1819 778 1880 et
805 1819 879 1900 post
900 1815 1022 1880 obitum
1044 1819 1175 1881 sanctae
1196 1818 1367 1883 memoriae
1389 1841 1488 1905 qucu-

218 1917 293 1981 dam
308 1915 539 2001 archiepiscopi
554 1920 587 1981 et
600 1916 802 2001 patriarchae
816 1916 976 1983 Johannis
991 1918 1097 1982 sedem
1113 1918 1341 1985 sacerdotalem
1356 1926 1488 1988 sanctw

219 2019 371 2085 ecclesiae
394 2019 569 2085 catholicae
591 2020 699 2103 regiae
713 2019 802 2084 urbis
817 2019 896 2085 mihi
915 2020 1060 2085 conferre
1075 2020 1228 2105 dignatus
1243 2025 1302 2106 est,
1326 2025 1488 2089 sententia

218 2124 252 2187 et
272 2120 428 2186 electione
451 2120 716 2214 christianissimi
739 2129 772 2187 et
796 2123 968 2207 justissimi
997 2123 1153 2207 principis
1181 2124 1283 2188 nostri
1305 2125 1428 2191 Justini
1455 2131 1488 2193 et

216 2223 381 2309 piissimae
403 2224 552 2309 reginae,
581 2245 662 2308 quae
685 2224 713 2288 ei
736 2224 776 2288 ad
798 2246 893 2289 omne
920 2225 1061 2289 studium
1090 2226 1304 2291 communicat
1330 2227 1485 2312 divinum,

217 2324 515 2411 sequentiumque¹)
539 2347 656 2412 eorum.
701 2325 778 2409 His,
809 2319 923 2411 quihus
952 2329 1001 2391 est
1027 2326 1113 2391 bona
1144 2330 1343 2394 conversatio
1371 2333 1404 2395 et
1432 2332 1486 2417 qui

217 2427 316 2512 regiis
338 2426 513 2491 honoribus
535 2430 611 2491 sunt
632 2428 843 2513 sublimiores,
868 2428 962 2492 simul
985 2432 1018 2492 et
1040 2430 1240 2495 sacerdotum
1262 2434 1295 2495 et
1316 2433 1487 2499 monacho-

217 2551 288 2594 rum
304 2533 337 2594 et
350 2528 553 2593 fidelissimae
567 2528 670 2614 plebis
693 2552 866 2595 consensus
882 2530 1025 2595 essesut.
1056 2531 1258 2617 Quapropter
1271 2536 1486 2600 necessarium

217 2632 294 2696 duxi
315 2630 376 2695 hoc
396 2631 536 2716 primum
557 2630 713 2696 indicium
733 2632 813 2696 meis
834 2633 974 2697 inserere
996 2633 1123 2716 litteris,
1147 2639 1184 2699 ut
1205 2637 1370 2700 ostendam
1390 2659 1486 2722 quam

221 2733 307 2799 circa
328 2735 466 2798 vestram
488 2733 697 2817 apostolicam
719 2733 825 2798 sedem
847 2733 949 2799 habeo
971 2735 1180 2800 voluntatem.

300 2834 332 2899 2.
365 2833 427 2898 Est
448 2833 527 2898 mihi
549 2835 684 2922 oratio²)
706 2856 912 2921 magnopere,
938 2837 1131 2921 beatissime,
1160 2838 1246 2904 uniri
1268 2861 1319 2905 me
1341 2840 1431 2906 vobis
1452 2846 1486 2907 et

218 2938 328 3002 divina
350 2936 500 3021 amplecti
523 2937 684 3022 dogmata,
709 2959 789 3023 quae
812 2939 975 3003 subeatis
998 2943 1030 3004 et
1047 2942 1168 3005 sanetis
1183 2940 1348 3025 discipulis
1364 2945 1397 3007 et
1412 2965 1485 3029 apo·

216 3039 307 3104 stolis
329 3037 390 3103 Dei
412 3039 581 3123 praecipue
610 3041 723 3103 summi
747 3039 834 3104 Petri
862 3041 1077 3126 apostolorum
1104 3042 1171 3106 sedi
1198 3046 1331 3109 sanctae
1358 3049 1483 3112 vestrae

216 3143 294 3207 sunt
314 3140 450 3223 tradita,
476 3144 508 3204 et
529 3141 611 3205 nihil
633 3142 677 3206 eis
699 3142 870 3227 pretiosius
891 3143 1083 3209 existimare.
1120 3143 1233 3229 Neque
1254 3146 1340 3211 enim
1360 3149 1484 3234 exeras)

215 3242 344 3308 aliunde
360 3243 491 3307 veniens
512 3246 642 3308 sanctae
657 3243 821 3310 Ecclesiae
844 3245 1019 3311 eonsfituta
1038 3247 1164 3332 ignoro,
1188 3247 1243 3313 sed
1264 3248 1406 3315 nutritus
1427 3273 1485 3336 per

215 3344 276 3410 Dei
292 3344 490 3409 voluntatm
505 3366 544 3410 ex
558 3346 677 3410 teneris
692 3347 854 3432 unguibus
869 3347 904 3411 in
920 3352 1034 3413 sancta
1049 3348 1208 3413 catholica
1218 3347 1375 3434 Ecclesia,
1392 3355 1483 3436 parui

215 3469 273 3532 per
294 3449 440 3531 tempora
461 3448 671 3512 sanctissimis
694 3448 910 3514 sacerdotibus
938 3454 971 3514 et
996 3450 1199 3535 patriarchis.
1244 3451 1330 3517 Nam
1357 3455 1483 3539 saepius

214 3549 415 3634 praepositus
443 3548 509 3631 his,
544 3550 598 3635 qui
626 3572 684 3633 per
714 3551 964 3617 sacratissimum
992 3556 1024 3617 et
1050 3551 1212 3617 ineffabile
1239 3553 1399 3639 baptisma
1427 3578 1484 3622 sua

215 3653 337 3715 exuunt
358 3655 508 3735 peccata,
538 3652 692 3735 rectam⁴)
714 3656 747 3717 et
768 3675 874 3719 veram
895 3655 991 3719 unius
1017 3655 1173 3720 essentiae
1195 3655 1363 3721 Trinitatis
1391 3657 1483 3723 docui

215 3752 321 3836 fidem,
346 3774 452 3837 quam,
477 3754 560 3818 sieut
580 3756 742 3839 praefatus
764 3778 845 3840 sum,
870 3779 908 3821 ex
930 3757 1094 3842 discipulis
1111 3757 1171 3821 Dei
1193 3758 1305 3843 magni
1327 3762 1360 3824 et
1375 3757 1482 3825 Salva-

215 3854 293 3919 tcris
315 3854 418 3919 nostri
432 3855 511 3920 lesu
526 3855 645 3923 Christi
667 3859 892 3942 procedentem
913 3859 1057 3924 omnium
1077 3860 1278 3926 sacerdotum
1293 3863 1325 3926 et
1340 3862 1483 3927 omnium

216 4133 264 4180 121
301 4128 319 4196 ¹)
336 4127 499 4197 Legendum
517 4129 626 4184 videtur
647 4137 849 4201 sequentiumque
866 4151 925 4186 eos.-
945 4130 1017 4186 adeo
1039 4133 1071 4186 ut
1092 4131 1230 4203 interpres
1252 4149 1384 4203 graecam
1400 4135 1482 4205 phra-

214 4211 281 4279 sim,
304 4228 360 4280 qua
380 4214 497 4268 verbum
515 4212 639 4270 ἕπεσθαι
662 4232 724 4270 cum
742 4214 875 4286 giguendi
892 4233 959 4271 casu
976 4216 1166 4287 conjungitur,
1189 4217 1276 4273 latine
1293 4218 1418 4274 imitatus
1435 4219 1479 4275 sit.

281 4299 303 4365 ²)
321 4297 388 4352 boc
411 4305 487 4354 ratio.
527 4298 593 4354 Veri
616 4301 659 4355 est
680 4300 861 4368 simillimum,
889 4319 941 4371 pro
963 4319 1031 4357 uoce
1053 4309 1137 4357 oratic
1158 4303 1187 4357 in
1214 4319 1315 4373 graeco
1342 4304 1480 4360 exstitisse

215 4375 287 4452 εὐχή
293 4423 299 4448 ,
319 4382 395 4451 quod
412 4384 577 4438 vocabulum
595 4383 744 4454 aliquando
757 4385 870 4455 quidam
881 4392 1021 4442 orationem
1032 4387 1081 4442 sed
1093 4404 1176 4458 saepe
1189 4387 1286 4455 edam,
1303 4387 1480 4444 nominatim·

215 4482 270 4536 que
288 4466 346 4533 hic,
363 4479 444 4522 votum
461 4485 494 4523 ac
512 4474 664 4524 desiderium
682 4471 771 4526 sonat.

280 4555 303 4620 1)
321 4551 425 4623 Supple
442 4565 556 4608 sanctam
573 4559 714 4609 Ecclesium
732 4561 887 4610 catholicam.
922 4556 1011 4611 Simul
1027 4556 1134 4613 indicat
1144 4557 1329 4629 Epiphanius,
1347 4574 1376 4613 se
1387 4575 1478 4626 neque

214 4654 247 4692 ex
264 4636 407 4691 haeretica
424 4639 500 4692 secta
517 4655 607 4708 neque
625 4656 640 4693 e
658 4639 730 4694 laica
748 4640 805 4695 vita
823 4640 1014 4712 episcopatum
1031 4660 1190 4714 usurpasse,
1213 4642 1263 4698 sed
1282 4660 1372 4712 neque
1390 4642 1420 4698 in
1437 4659 1479 4698 ec-

214 4720 371 4776 clesiasticis
393 4722 543 4792 disciplinis
566 4726 693 4793 tyronem
715 4742 747 4780 ac
769 4724 905 4780 novitium
926 4727 1019 4783 subito
1041 4728 1077 4783 ad
1095 4728 1227 4784 ecclesiae
1246 4727 1374 4797 regimen
1394 4729 1478 4783 fuisse

213 4807 393 4876 assumptum.
460 4852 462 4857 .

280 4892 301 4960 ⁴)
319 4890 368 4946 Ed.
389 4891 477 4947 omitt.
497 4903 600 4949 rectam.
639 4927 641 4931 ·
