3412 5664
837 316 865 365 S.
882 315 1062 365 sisinnum
1084 314 1198 362 Parsa

898 502 1079 607 Epistola
1104 504 1139 586 a

266 641 373 761 ,lpggfi
493 657 646 723 unnoon
670 658 824 740 episcopi
847 657 1048 722 rsornonsrs
1069 656 1113 722 ao
1137 653 1390 738 symmachum
1412 673 1540 739 papan

421 798 459 846 lle
477 798 604 847 esarioclo
621 797 756 847 schismate
772 798 888 861 pontifici
902 798 1054 861 maculatur,
1073 797 1100 845 ia
1117 811 1166 862 quo
1181 811 1249 861 prae
1266 796 1360 846 ceteris
1381 795 1528 847 Theudorici
1540 796 1647 861 regni
1678 810 1695 863 p

906 883 997 932 merita
1015 883 1124 934 extollit.

536 1016 616 1100 In¹)
640 1013 794 1079 Christi
817 1016 942 1100 signo.

470 1138 497 1198 1.
536 1133 661 1198 Natura
683 1155 788 1197 rerum
812 1137 874 1217 est,
910 1137 946 1198 ut
967 1134 1065 1199 etiam
1092 1134 1225 1198 idoneus
1251 1155 1306 1198 ore
1327 1134 1379 1199 vel
1400 1137 1527 1219 pectore
1545 1139 1668 1219 poesis

384 1237 421 1300 de
444 1236 703 1321 praesumptione
727 1235 865 1320 culpari,
889 1235 964 1320 quia
987 1236 1091 1300 onmis
1106 1235 1274 1300 verborum
1296 1234 1503 1301 commoditas
1523 1234 1666 1305 hamdi-

382 1338 459 1402 tatis
481 1338 634 1402 terminos
657 1359 786 1422 egressa
809 1338 961 1422 calcatur,
985 1341 1018 1402 et
1040 1338 1123 1402 sicut
1144 1336 1294 1402 habenda
1311 1341 1398 1421 sunt,
1421 1359 1503 1423 quae
1517 1337 1664 1422 exigun-

382 1443 450 1522 tur,
485 1440 520 1503 in
542 1439 661 1523 pretio,
692 1439 738 1503 ita
760 1439 887 1523 ingesta
909 1440 1077 1504 vilescunt.
1122 1439 1355 1524 Importunitas
1377 1461 1476 1525 quum
1495 1438 1663 1511 facundos

382 1541 544 1626 opinionis
567 1540 736 1605 nobilitate
758 1541 918 1625 dispoliet,
942 1543 1094 1606 dedecore
1118 1541 1214 1606 vestit
1234 1542 1392 1607 indoctos.
1433 1540 1496 1607 Sed
1516 1541 1576 1607 bae
1605 1568 1660 1613 rna

382 1643 627 1708 ratiocinatione
654 1644 815 1724 sustento,
848 1643 923 1725 quia
951 1647 1000 1707 est
1021 1642 1148 1728 quidem
1170 1643 1274 1707 audax
1301 1644 1355 1708 sed
1380 1642 1531 1727 amabile,
1556 1666 1658 1729 prae

382 1745 468 1808 vium
491 1744 690 1828 praestitisse
712 1765 905 1828 sermonem3
929 1748 961 1809 et
983 1746 1066 1810 sicut
1088 1745 1228 1810 ricinum
1252 1744 1456 1829 temeritatis,
1478 1745 1525 1810 ita
1543 1746 1656 1831 proxi·

382 1868 469 1910 mum
492 1845 689 1931 diligentiae,
713 1845 754 1909 ad
777 1846 944 1910 caritatem
972 1848 1138 1931 pertinens
1168 1848 1230 1912 iter
1257 1848 1393 1932 aperire.
1439 1846 1526 1913 Inter
1548 1846 1655 1913 coele

382 1947 501 2011 siarum
529 1946 675 2012 homines
703 1948 857 2032 numquid
889 1952 996 2013 reatus
1030 1953 1093 2033 est,
1128 1949 1154 2013 si
1182 1949 1250 2034 pari
1285 1970 1394 2013 amore
1428 1947 1655 2015 contenderint

383 2049 525 2134 dispares
554 2048 736 2135 dignitate?
779 2050 848 2113 Aut
875 2050 1034 2115 excedunt
1059 2050 1174 2115 modici
1202 2050 1333 2116 honoris
1360 2049 1554 2137 angustiam,
1577 2042 1654 2133 (μή

382 2151 567 2216 desiderant
588 2150 740 2236 suffragio
762 2172 822 2237 gra
840 2151 886 2216 'ae
908 2152 1120 2217 summatibus
1143 2151 1345 2237 comparari?
1385 2150 1462 2218 Non
1481 2150 1654 2217 labeosa

382 2253 471 2336 perbi
497 2252 737 2334 conscientiam,
761 2253 816 2337 qui
838 2274 872 2317 se
894 2256 1022 2318 tanturn
1043 2255 1079 2320 in
1094 2254 1274 2320 affectionis
1293 2253 1415 2319 muniis
1429 2274 1493 2319 non
1506 2252 1655 2319 modim·

382 2353 555 2419 Praesumo
576 2354 691 2438 dicere
716 2354 854 2419 directus
877 2354 1075 2421 subditorum
1096 2378 1183 2421 error
1204 2360 1263 2439 est,
1287 2356 1341 2441 qui
1363 2356 1400 2420 in
1421 2354 1482 2421 hac
1501 2374 1534 2420 re
1548 2364 1658 2438 pru*

383 2456 532 2521 cedentes
561 2456 736 2521 antevenit.
787 2455 872 2521 Ecce
899 2457 945 2521 sic
973 2461 1081 2541 partes
1108 2480 1196 2522 meas
1229 2457 1321 2543 quasi
1347 2456 1540 2523 voluntariae
1556 2450 1659 2519 all*

383 2557 518 2623 cationis
545 2558 687 2622 fuscatas
713 2558 799 2623 nube
828 2559 975 2644 purgavi.
1027 2558 1089 2625 Sed
1117 2558 1204 2643 dieo,
1241 2558 1326 2645 quod
1358 2558 1400 2624 ad
1433 2558 1661 2625 danaum

381 2663 507 2744 spectat
533 2660 735 2725 uberrimam.
787 2659 888 2725 Filius
914 2665 1020 2726 vester
1047 2662 1179 2726 domnus
1202 2660 1392 2726 Rhodanius
1419 2660 1521 2747 coegit
1540 2680 1555 2723 a
1572 2666 1662 2720 1:¹12

380 2763 415 2826 in
442 2784 533 2826 usum
561 2761 636 2846 styli
665 2762 843 2847 praesentis
872 2785 1046 2848 erumpere.
1104 2760 1219 2828 Fateor
1245 2766 1356 2828 tamen
1384 2763 1419 2829 in
1446 2761 1542 2828 studio
1559 2780 1600 2823 r·
1616 2768 1662 2813 ⁴⁰

380 2862 479 2929 fuisse
499 2863 579 2948 quod
599 2862 712 2948 jussit:
735 2864 809 2949 quia
831 2864 886 2949 qui
908 2864 1068 2929 volentem
1092 2865 1247 2950 coegerit,
1271 2886 1338 2929 non
1359 2864 1494 2930 laborat.

465 2966 495 3030 2.
532 2965 601 3030 Deo
631 2966 754 3051 gratias
782 2966 927 3051 principe
954 2965 1025 3030 loeo
1058 2970 1091 3031 et
1121 2969 1190 3031 tota
1218 2961 1657 3052 epistolae‘aoneimatone

331 3130 338 3140 ,
380 3069 566 3151 referamus,
590 3067 665 3153 quia
686 3068 721 3132 in
743 3068 929 3133 societatem
953 3068 1067 3152 capitis
1085 3068 1135 3133 sui
1150 3068 1322 3154 aliquando
1337 3068 1484 3134 Romana
1502 3062 1652 3133 manhu
1694 3128 1696 3135 .

382 3172 539 3234 coierunt.
596 3169 724 3234 Justum
758 3173 844 3252 erat,
883 3172 919 3233 ut
947 3173 980 3234 st
1007 3170 1120 3235 beatus
1146 3169 1262 3235 Petrus
1289 3170 1453 3257 apostolus
1477 3168 1535 3235 sedi
1554 3178 1646 3231 aaa

382 3272 532 3337 ecclesias
555 3274 588 3335 et
609 3272 734 3335 senatui
756 3271 898 3336 liberiori
919 3293 977 3356 per
998 3271 1161 3337 dominum
1183 3276 1292 3357 partes
1309 3272 1435 3339 debitas
1448 3260 1635 3337 rnomrel

382 3372 509 3459 Dignus
536 3377 689 3458 regnator
717 3373 850 3459 dignus,
885 3374 920 3439 in
950 3395 1012 3459 quo
1040 3394 1111 3438 oum
1133 3378 1239 3439 aetate
1261 3378 1410 3440 votorum
1431 3392 1541 3440 summa
1555 3380 1628 3433 ⁰⁰¹¹·

381 3475 502 3560 tigerit.
547 3474 632 3539 Nam
660 3475 720 3540 etsi
747 3477 832 3541 itura
858 3476 899 3540 ad
926 3478 1071 3560 posteros
1097 3475 1237 3541 felicitas
1264 3468 1618 3563 perseverantissime

380 3576 444 3640 illis
468 3580 517 3641 est
538 3577 722 3642 laudatione
744 3578 928 3663 praecipua,
952 3601 972 3642 a
993 3576 1108 3663 quibus
1130 3579 1267 3663 sumpsit
1288 3578 1464 3644 exordium.
1495 3564 1612 3643 Daorffi
1686 3630 1693 3643 .

383 3679 501 3742 caciter
523 3678 737 3764 supplicastis,
760 3683 797 3743 ut
818 3678 905 3743 illius
926 3700 982 3743 vos
1004 3680 1106 3743 virtus
1128 3683 1264 3763 erueret,
1289 3679 1381 3764 cujus
1402 3682 1607 3765 potestml‘
1684 3692 1696 3723 ···

382 3780 560 3845 elementia.
613 3778 777 3845 Didicistis
807 3781 876 3865 ejus
904 3782 1036 3845 eventus
1070 3801 1254 3866 prosperos,
1292 3802 1389 3866 quem
1410 3781 1533 3863 videda,
1558 3776 1610 3841 dm
1693 3770 1696 3777 ’

381 3881 514 3945 mandat
536 3885 678 3947 secutam
700 3882 785 3946 bella
807 3882 984 3947 victoriam.
1034 3881 1152 3947 Parum
1179 3885 1341 3967 superest,
1374 3890 1411 3948 ut
1432 3874 1613 3949 manncud

381 4004 455 4047 nem
484 3983 601 4048 mentis
628 3983 714 4047 illius
740 3984 787 4048 ita
818 3984 1010 4069 profundam
1043 3984 1197 4066 teneatis,
1234 3984 1324 4070 quasi
1356 3985 1402 4050 sit
1431 3986 1543 4072 ignara
1568 4002 1619 4069 prr

382 4085 555 4151 cinctuum.
609 4085 679 4150 Deo
699 4085 861 4151 tribuente
889 4106 949 4151 neo
976 4108 1039 4170 pax
1062 4086 1131 4169 ejus
1157 4085 1281 4151 turbari
1309 4085 1417 4151 dubiis
1439 4090 1558 4173 potest,
1581 4104 1626 4151 aaa

380 4187 535 4251 fortitudo
562 4187 705 4271 qualibet
732 4187 946 4273 objectatione
977 4187 1149 4273 confringi.
1199 4186 1290 4253 Nihil
1316 4187 1404 4273 apud
1431 4188 1526 4255 illum
1549 4188 1634 4253 tutior

381 4289 598 4374 supplicante:
621 4288 706 4353 solus
729 4290 831 4354 evasit
852 4289 1024 4374 praeliares
1043 4290 1138 4374 acies,
1161 4290 1216 4376 qui
1231 4289 1375 4376 rogavit3
1398 4291 1481 4357 vicit
1495 4312 1639 4359 murum

381 4391 529 4476 impetus,
553 4391 607 4475 qui
630 4390 747 4456 obtulit
769 4392 900 4456 devotus
923 4391 1118 4477 obsequium.
1152 4390 1242 4467 Quod
1265 4390 1318 4485 vix
1341 4396 1472 4459 votem
1494 4393 1645 4481 prino-ipat

380 4495 582 4579 praesentiae
603 4514 679 4558 suae
702 4494 814 4558 sudore
836 4493 931 4577 potiti
953 4497 1045 4577 sunt,
1073 4493 1133 4559 hoc
1155 4514 1281 4579 semper
1307 4494 1399 4579 regis
1421 4497 1532 4563 nostri
1552 4496 1649 4563 brevis

380 4595 565 4681 procuravit
586 4594 731 4679 epistola.
770 4595 832 4660 Per
854 4617 1004 4660 excursus
1026 4595 1175 4682 dirigitur
1196 4593 1275 4661 felix
1297 4597 1467 4664 exercitus
1488 4599 1531 4666 ad
1550 4600 1650 4667 trima

451 4872 469 4937 ¹)
489 4868 531 4923 Ita
548 4867 597 4920 Ma.
617 4866 701 4937 Cujus
719 4867 780 4921 luco
799 4866 878 4921 Siron.
899 4872 1045 4937 Spoooraocto
1061 4887 1156 4937 pupae.
