3412 5664
730 320 901 370 arrsronn
925 313 953 368 1.
1415 307 1478 373 295

225 475 293 546 dicet
317 474 421 542 facere
443 478 560 540 cuncta
581 497 664 560 quac
686 475 771 539 mala
800 478 890 558 sunt3
918 475 1047 560 quando
1074 498 1155 561 (puae
1183 497 1256 540 cum
1284 480 1477 549 necessitate
1495 481 1592 545 (unes

232 602 259 649 se
272 575 399 645 tolerare
420 577 615 664 praetendit,
644 578 730 643 mala
753 599 821 642 esse
843 578 1012 663 profitetur
1039 583 1072 643 et
1093 601 1159 643 non
1181 579 1288 644 lacere
1310 582 1476 648 voluntate
1488 554 1593 618 489?

238 683 404 773 pronuntiat
448 680 489 746 lu
516 683 646 747 tantum
673 702 750 767 ergo
777 680 859 746 haec
887 682 973 746 mala
1001 686 1092 765 sunt,
1122 685 1157 746 ut
1184 703 1250 747 non
1278 682 1375 749 vellet
1396 685 1476 751 haec

199 816 205 825 ·
241 790 331 870 {aare
349 786 374 851 si
393 783 570 865 necessitas
592 806 658 849 non
680 787 826 869 urgeret:
855 785 940 869 apud
963 806 1021 848 nos
1050 785 1134 869 quod
1162 806 1359 870 magnopere
1385 810 1475 872 prae-

244 890 313 972 dicat,
332 911 392 954 nou
411 887 605 955 necessitate
627 887 682 951 sed
704 886 870 951 voluntate
892 887 998 952 facere
1020 886 1267 952 demonstratur.
1311 887 1345 953 Si
1368 895 1476 957 autem

245 996 382 1059 uonna
411 989 629 1072 consentiunt,
658 988 705 1053 sie
734 989 907 1053 remedium
935 993 1108 1074 quaerunt,
1138 992 1254 1074 petant
1281 991 1392 1057 ordine
1419 1017 1475 1060 suo

245 1092 388 1178 remedium,
410 1093 618 1179 acquiescant
641 1092 746 1156 curari
768 1091 901 1157 vulnera
924 1114 990 1158 sua.
1035 1091 1209 1177 Nunquam
1238 1098 1389 1179 aegrotus
1411 1120 1474 1162 me-

245 1197 295 1263 dico
310 1196 497 1263 conditiones
519 1216 595 1261 suae
618 1194 793 1260 curationis
815 1197 965 1280 opponit3
988 1195 1122 1279 proinde
1138 1196 1353 1281 vulnera-sua,
1377 1199 1474 1264 immo

245 1322 302 1385 quae
321 1298 477 1365 Ecclesiae
504 1298 593 1363 omni
620 1296 684 1362 suis
713 1297 892 1362 excessibus
920 1298 1114 1382 intulerunt,
1149 1302 1186 1362 ut
1213 1299 1338 1383 possint
1366 1324 1475 1368 veram

245 1403 347 1487 ccipere
369 1401 560 1485 sanitatem,
595 1399 706 1465 sinant
728 1400 833 1465 curari
854 1401 1027 1484 patienter,
1057 1422 1095 1465 ea
1128 1401 1198 1485 ipsa
1230 1403 1357 1487 utique,
1392 1427 1473 1489 quae

245 1503 311 1570 iden
325 1503 401 1570 male
424 1503 594 1569 commissa
616 1524 684 1568 esse
706 1525 772 1568 non
794 1503 952 1568 abnuunt.

304 1608 342 1673 13.
380 1611 445 1674 Sed
459 1613 604 1689 populus,
629 1605 745 1690 inquit,
770 1610 1000 1671 illexdndrdncs
1020 1611 1077 1671 dec
1099 1613 1217 1686 macaris
1239 1613 1399 1675 desideriis
1416 1632 1473 1691 pe

244 1714 338 1789 suna
357 1732 410 1777 aee
431 1715 556 1776 Petrum
576 1714 634 1775 sibi
651 1716 771 1790 patitur
798 1715 863 1774 ullo
889 1715 1009 1773 ratione
1033 1714 1170 1774 subduci.
1204 1708 1286 1786 Quid
1294 1710 1346 1798 ²³),
1370 1712 1397 1777 si
1419 1736 1472 1799 pe-

245 1812 303 1903 teret
316 1814 441 1900 papulus
463 1811 703 1881 Alexandrinus
724 1810 940 1877 idololatriam
967 1811 1081 1875 debere
1104 1811 1237 1895 parari?
1280 1812 1363 1890 Quid
1386 1817 1472 1882 enim

197 1976 202 1983 .
244 1910 348 1999 ubist
367 1918 476 1981 utrum
496 1913 677 1981 haereticus
706 1937 748 1980 an
771 1914 925 1998 profanus
954 1914 1107 1979 ecclesiae
1137 1914 1313 1980 catholicae
1340 1920 1471 2002 permit

243 2016 305 2079 uu
328 2017 468 2103 imponi?
510 2016 592 2094 Quid
625 2018 652 2081 si
686 2016 816 2081 alterius
844 2015 986 2081 haeresis
1016 2017 1186 2101 cujuslibet
1217 2017 1380 2084 hominem
1410 2023 1471 2086 sibi

242 2118 378 2196 mamam
397 2121 513 2205 psat
533 2118 703 2184 adhiberi?
746 2117 807 2194 Qui
836 2118 922 2182 enirn
943 2120 1022 2184 fecit
1049 2119 1111 2185 hoc
1133 2120 1172 2184 de
1199 2120 1307 2205 aliqua
1334 2123 1469 2208 haeresi,

241 2220 317 2297 idest
332 2225 361 2287 et
379 2223 419 2288 de
441 2222 516 2306 alia,
540 2224 568 2287 si
589 2222 622 2286 id
643 2221 792 2305 delectat,
817 2225 976 2306 expetere.
1018 2220 1052 2287 Si
1074 2223 1159 2287 inter
1181 2223 1346 2288 hominum
1361 2234 1471 2292 'mores

240 2314 328 2404 'liquid
352 2324 530 2410 perpetrari
557 2327 737 2389 tentamtur
766 2329 879 2390 contra
905 2325 994 2410 leges
1023 2325 1196 2410 publicae,
1224 2326 1408 2392 nullatenus
1437 2329 1470 2393 id

239 2414 314 2489 baur
330 2427 499 2513 imperator
519 2428 692 2492 annueret:
709 2429 828 2491 eontra
850 2426 954 2492 Deum
976 2428 1183 2511 poscentibus
1205 2429 1402 2512 acquiescit?
1436 2431 1470 2498 Si

236 2536 311 2599 mre
327 2530 522 2615 cupientibus
545 2528 751 2593 annuendum
772 2532 832 2613 cst,
856 2529 910 2593 ubi
933 2530 1178 2614 est-imperialis
1194 2532 1392 2597 auctoritas?
1414 2535 1469 2599 ubi

233 2622 397 2697 wado?
423 2632 480 2697 ubi
507 2631 616 2718 legum
643 2631 860 2717 gubernatio?
888 2632 921 2697 Si
951 2637 1064 2697 contra
1094 2631 1287 2698 catholicam
1314 2634 1409 2700 fidem
1437 2641 1470 2701 ct

230 2724 449 2801 musaeum
475 2734 622 2820 regulam
648 2734 833 2818 petentibus
863 2734 1101 2800 concedendurn
1129 2740 1179 2800 est
1205 2736 1288 2819 quod
1322 2741 1462 2822 pretatur,

226 2836 354 2903 eundo
374 2837 552 2904 catholicus
574 2837 819 2921 imperator²¹)?
842 2839 891 2902 Ae
913 2860 970 2921 per
992 2837 1062 2920 hoc,
1091 2860 1131 2902 ne
1153 2840 1212 2904 fiat
1234 2843 1346 2904 contra
1368 2839 1467 2904 homi·

222 2936 291 3028 ΡΜ
305 2940 505 3024 voluntatem,
529 2941 588 3005 fiat
603 2942 715 3005 contra
730 2939 857 3003 lleurn?
879 2962 920 3004 ne
943 2940 1157 3024 corripiantur
1172 2941 1295 3006 utiliter
1310 2936 1466 3026 irnprebri,

218 3036 305 3129 {Qu
321 3042 450 3110 lethalia
470 3042 689 3127 concipientes
710 3064 752 3106 ne
775 3043 988 3126 corrigantur,
1012 3042 1127 3106 insana
1150 3044 1318 3107 molientes
1334 3050 1469 3128 percant

214 3138 247 3233 Ψ
279 3146 457 3211 camum?
500 3145 568 3211 Nec
587 3145 676 3209 -boni
708 3143 911 3229 imperatoris
944 3148 993 3207 cst
1026 3166 1085 3209 nec
1119 3145 1267 3210 catholici
1299 3147 1465 3232 principis,

209 3224 327 3345 ΨΜ
344 3248 551 3333 poscentibus
572 3247 705 3312 inimica
727 3246 916 3330 concedere,
945 3247 1041 3310 immo
1064 3250 1097 3311 et
1119 3246 1256 3333 ipsisffi),
1286 3248 1324 3313 de
1352 3250 1466 3334 quibus

206 3340 322 3433 Utor,
348 3356 382 3415 et
407 3349 499 3415 omni
525 3350 720 3437 reipublicae
748 3353 780 3415 et
810 3349 906 3413 saluti
932 3342 1004 3433 'ejus
1038 3352 1070 3413 ct
1091 3370 1209 3433 reguo,
1244 3373 1325 3435 quae
1353 3356 1466 3416 contra

322 3456 398 3519 sunt
419 3474 487 3519 non
508 3452 651 3536 cessisse,
675 3452 816 3518 salutare
838 3456 897 3518 cst.

285 3555 332 3619 14.
373 3559 439 3620 Sed
457 3576 519 3620 non
540 3566 620 3633 aaut,
644 3555 761 3639 inquis,
791 3577 847 3621 nce
874 3561 959 3620 bonis
980 3561 1113 3621 moribus
1139 3578 1195 3621 uec
1215 3556 1335 3640 ddei²⁶)
1363 3569 1467 3623 rectae

193 3644 365 3743 wude.
402 3655 568 3734 Quomodo
590 3679 656 3722 non
678 3661 754 3722 sunt
775 3657 868 3723 bonis
890 3659 1032 3723 moribus
1054 3658 1161 3741 noxia,
1185 3659 1343 3743 perfidum
1365 3662 1465 3744 parri-

190 3738 271 3815 ⁰¹d¹⁸l
294 3759 422 3843 socium,
446 3758 595 3825 comitem
609 3759 843 3831 hoereticorum
865 3764 960 3846 atque
976 3760 1174 3844 damnatum,
1205 3783 1310 3827 rerum
1331 3763 1465 3829 admini-

190 3834 364 3928 'bfltorem
386 3883 517 3948 poscere
538 3862 729 3946 divinarum,
758 3884 852 3946 quem
880 3854 1009 3947 practici
1032 3863 1124 3927 nefas
1147 3868 1231 3928 esset
1252 3864 1302 3928 vel
1324 3888 1390 3930 non
1412 3867 1464 3930 de-

190 3941 294 4027 *th
312 3987 370 4030 nce
391 3964 540 4051 publicae
562 3952 739 4049 dignitati?
759 3964 924 4040 Quomodo
939 3987 1004 4029 uon
1019 3965 1169 4050 religioni
1186 3968 1381 4032 contrarium
1403 3974 1462 4052 est,

190 4053 390 4133 '‘ereucum
416 4066 682 4152 damnatumque,
717 4068 757 4131 ab
789 4066 960 4131 haereticis
993 4066 1123 4131 falsum·
1145 4091 1262 4133 nornen
1289 4071 1464 4135 sacerdotis

190 4146 359 4250 ἢ(Ῐὶὲῐήιιιιι
367 4169 420 4253 ²⁷),
443 4168 621 4235 catholicae
643 4169 715 4234 {idei
738 4170 819 4235 velle
841 4168 1044 4254 praesidere?

205 4444 215 4455 ,
253 4384 297 4455 ²³)
313 4388 445 4447 Similiter
460 4390 596 4459 ejusmodi
613 4390 722 4461 populi,
746 4390 794 4460 qui
812 4389 1064 4461 praetendebatur,
1086 4393 1191 4447 metum
1209 4393 1334 4448 (talasius
1350 4394 1463 4462 sugillat

189 4456 277 4525 Μ.
291 4482 343 4529 an.
358 4483 397 4543 rs,
411 4482 442 4530 ra
455 4495 481 4532 n
497 4484 537 4532 ro.

249 4551 297 4627 ²⁴)
311 4558 384 4617 Editi
402 4567 544 4631 imperaror
559 4567 691 4632 permittet
709 4583 740 4617 ne
755 4569 803 4631 flu!
821 4563 873 4617 cte.
903 4561 1000 4617 l'etius
1017 4563 1177 4632 supplerem
1193 4568 1273 4629 facerit
1292 4564 1335 4617 vcl
1352 4569 1461 4618 iliarum

253 4638 297 4711 ³⁵)
313 4645 354 4700 lta
371 4664 434 4701 cunr
452 4647 564 4702 Blauch.
584 4647 765 4714 correximus,
784 4666 869 4718 quum
887 4650 972 4703 antea
988 4654 1047 4717 ipsi.

252 4722 296 4795 ’Ἴ
312 4730 444 4787 Eamdcm
462 4731 649 4801 objectionem
668 4735 805 4788 meruerat
823 4734 951 4789 Gelenius
969 4733 1048 4804 epist.
1068 4742 1123 4789 311.
1137 4740 1161 4790 8.

189 4807 298 4954 0pr
312 4815 411 4872 lisdem
428 4817 522 4873 verbis
533 4817 610 4874 Felix
623 4819 646 4872 ll
660 4818 739 4889 epist
752 4826 768 4874 ‘2
780 4838 806 4873 n.
820 4825 836 4874 4
854 4819 954 4887 utitur,
973 4806 1046 4875 unde
1058 4819 1139 4875 simul
1151 4822 1247 4875 nostra
1258 4818 1314 4872 illic
1326 4820 1460 4874 correctio

299 4918 335 4955 ur.
