3412 5664
321 307 383 370 880
759 322 787 370 s.
804 321 1012 371 normanus
1034 322 1149 369 aaran

213 487 305 535 aare.
320 477 405 542 beati
434 473 569 560 apostoli
596 473 685 538 Petri
711 496 809 538 unam
836 475 897 539 tibi
926 496 994 539 esse
1023 475 1119 539 fidem
1145 474 1307 558 professus
1329 496 1372 559 es,
1396 476 1534 561 prophetica

207 549 306 683 {Q
319 580 399 644 libet
421 575 597 642 exclamare
620 576 766 641 lieentia:
810 581 890 641 Ecce
911 598 1003 657 quom
1024 582 1133 642 borram
1155 588 1184 641 ct
1205 598 1296 657 quara
1312 583 1464 657 jncuauaa
1479 582 1535 641 tuti·

320 694 388 746 turc
405 685 526 759 fratres
547 679 577 742 ia
600 686 711 742 caum!
750 677 861 762 Neque
883 678 969 742 enim
991 680 1100 761 refert,
1124 700 1220 762 quam
1242 678 1421 764 longinquis
1439 678 1538 743 locorum

320 783 433 867 spatiis
455 781 648 863 dividamur,
678 780 804 864 quando
828 781 897 863 jam
919 779 987 845 Deo
1010 784 1139 845 auctore
1167 804 1233 845 una
1255 781 1329 845 fidei
1355 780 1541 845 cohabitatione

320 884 556 969 conjungimur.
602 882 698 947 Nunc
725 882 811 946 euim
838 882 1055 946 misericordia
1082 885 1275 966 procurante
1298 882 1404 946 diviua
1428 883 1456 947 in
1477 882 1543 946 anim

320 987 460 1070 corporis
489 985 612 1048 vultum
640 984 795 1067 dissipata
822 982 898 1046 olim
927 983 1047 1049 Christi
1075 983 1219 1048 membra
1248 985 1450 1065 conveniunt,
1474 987 1500 1047 ct
1517 984 1544 1046 ah

303 1087 528 1173 iniquissimis
551 1088 676 1171 direpta
697 1084 875 1148 latronibus
891 1086 1086 1150 annuntiata
1101 1085 1299 1169 propheticis
1316 1085 1440 1149 vocibus
1451 1084 1544 1149 Domini

318 1190 420 1254 nostri
443 1189 682 1272 redintegratur
703 1186 895 1268 haereditaS,
920 1189 951 1250 et
972 1209 1046 1251 vere
1069 1187 1102 1250 in
1126 1186 1222 1270 hujus
1245 1191 1357 1271 petrae
1378 1187 1450 1270 fide,
1472 1187 1545 1250 idest

318 1290 533 1376 apostolorum
555 1290 710 1374 principis
732 1288 894 1369 firmitate,
919 1287 1093 1352 Orientalis
1116 1288 1269 1353 ecelesiae
1284 1288 1481 1353 fundamenta
1497 1287 1546 1351 soli·

318 1396 445 1457 dautur.
489 1392 576 1467 Quae
598 1414 694 1476 quum
716 1391 805 1454 facta
826 1391 890 1454 tuis
912 1390 1028 1454 litteris
1051 1390 1250 1474 indicentur,
1274 1391 1457 1475 tempestiva
1474 1388 1545 1455 exsul·

217 1468 303 1599 ᾗξῗῗὲ
317 1496 440 1559 tatione
468 1495 637 1558 dicendum
665 1496 728 1557 est:
775 1497 868 1568 Ouum
895 1498 1025 1572 speciosi
1044 1497 1141 1571 pedes
1167 1499 1438 1571 caenaetizaaaaa
1458 1512 1544 1573 puceu.

317 1602 592 1676 evanqclizaatiam
614 1600 712 1660 bocca!

401 1699 431 1761 2.
467 1698 596 1762 Gratias
612 1697 712 1782 igitur
727 1696 1014 1760 excellentissimae
1029 1695 1194 1780 Trinitati,
1218 1718 1302 1781 quae
1318 1696 1546 1762 consenuerat

316 1801 351 1864 iu
374 1799 502 1865 Christo
524 1799 689 1863 Ecclesiae
718 1821 755 1862 ae
782 1797 978 1882 reipublicae
1001 1798 1089 1862 dedit
1116 1820 1184 1862 esse
1212 1801 1369 1863 rectores!
1413 1798 1546 1863 Enimrem

319 1923 439 1986 magna
466 1922 573 1965 rerum
599 1901 685 1965 salus
713 1904 777 1983 est,
807 1900 931 1984 quoties
959 1899 994 1963 in
1021 1899 1094 1963 fidei
1125 1899 1303 1964 catholicae
1330 1901 1457 1965 veritate
1475 1919 1546 1963 saecr-

317 2003 406 2067 dotcs
429 2025 467 2065 ac
489 2001 651 2087 principes
672 2025 763 2067 meus
779 2024 843 2065 una
867 2000 1040 2065 connectit.
1079 2000 1149 2065 Hoc
1171 2002 1299 2066 firmum
1321 2004 1410 2086 pacis
1422 2000 1546 2066 vinculum

317 2108 375 2186 est,
399 2104 479 2168 haee
502 2104 633 2169 coelitus
655 2104 786 2169 dimissa
809 2104 959 2185 societas3
982 2124 1085 2187 neque
1101 2103 1187 2167 enim
1203 2104 1253 2168 fas
1269 2108 1329 2186 est,
1353 2105 1387 2168 in
1401 2102 1547 2189 quorident

318 2205 502 2270 concordari
535 2208 750 2290 praepositos,
785 2204 871 2269 uliud
905 2206 1024 2270 sentire
1057 2206 1230 2289 subjectos
1282 2207 1337 2269 An
1370 2206 1486 2270 dubium
1506 2208 1546 2277 est,

317 2311 434 2372 cuncta
455 2307 534 2371 hacc
561 2307 793 2392 providentiam
822 2307 1016 2391 disposuisse
1044 2307 1201 2372 divinam:
1234 2306 1375 2390 primum
1402 2329 1466 2372 eum
1487 2304 1548 2390 prin-

318 2411 420 2493 cipem
435 2430 504 2474 esse
519 2409 687 2492 delectum,
710 2411 765 2495 qui
788 2432 884 2493 quum
903 2432 937 2473 se
959 2409 1125 2473 hominum
1146 2409 1325 2493 suscepisse
1346 2409 1461 2473 videret
1478 2409 1548 2491 impe

317 2512 414 2594 rium,
443 2534 510 2575 uon
538 2533 572 2575 se
599 2511 716 2575 oblitus
739 2515 788 2575 cst
815 2511 884 2575 Deo
914 2533 982 2576 esse
1010 2512 1206 2594 subjectum,
1234 2510 1352 2575 dehine
1379 2510 1456 2596 quod
1478 2508 1547 2572 talen

316 2613 554 2677 fraternitatem
575 2616 666 2678 tuam
682 2610 847 2677 Ecclesiae
869 2636 944 2677 suae
966 2613 1144 2696 praesulem
1166 2612 1272 2696 dedit,
1295 2634 1389 2698 quem
1410 2636 1468 2677 non
1489 2614 1548 2674 esset

317 2716 503 2799 ambiguum
526 2737 598 2779 cum
620 2715 694 2779 sede
716 2719 836 2798 nostra,
861 2716 893 2778 id
916 2717 964 2779 cst
986 2715 1170 2799 apostolica,
1196 2718 1318 2780 certam
1342 2734 1548 2797 mansuramque

316 2817 388 2881 fidei
408 2817 587 2881 subiturum
610 2839 677 2881 csse
694 2817 920 2882 concordiam?
949 2815 1080 2881 Etenim
1093 2817 1202 2881 libello
1218 2840 1237 2880 a
1253 2817 1346 2882 nobis
1361 2817 1430 2881 fidei
1443 2816 1549 2880 libenter

316 2922 464 3002 accepto,
494 2941 591 3003 quum
618 2919 901 3004 redintegrationis
929 2919 963 2982 in
987 2918 1114 2984 Christo
1138 2919 1239 2982 fueris
1268 2918 1393 3002 avidus,
1420 2936 1549 3002 nunquan

316 3020 350 3082 in
371 3020 665 3105 praedestinatione
688 3021 796 3084 diuina
818 3020 917 3084 fuisse
940 3042 959 3083 a
981 3020 1074 3084 uobis
1098 3021 1301 3105 cognosceris
1323 3020 1450 3085 alienus.

400 3123 430 3187 3.
465 3121 588 3206 Itaque,
613 3120 819 3186 dilectissime
841 3123 951 3204 frater,
975 3121 1035 3186 Dei
1058 3122 1161 3187 nostri
1177 3126 1293 3207 sponte
1316 3122 1500 3187 currentibus
1516 3119 1549 3181 in·

316 3227 400 3288 state
433 3224 612 3308 beneficiis,
648 3225 751 3308 sparsi
784 3223 861 3288 olim
893 3224 1003 3309 gregis
1035 3223 1162 3308 plenius
1191 3224 1336 3288 membra
1368 3224 1507 3308 colligite.
1527 3234 1549 3282 c!

316 3324 471 3389 custodite
499 3325 642 3390 collecta.
688 3326 850 3390 Memento
882 3346 969 3389 nunc
998 3325 1170 3390 clementer
1199 3327 1384 3411 assignatae
1409 3348 1427 3389 a
1452 3324 1549 3390 mna

315 3427 407 3491 navis
431 3448 498 3491 osse
521 3431 553 3491 te
575 3431 746 3493 rectorem:
773 3428 827 3491 fac
850 3426 972 3511 cogites
995 3426 1171 3492 diabolicae
1195 3428 1413 3493 contumaciae
1436 3426 1548 3511 spiritu·

314 3529 486 3614 quietem²)
509 3530 635 3594 itineris
658 3534 691 3594 et
719 3552 826 3594 curam
856 3529 1040 3612 turbantem
1068 3552 1128 3594 uec
1156 3533 1188 3593 te
1215 3529 1341 3594 lateant-
1366 3530 1473 3594 fluctus
1493 3532 1549 3589 tern-

314 3632 448 3716 pestatis
471 3632 629 3713 incertae,
654 3654 732 3716 quos
755 3630 864 3716 evigili
887 3634 995 3695 mente
1017 3632 1212 3716 prospicias,
1241 3637 1274 3696 et
1302 3636 1408 3696 crecta
1428 3630 1459 3694 iu
1474 3628 1550 3693 llcun

314 3734 438 3797 ratione
462 3756 644 3817 compescas
653 3735 689 3820 3)“.
727 3725 825 3798 Nulla
846 3732 907 3796 tibi
930 3733 1088 3796 commissi
1104 3733 1229 3818 negotii
1244 3733 1443 3819 negligentia
1457 3732 1552 3795 clarum

314 3835 492 3899 dominicae
515 3835 594 3899 ratis
617 3839 813 3920 extorqueat.
855 3834 937 3899 Illud
960 3833 1090 3899 unicum
1112 3835 1192 3899 recti
1215 3835 1341 3899 itineris
1363 3836 1484 3919 signum
1500 3829 1553 3894 fixis

314 3958 438 4022 semper
472 3937 637 4001 obtutibus
669 3938 810 4020 intuere,
850 3958 913 4021 quo
946 3936 1064 4000 certius
1096 3936 1265 4020 perflantis
1300 3937 1419 4003 diaboli
1452 3934 1555 4000 turbata

314 4043 517 4121 couteumas,
546 4040 640 4102 etad
663 4040 810 4123 promissi
833 4042 944 4122 portus
967 4038 1142 4122 tranquilla
1163 4042 1343 4124 pervenias.
1388 4038 1473 4104 Haec
1491 4036 1559 4101 enim

314 4144 363 4203 est
386 4139 562 4205 Christiani
583 4141 746 4224 palaestra
769 4141 969 4223 certaminis,
993 4141 1051 4204 tali
1070 4140 1190 4206 Christi
1212 4142 1350 4207 militiae
1372 4142 1560 4226 sempiternae

312 4242 398 4306 vitae
419 4242 527 4326 palma
549 4245 749 4327 proponitur.

396 4346 427 4408 4.
461 4343 551 4409 Haec
565 4345 626 4408 tibi
641 4344 816 4409 rectissime
833 4344 990 4429 cogitanti
1005 4366 1071 4409 non
1091 4345 1193 4410 deerit
1207 4366 1266 4409 suo
1280 4346 1381 4412 militi
1395 4347 1566 4435 praesidinm

312 4476 508 4484 -——-—---·-
521 4478 527 4484 .
536 4478 615 4484 ---·--

312 4534 345 4585 80
381 4534 400 4599 ¹)
423 4530 458 4587 (³¹
476 4533 503 4587 a'
522 4550 562 4587 oc
591 4540 770 4588 complicatis
799 4538 824 4586 r'a
856 4536 963 4587 Gristum
993 4533 1138 4595 Ecclesiae,
1168 4536 1235 4588 hauc
1265 4536 1322 4602 (ce
1348 4538 1393 4607 nc)
1425 4542 1572 4609 respublicae:

312 4616 452 4672 mendose.

379 4705 400 4770 ²)
419 4706 445 4756 οὗ
463 4719 519 4771 seq.
537 4710 643 4773 quictem
661 4709 759 4759 itineris
782 4715 806 4758 cl
829 4725 914 4759 curam
934 4707 1077 4771 tardantes,
1100 4702 1147 4759 ubi
1160 4701 1195 4759 G'
1210 4704 1248 4760 (Ρ
1266 4712 1351 4776 pericli
1369 4716 1473 4767 itineris
1491 4722 1514 4765 ct
1529 4728 1578 4762 carr

311 4790 444 4841 lurdcralc's.
480 4786 545 4842 Mox
564 4789 605 4842 ccl.
626 4792 717 4844 loterel.

378 4876 399 4943 ³)
418 4877 443 4926 c‘·
456 4890 513 4942 seq.
530 4895 690 4945 campenses,
711 4872 759 4928 uhi
776 4876 810 4930 G*
825 4878 850 4928 a¹
871 4896 1032 4945 conprensos,
1052 4874 1089 4930 G³
1100 4895 1258 4946 compescar,
1279 4880 1439 4939 mallemus
1455 4900 1583 4955 conputus.
