3412 5664
683 326 878 378 sclavones
902 320 952 378 16.
976 317 1024 377 17.

722 517 903 621 Epistola
930 517 982 600 17.

429 671 563 739 Felicis
585 688 696 755 papae
717 670 763 736 ad
784 670 1040 737 Vetranionem
1062 670 1277 754 episcopum.
1499 656 1621 791 ffljl)

167 788 223 845 ”¹⁸-
264 807 360 862 ouant
374 814 497 863 eeckatae
514 812 812 877 Constantinopolitanae
830 802 914 862 cased
931 813 1057 877 expositis
1075 812 1204 870 bortatur,
1229 819 1256 861 nt
1274 811 1452 876 inperatorem

441 901 446 911 '
473 899 510 948 ad
525 899 640 948 unionem
657 913 711 947 cano
728 897 843 948 Raram
860 899 1052 947 irrotaarandarn
1069 904 1223 962 permoveat.

368 1030 480 1096 Felix
503 1029 748 1095 Vetranioni
770 1031 969 1115 episcopo.

167 1240 170 1245 ⁴
316 1152 338 1214 l.
370 1149 457 1227 Quod
484 1150 619 1215 unitatis
641 1149 805 1214 Ecclesiae
833 1149 929 1234 plena
958 1151 1101 1235 cupimus
1133 1149 1407 1235 redintegratione
1435 1151 1488 1215 fir-

253 1251 322 1333 mari,
339 1251 502 1318 multorum
518 1253 674 1318 relatione
691 1252 900 1337 comperimus
911 1253 951 1339 ¹):
975 1252 1177 1317 dilectionem
1195 1247 1284 1317 t‘uam
1300 1256 1332 1316 et
1348 1253 1487 1339 egregiis

256 1354 363 1420 mantus
379 1355 487 1420 divina
508 1356 616 1442 gratia
638 1355 801 1420 tribuente
824 1355 958 1440 pollere,
990 1359 1022 1420 et
1044 1355 1164 1419 domini
1192 1355 1250 1419 filii
1273 1355 1373 1420 nostri
1397 1355 1486 1421 Chri-

168 1480 177 2005 ,
257 1453 401 1522 otiosissimi
429 1457 586 1544 principis
614 1458 835 1523 familiaritate
863 1459 1032 1523 subnixam
1066 1461 1274 1542 paratamque
1301 1458 1486 1523 fraternita-

168 2014 175 2103 i

168 2108 175 2219 1

256 1554 303 1620 lem
319 1562 391 1625 tuam
412 1560 590 1626 catholicae
612 1561 687 1625 fidei
710 1584 849 1645 causam,
873 1560 900 1625 si
922 1561 1125 1625 manifestius
1147 1560 1358 1645 panderetur,
1386 1561 1486 1626 libere

257 1659 434 1742 tondeant
448 1663 623 1728 adstruere.
662 1664 782 1740 Quibus
805 1663 844 1728 de
865 1667 922 1728 tua
937 1667 1045 1728 mente
1068 1663 1203 1747 sumptis
1225 1662 1363 1748 indiciis,
1388 1664 1486 1728 talem

256 1758 414 1830 tsveritatis
436 1770 600 1832 auctorem
628 1789 697 1832 esse
719 1767 962 1852 perpendimus,
991 1766 1117 1851 qualem
1145 1764 1211 1830 illic
1237 1765 1486 1832 desideravimus

254 1854 372 1932 hrenire.
414 1867 589 1934 Gratamur
610 1868 720 1955 igitur,
751 1871 834 1955 quod
856 1869 1088 1934 haereditatem
1111 1891 1200 1934 suam
1223 1890 1289 1933 non
1311 1891 1486 1954 usquequa-

252 1978 296 2041 que
311 1964 452 2035 Dominus
474 1971 653 2056 repulisset,
678 1972 731 2036 sed
754 1973 788 2036 in
813 1972 1091 2049 eorumeordibus
1113 1970 1275 2035 flammam
1290 1975 1397 2036 rectae
1414 1994 1486 2037 con-

249 2056 365 2136 ltu⁸1'onis
384 2078 527 2139 servaret
548 2075 780 2158 absconditam,
810 2075 865 2160 qui
887 2075 953 2138 sive
975 2097 1009 2138 se
1032 2098 1050 2138 a
1074 2073 1296 2139 communione
1319 2075 1486 2157 confusa²l

246 2167 348 2243 imitus
372 2175 572 2241 abstinerent
604 2178 670 2241 sive
697 2178 732 2241 in
756 2199 826 2240 eam
854 2200 912 2261 per
933 2177 1151 2262 ignorantiam
1173 2177 1377 2262 recidissent,
1408 2179 1486 2243 mal-

243 2256 413 2343 [esttamen
436 2282 470 2344 et
492 2279 646 2344 declarari
677 2301 757 2364 quae
780 2283 868 2344 recta
891 2284 981 2363 sunt,
1017 2284 1050 2343 et
1077 2279 1252 2360 secundum
1280 2281 1487 2345 traditionem

169 2442 171 2451 .
240 2369 360 2446 tetrarum
391 2381 599 2467 comprobata
631 2381 757 2450 sectari.
803 2382 909 2467 Atepue
942 2383 1013 2447 ideo
1047 2381 1165 2467 alloqui
1199 2383 1367 2448 caritatem
1397 2387 1487 2449 tuam

237 2477 329 2544 natm
348 2484 448 2550 modis
471 2485 620 2549 omnibus
641 2506 787 2557 sermone
811 2485 1000 2567 curavimus,
1025 2485 1111 2549 etde
1127 2485 1187 2570 his,
1211 2508 1292 2570 quae
1307 2485 1486 2552 Ecclesiam

238 2567 338 2651 (bristi
358 2587 497 2653 fecerint
517 2587 680 2671 dissidere,
705 2590 924 2672 competenter
945 2587 1114 2653 instruere.

169 2672 171 2683 ¹
304 2684 334 2752 2.
367 2688 405 2754 11
428 2688 682 2755 Calchedonensi
710 2691 818 2775 itaque
847 2690 984 2775 synodo,
1019 2712 1100 2775 quae
1128 2689 1167 2754 de
1196 2690 1322 2755 concilii
1350 2690 1486 2756 Nicaeni
1534 2761 1548 2779 .

240 2780 331 2854 leltere
350 2791 541 2878 procedens,
569 2814 627 2877 pro
649 2790 853 2857 Christianae
877 2793 1087 2857 confessionis
1115 2793 1305 2877 integritate
1329 2795 1486 2859 servanda

244 2882 295 2951 lem
313 2896 495 2960 auctoritate
517 2893 601 2960 sedis
624 2895 816 2981 apostolicae
838 2906 934 2981 q'nam
950 2895 1139 2959 mriversalis
1155 2894 1319 2959 Ecclesiae
1342 2900 1391 2959 est
1407 2896 1486 2960 cele-

247 2984 320 3057 brata
337 3019 499 3080 consensu,
523 2996 703 3082 Eutychem
725 3002 819 3083 atque
832 2998 1020 3063 Dioscorum
1043 3000 1170 3061 constat
1191 2996 1291 3061 fuisse
1307 2998 1484 3063 damnatos.

252 3085 358 3164 Quorum
376 3099 563 3166 Timotheus
586 3103 619 3164 et
639 3099 753 3165 Petrus
776 3101 937 3165 exstitisse
959 3099 1247 3183 docentur'procul
1269 3099 1365 3164 dubio
1385 3103 1486 3164 secta·

201 3196 208 3209 ⁸
252 3194 328 3281 ittet,
352 3225 520 3289 eorumque
541 3225 576 3268 se
599 3203 814 3268 (communioni
838 3204 980 3267 nefariae
1008 3202 1188 3285 miscuisse,
1227 3201 1325 3266 etiam
1347 3224 1486 3287 quuma

254 3294 322 3363 aubis
338 3304 510 3388 prohibitus
533 3308 592 3389 est,
617 3306 772 3371 Aeacius:
795 3311 890 3390 atque
913 3307 954 3370 ob
976 3304 1037 3369 hoc
1059 3327 1097 3369 ex
1120 3306 1224 3370 forma
1242 3304 1355 3388 synodi
1370 3326 1486 3369 memo

170 3450 172 3457 ·
252 3402 320 3465 stitit
335 3406 463 3473 similem
486 3412 634 3492 cunctos,
662 3431 744 3494 quae
766 3408 908 3493 praefixa
933 3408 1040 3473 fuerat
1068 3407 1237 3493 pravitati,
1271 3406 1487 3472 damnationis

252 3500 368 3574 dividisse
387 3511 594 3595 sententiam,
619 3511 709 3596 cujus
731 3533 765 3576 se
788 3513 955 3598 elegerunt
969 3531 1038 3575 esse
1057 3513 1230 3574 consortes.
1264 3507 1358 3574 Unde
1373 3510 1488 3574 merito

243 3607 397 3693 praedictis
419 3614 559 3693 Aeacius
587 3613 781 3697 apostolicae
809 3613 908 3698 sedis,
943 3636 1024 3699 quae
1051 3635 1138 3678 nunc
1171 3613 1349 3677 exsecutrix
1378 3613 1487 3699 utique

240 3729 323 3793 saepe
339 3714 412 3782 dicti
434 3715 706 3783 Calchedonensis
735 3716 861 3782 concilii
883 3717 950 3801 ‘pro
978 3717 1040 3781 fide
1068 3715 1227 3780 catholiea
1253 3718 1332 3779 tunc
1360 3715 1487 3799 probati

234 3832 299 3881 non
315 3814 425 3903 defuit,
452 3819 572 3884 iterata
593 3818 955 3905 excommunicatione³)
979 3818 1127 3903 depulsus
1150 3821 1214 3902 est,
1248 3840 1290 3882 ne
1317 3839 1375 3902 per
1403 3840 1486 3903 eum,

223 4074 262 4114 ex
281 4054 431 4113 declanensi
447 4057 629 4130 inscriptione
647 4059 738 4127 (ltossi
755 4058 925 4127 1111997)
944 4061 974 4111 ct
991 4058 1135 4113 notatione
1154 4057 1220 4112 anni
1237 4064 1284 4112 491
1306 4058 1344 4126 (p.
1362 4078 1384 4112 c.
1399 4062 1489 4111 t'aaeti

212 4151 281 4215 jn.
297 4141 346 4282 ἔῖΙ
362 4165 389 4213 p.
406 4165 428 4203 e.
453 4149 537 4199 ttaott
557 4149 648 4199 Faaatt
663 4145 708 4198 vel
724 4166 752 4214 p.
772 4166 794 4201 c.
812 4149 895 4200 I'roht
916 4149 1019 4205 Fauna,-
1043 4145 1113 4198 cont.
1133 4141 1214 4197 Rossi
1231 4142 1248 4195 l.
1268 4160 1290 4196 c.
1310 4161 1336 4196 n.
1356 4147 1416 4210 899)
1440 4160 1487 4212 pa·

217 4231 432 4382 ιιω’1011111111
451 4317 525 4370 esset
541 4314 595 4371 boc
612 4315 757 4371 exordium
774 4315 803 4369 in
821 4315 893 4369 bunc
911 4315 1036 4369 modum:
1064 4319 1202 4371 Multorum
1220 4320 1345 4369 relatione
1363 4319 1486 4382 comperi-

212 4419 275 4459 u!
290 4404 329 4461 td.
351 4407 419 4471 qaod
439 4407 627 4457 eedeaiaattcae
647 4408 722 4471 paer'a
736 4408 815 4471 ptena
832 4407 944 4471 capimus
962 4406 1178 4470 redintegratione
1194 4407 1305 4468 mari,
1331 4405 1488 4453 ditectionem

211 4496 450 4641 adillanitae
468 4573 624 4628 communio
641 4573 742 4628 merito
760 4572 813 4627 diei
831 4573 924 4643 potuit
940 4577 1059 4640 consina,
1078 4589 1162 4642 quam
1179 4590 1208 4625 se
1227 4588 1288 4624 cum
1307 4568 1396 4623 Felice
1413 4586 1488 4639 papa

210 4663 246 4716 et
267 4673 331 4711 cum
346 4657 430 4712 Petro
441 4657 545 4728 Mongo
564 4657 675 4728 scriptis
693 4658 730 4713 ad
747 4661 896 4727 utrumque
914 4657 1015 4712 litteris
1032 4657 1137 4712 habere
1156 4656 1307 4711 asserebat.
1338 4654 1397 4708 Nisi
1416 4655 1488 4708 forte

209 4747 328 4808 malm
344 4759 394 4812 per
411 4742 595 4814 antiphrasim
607 4761 704 4799 eorum
716 4744 872 4799 communio
885 4743 999 4809 dicitur,
1017 4742 1065 4813 qni
1084 4761 1113 4798 so
1131 4742 1159 4795 in
1171 4741 1306 4796 Henotico
1321 4758 1370 4792 scu
1383 4738 1487 4793 unitivo

211 4830 334 4883 decreto
351 4828 555 4884 communicare
568 4829 748 4897 jactitabant,

287 4915 310 4979 ⁸)
327 4912 450 4969 Primum
466 4913 597 4970 videlicet
612 4913 711 4969 Felicis
728 4915 868 4971 sannatia
884 4931 957 4970 anno
974 4920 1025 4970 ast
1042 4932 1067 4969 a.
1082 4911 1144 4968 dV
1159 4912 1220 4967 Kal.
1234 4912 1304 4981 Aug.
1316 4911 1444 4965 11011111
1459 4909 1489 4964 in

1220 4998 1286 5065 18*
