3412 5664
350 335 392 401 70
537 308 545 319 ’
715 349 850 400 namra
873 349 1025 398 annuum
1048 349 1247 399 mannaan

434 514 464 569 2.
496 514 562 569 llum
577 512 737 569 Constantio
757 513 843 586 igitur
864 519 994 568 tractatus
1010 512 1080 567 istos
1096 511 1218 585 epistolis
1234 513 1299 585 ipsis
1315 513 1391 586 quasi
1406 529 1456 587 pro
1472 512 1621 587 appendice

350 597 467 674 quodam
483 597 648 669 adjiciendos
661 595 796 654 dommus.
824 596 925 653 Revera
940 597 1033 672 plures
1049 613 1144 669 eorum
1159 613 1220 653 cum
1236 597 1278 653 his
1293 605 1368 653 arcte
1382 598 1530 654 cohaerent
1545 605 1575 654 et
1589 597 1625 654 ad
1649 634 1655 649 ,

351 703 394 743 res
410 683 448 740 ibi
471 691 597 740 tractatas
620 682 819 757 quodammodo
840 682 1027 745 introducunt,
1049 691 1223 757 prospectum
1245 682 1385 756 quemdam
1407 699 1498 739 carum
1519 690 1568 739 aut
1583 684 1624 740 hi·

350 770 484 827 storicum
498 777 546 825 aut
561 767 744 844 dogmaticum
764 767 935 843 praebentes.
967 768 1052 824 Porro
1069 784 1152 842 quum
1167 769 1195 824 in
1211 766 1305 824 iisdem
1321 767 1454 839 ejusmodi
1469 767 1561 825 desint
1574 785 1625 825 uo·

352 867 403 918 tae,
426 853 524 930 quibus
541 872 596 929 quo
612 855 728 929 quisque
743 855 861 928 scriptus
877 855 913 910 sit
928 861 1050 910 accurate
1066 852 1250 927 dignoscatur,
1273 869 1323 909 nos
1339 853 1461 909 ordinem
1476 853 1626 910 chronolo-

354 943 445 1017 gicum
461 948 573 996 eatenus
588 939 757 1014 sequendum
772 940 822 994 rati
839 955 942 1002 sumus,
958 948 989 994 ut
1004 940 1091 1013 primo
1107 938 1168 995 loco
1183 938 1245 994 illos
1261 954 1433 1012 poneremus,
1450 939 1497 1013 qui
1508 937 1565 1010 jam
1576 937 1626 995 Ne·

355 1019 568 1103 licezsuperstite
583 1024 617 1081 de
638 1041 719 1081 causa
741 1023 865 1081 videlicet
879 1023 996 1080 Nestorii
1018 1032 1044 1080 et
1060 1022 1217 1097 Eutychetis
1239 1021 1375 1098 pontilicis
1390 1025 1479 1079 nostri
1494 1022 1627 1081 calamum

355 1113 520 1188 petiueraut;
537 1109 634 1167 deiude
649 1108 853 1181 subjiceremus,
870 1111 916 1184 qui
931 1108 1060 1166 adversus
1073 1108 1233 1183 Pelagianos
1249 1117 1277 1165 et
1291 1125 1411 1183 paganos
1427 1107 1549 1180 ejusdem
1561 1124 1629 1185 ope·

355 1215 411 1255 ram
427 1194 593 1270 flagitabant.
625 1193 800 1252 Constantius
817 1211 882 1250 vero
898 1211 959 1250 eum
982 1194 1103 1250 ordinem
1118 1193 1248 1257 adhibuit,
1264 1202 1295 1250 ut
1309 1194 1355 1250 iila
1370 1193 1478 1268 quidem
1493 1200 1577 1269 gesta
1591 1195 1630 1253 de

357 1285 470 1341 nomine
486 1284 590 1338 Aeacii
609 1280 726 1354 (tractat.
743 1277 765 1351 1)
786 1282 859 1336 inter
873 1278 969 1336 Felicis
984 1279 1006 1335 11
1027 1279 1156 1355 epistolas
1172 1281 1321 1352 opinatam
1338 1279 1377 1336 14
1392 1278 1542 1343 collocarit,
1564 1280 1631 1336 reli·

358 1385 427 1444 quos
451 1374 580 1424 tractatus
602 1365 726 1440 epistolis
749 1363 847 1421 Gelasii
866 1366 904 1421 ita
924 1364 1083 1427 subdiderit,
1106 1372 1136 1420 ut
1152 1366 1239 1439 primo
1256 1364 1378 1438 incoqui
1394 1380 1529 1439 paganum
1546 1366 1632 1422 ritum

358 1450 468 1515 reiutat,
490 1460 548 1508 tum
570 1452 616 1525 qui
637 1459 809 1507 renascentes
830 1451 973 1525 impugnat
992 1448 1159 1524 Pelagianos,
1182 1457 1247 1524 post
1263 1451 1310 1523 qui
1330 1449 1457 1505 adversus
1473 1449 1634 1525 Nestorium

360 1548 388 1597 et
402 1538 543 1614 Eutychen
558 1538 676 1611 scriptus
693 1544 744 1599 est,
759 1535 869 1591 demum
887 1537 933 1610 qui
949 1535 981 1591 ad
996 1552 1041 1592 res
1056 1536 1195 1610 pertinent
1209 1536 1350 1592 heaeianas
1365 1535 1499 1610 posuerit.

611 1720 650 1781 Iu
671 1719 788 1781 Gelasii
808 1735 910 1797 papae
931 1721 1097 1781 laetatum
1118 1720 1136 1781 1
1157 1715 1227 1799 („ln
1242 1715 1378 1799 eausa“).

219 1871 271 1939 [aa
290 1863 353 1935 gg]
449 1849 477 1903 1.
513 1845 541 1901 ln
557 1843 675 1900 Romana
690 1840 889 1916 pontificiarum
910 1842 1087 1915 epistolarum
1108 1842 1225 1899 editione
1246 1861 1269 1899 s.
1291 1841 1389 1899 Leonis
1410 1844 1534 1920 epistolis
1557 1861 1640 1920 prae·

363 1935 459 2010 ligitur
474 1933 527 1988 hoc
542 1931 673 2002 scriptum
689 1945 703 1983 e
720 1930 803 1984 veteri
819 1926 963 2001 exemplari
978 1928 1105 1985 Vaticano
1122 1937 1239 1985 erutum.
1271 1928 1343 1985 idem
1363 1936 1391 1985 et
1406 1939 1501 2004 postea
1515 1929 1641 1987 Iacobus

363 2016 521 2077 Sirmondus
543 2015 576 2071 ad
597 2014 664 2070 alios
685 2013 792 2070 codices
815 2021 937 2069 exactum
959 2014 986 2069 in
1007 2016 1168 2087 appendice
1189 2015 1298 2071 codicis
1316 2013 1509 2074 Theodosiana·
1521 2017 1642 2081 recusit,

364 2124 395 2162 ae
411 2103 506 2160 Felicis
521 2100 543 2156 11
564 2097 687 2174 epistolis
709 2101 854 2172 praemisit.
887 2097 962 2154 Circa
977 2097 1035 2170 ejus
1051 2107 1190 2156 auctorem
1204 2097 1342 2155 liomauus
1357 2099 1447 2158 editor
1460 2100 1644 2158 sirmondus·

366 2190 460 2266 quein
481 2204 514 2243 co
536 2185 718 2248 consentiunt,
741 2184 814 2259 quod
836 2186 968 2240 incertum
990 2202 1021 2240 ac
1040 2183 1090 2241 sibi
1112 2187 1237 2259 ignotum
1260 2184 1337 2241 ambo
1359 2185 1550 2243 confiteantur.
1584 2185 1644 2243 Sed

365 2278 436 2332 circa
455 2281 570 2346 tempus,
593 2287 648 2343 quo
664 2270 810 2343 scripserit,
828 2286 883 2326 nou
898 2285 947 2342 par
962 2278 1005 2325 est
1019 2286 1113 2325 eorum
1129 2271 1283 2326 consensio.
1314 2270 1379 2327 Nam
1395 2270 1530 2329 Romanus
1547 2271 1645 2329 editor

368 2359 464 2418 Gelasii
482 2367 612 2431 tempore,
629 2354 788 2411 Sirmoudus
804 2371 867 2411 uero
884 2370 954 2410 auno
961 2354 1023 2412 486
1039 2355 1161 2428 adeoque
1175 2353 1273 2412 Felicis
1288 2372 1353 2411 aevo
1371 2356 1532 2414 adornatum
1548 2365 1643 2415 notat.

367 2449 427 2523 lpse
443 2442 553 2517 quidem
567 2447 662 2497 auctor
677 2441 703 2495 iu
720 2442 809 2514 operis
831 2442 873 2496 sui
889 2439 1001 2495 oxordio
1018 2448 1124 2514 tempus
1146 2439 1279 2515 designat,
1295 2457 1350 2515 quo
1365 2440 1469 2499 scribit.
1499 2441 1555 2499 Sed
1570 2441 1645 2501 illud

368 2536 406 2590 ita
421 2529 552 2590 enuntiat,
574 2534 605 2582 ut
625 2525 658 2582 ad
674 2523 829 2582 firmandam
844 2526 998 2600 opinionem
1013 2541 1090 2581 suam
1105 2524 1185 2581 verba
1206 2525 1265 2597 ejus
1288 2534 1403 2602 uterque
1423 2544 1519 2602 rapere
1540 2527 1644 2585 1151551.

369 2620 437 2675 l'um
457 2614 558 2689 quippe
579 2610 697 2668 scribere
723 2627 753 2667 se
775 2613 820 2674 ait,
844 2627 928 2686 quum
949 2611 1101 2669 Nestorius
1121 2619 1189 2668 ante
1212 2611 1252 2671 58
1271 2612 1339 2684 sere
1360 2629 1453 2671 annos
1472 2613 1595 2670 Photini
1615 2621 1646 2671 et

370 2704 458 2761 Pauli
472 2700 656 2757 Samosateni
674 2703 792 2754 secatus
807 2712 937 2754 errorem
955 2697 1093 2753 oasitano
1115 2699 1203 2754 exilio
1224 2701 1329 2754 meruit
1348 2701 1485 2774 relegari.
1522 2697 1604 2756 Unde
1619 2700 1647 2755 si

371 2786 445 2846 istud
460 2793 528 2842 ante
543 2782 584 2842 58
597 2783 665 2856 fere
680 2799 773 2840 annos
795 2782 826 2838 ad
849 2783 971 2858 proxima
990 2780 1079 2844 verba,
1094 2780 1201 2855 ,quibus
1216 2782 1358 2839 Nestorius
1373 2783 1490 2842 Photini
1508 2791 1537 2840 et
1552 2785 1649 2842 Pauli

373 2866 556 2933 Samosateni
575 2885 705 2926 errorem
726 2875 843 2925 secutas
868 2868 980 2932 dieitur,
1002 2867 1164 2931 referamus,
1187 2865 1262 2923 irrina
1283 2867 1400 2926 manebit
1420 2868 1558 2926 Sirmoudi
1579 2885 1647 2927 seu·

373 2959 466 3018 tentia.
491 2956 556 3012 Nam
572 2971 655 3029 quum
670 2954 812 3010 Nestorius
828 2952 970 3010 51155428
986 2955 1012 3009 in
1029 2953 1353 3028 constantinopolitanam
1367 2954 1459 3011 sedem
1474 2962 1647 3031 assumptus,

373 3043 469 3104 codem
484 3059 554 3098 anno
569 3040 678 3097 Photini
698 3048 726 3096 et
740 3038 816 3096 Pauli
830 3040 997 3095 Samosateni
1012 3055 1119 3095 errores
1134 3040 1284 3095 instaurare
1299 3047 1328 3096 et
1343 3039 1496 3114 praedicare
1507 3041 1646 3115 coeperit,

374 3134 397 3190 si
412 3130 453 3186 his
470 3128 531 3186 428
547 3127 622 3183 anuis
638 3123 766 3182 accedant
780 3126 976 3200 quinquaginta
992 3132 1064 3188 oete,
1084 3122 1117 3179 ad
1132 3141 1231 3180 anuum
1246 3124 1308 3183 486
1324 3127 1490 3198 pervenitur.
1530 3124 1560 3181 Si
1576 3142 1647 3184 vero

375 3215 468 3275 cadem
482 3212 561 3270 verba
584 3219 652 3269 ante
666 3211 707 3270 58
727 3212 795 3284 sere
815 3226 908 3268 annos
930 3227 990 3266 cum
1006 3211 1047 3266 his
1064 3209 1259 3285 conjungamus
1277 3212 1416 3269 oasitano
1431 3213 1521 3268 exilio
1536 3214 1648 3268 meruit

377 3303 512 3374 relegari,
529 3297 618 3353 valere
633 3298 743 3370 incipiet
759 3297 850 3370 opinio
865 3294 977 3351 Romani
992 3295 1114 3352 editoris.
1139 3294 1227 3363 Quum
1242 3297 1311 3352 enim
1326 3296 1481 3353 Nestorium
1496 3313 1567 3371 anuo
1579 3294 1649 3355 435

378 3386 466 3444 basim
487 3383 639 3455 relegatum
654 3398 714 3437 esse
729 3383 757 3438 in
772 3381 897 3437 coniesso
913 3383 957 3444 sit,
980 3381 1032 3437 hoc
1047 3398 1116 3455 opus
1130 3382 1159 3436 iu
1174 3398 1272 3437 annum
1288 3381 1359 3443 493,
1382 3399 1437 3457 quo
1453 3390 1576 3457 tempore
1591 3380 1650 3437 Ge·

379 3471 460 3529 lasius
475 3465 662 3543 pontificatum
677 3463 796 3541 gerebat,
813 3465 989 3522 differendum
1006 3468 1067 3522 erit.
1090 3466 1188 3523 Verum
1204 3467 1272 3522 hanc
1287 3466 1486 3541 praedictorum
1498 3466 1650 3523 verborum

378 3553 628 3628 interpretationem
644 3552 696 3606 etsi
716 3550 874 3625 praeierunt
895 3553 975 3607 etiam
990 3552 1124 3608 ballerinii
1139 3551 1219 3627 (Opp.
1236 3551 1320 3609 beon.
1337 3552 1367 3615 11,
1386 3551 1488 3625 1415),
1510 3569 1566 3609 uon
1581 3568 1650 3627 per-

380 3643 492 3699 mittunt
510 3636 562 3694 alia
576 3634 698 3707 ejusdcm
717 3637 857 3710 scriptoris
872 3652 900 3693 n.
917 3636 946 3703 4,
969 3635 1015 3692 11111
1037 3637 1071 3694 de
1090 3638 1172 3694 Petro
1194 3636 1293 3713 Nongo
1315 3637 1423 3695 locutus
1443 3636 1567 3709 subjicit:
1596 3641 1653 3712 qui

381 3730 578 3801 episcopatum
605 3738 684 3778 nunc
708 3724 928 3780 Alexandrinae
954 3727 1108 3796 occupauit
1134 3726 1291 3787 sedeciae·
1325 3723 1422 3799 quibus
1450 3722 1537 3780 verbis
1563 3738 1596 3779 ea
1617 3739 1652 3779 se

382 3820 458 3890 gesta
474 3819 539 3865 tunc
553 3806 671 3864 scribere
685 3807 793 3873 iudicat,
803 3817 892 3882 'quum
908 3808 1004 3865 Petrus
1020 3808 1134 3884 blongus
1156 3809 1283 3865 eeclesiae
1298 3809 1491 3866 Alexandrinae
1507 3809 1651 3883 episcopa·

383 3908 440 3956 tum
456 3900 608 3969 occuparat.
639 3893 721 3967 htqui
735 3892 816 3951 Petro
833 3894 896 3949 huie
910 3892 984 3951 Felix
998 3903 1138 3969 superstes
1153 3895 1215 3951 fuit.
1237 3895 1296 3951 Non
1311 3896 1396 3969 igitur
1411 3893 1509 3951 Gelasii
1522 3902 1652 3968 tempore

383 3991 461 4060 gesta
475 3983 527 4037 ista
547 3980 705 4036 concinnata
725 3986 797 4042 sunt,
820 3979 942 4053 adeoque
963 3979 996 4035 ad
1011 3981 1123 4054 primam
1137 3982 1389 4055 interpretationem
1404 3987 1523 4036 nostram
1539 3996 1570 4035 ac
1583 3995 1652 4035 sen·

363 4131 366 4138 ,
382 4070 492 4127 tentiam
505 4064 640 4123 Sirmondi
654 4062 830 4121 redeundum.
852 4063 977 4121 Eamdem
989 4064 1076 4121 iirmat
1086 4075 1115 4121 et
1129 4064 1232 4122 diversa
1247 4065 1293 4121 illa
1307 4067 1384 4128 ratio,
1401 4083 1453 4139 qua
1462 4063 1538 4121 idem
1552 4071 1653 4121 auctor

383 4156 417 4212 de
433 4151 569 4227 Simplicio
585 4159 613 4207 et
633 4149 667 4205 dc
682 4148 770 4207 Felice
786 4151 916 4226 loquitur.
946 4150 996 4206 Ubi
1010 4152 1080 4207 enim
1101 4152 1126 4206 ei
1140 4150 1174 4207 de
1191 4150 1329 4224 Shnpiieio
1344 4167 1434 4206 sermo
1451 4158 1501 4213 cst,
1518 4165 1579 4206 eum
1594 4150 1653 4205 vita

385 4243 507 4299 iunctum
527 4233 673 4312 significat,
694 4253 772 4292 secus
795 4252 878 4310 quum
899 4235 932 4291 de
952 4234 1049 4292 Felice.
1086 4235 1147 4292 Per
1164 4237 1259 4309 ferme
1281 4239 1443 4308 triennium,
1464 4235 1554 4309 inquit
1573 4253 1602 4291 u.
1619 4233 1652 4297 8.

385 4332 507 4386 sanetae
523 4325 675 4379 memoriae
691 4322 855 4395 Simplicius
861 4347 871 4387 ,·
897 4330 924 4379 et
939 4340 966 4378 11.
984 4322 1040 4379 11;
1060 4341 1147 4396 quum
1169 4338 1237 4396 ergo
1257 4329 1379 4379 sanctae
1398 4323 1553 4379 memoriae
1564 4338 1653 4393 papa

387 4412 559 4484 Simplicius,
575 4406 666 4463 addito
683 4406 827 4483 utrobique
842 4415 963 4464 sanetae
978 4412 1140 4465 memoriae.
1170 4408 1205 4462 ht
1224 4408 1282 4463 siue
1297 4406 1454 4479 huiusmodi
1468 4405 1654 4462 additamento

387 4500 420 4555 de
435 4494 523 4552 Felice
539 4494 603 4550 haec
618 4510 645 4548 u.
664 4492 701 4550 13
718 4492 812 4549 habet:
832 4500 985 4567 postquam
1005 4510 1074 4568 erpo
1095 4510 1152 4550 non
1173 4494 1263 4550 solum
1284 4495 1355 4550 nihil
1367 4492 1517 4566 profuisse
1535 4493 1656 4548 litteras

388 4583 552 4642 decessoris
567 4583 612 4636 sui
625 4584 746 4635 sanctus
763 4580 875 4647 (Felix)
887 4597 970 4651 papa
987 4583 1124 4653 capnovr't.
1153 4577 1282 4646 Quocirca
1305 4595 1359 4635 non
1381 4579 1656 4651 immeritoopuscu·

388 4670 444 4726 lum
458 4666 532 4724 istud
553 4664 586 4721 ad
602 4663 697 4721 Felicis
718 4680 801 4738 papae
822 4672 944 4738 tempora
970 4671 998 4720 et
1018 4664 1051 4721 ad
1071 4681 1189 4720 annuum
1211 4663 1319 4738 quidem
1337 4663 1399 4722 486
1422 4662 1464 4719 vel
1483 4663 1564 4718 eliam
1578 4659 1656 4725 485,

389 4754 463 4831 quod
478 4752 617 4828 postulare
631 4747 738 4805 videtur
751 4749 882 4822 particula
894 4749 998 4823 ferme,
1016 4751 1129 4806 attinere
1144 4766 1310 4806 censeamus.

475 4838 504 4895 2.
535 4837 588 4894 Sed
603 4852 691 4910 neque
708 4842 845 4891 auctorem
865 4833 923 4906 ejus
939 4835 1070 4893 ilenrieus
1085 4834 1204 4891 Valesius
1219 4836 1353 4892 incertum
1368 4832 1459 4891 lrabet.
1490 4830 1559 4889 hlud
1581 4833 1658 4889 euim

391 4924 488 4983 Gelasii
503 4939 587 4999 papae
601 4922 710 4978 nomine
724 4930 782 4977 tum
796 4923 824 4977 iu
839 4921 1028 4978 dissertatione
1040 4921 1293 4979 dePetrohntioeb.
1309 4921 1361 4979 e.3
1373 4928 1432 4976 tum
1442 4917 1504 4976 alibi
1516 4917 1588 4974 haud
1602 4917 1658 4975 du·
