3450 5678
246 310 311 375 404
723 324 750 372 s.
769 324 910 397 euunsn
933 323 1046 371 aaran

138 506 162 543 a.
173 492 234 542 495.
246 480 324 545 teris
353 479 418 544 suis
440 478 624 563 profitetur,
654 479 770 542 cuneta
801 499 869 542 sese
897 500 935 542 ex
958 477 1078 543 Aeacii
1105 477 1243 563 gessisse
1272 476 1408 544 cumdio
1415 528 1425 561 ,
1462 500 1529 544 nee

246 583 308 647 hoc
331 604 403 647 cum
425 580 537 645 fallere
565 579 682 644 litteris
711 580 776 643 suis
805 580 873 664 ipse
901 581 1025 665 pariter
1051 582 1191 646 testatur
1218 580 1376 665 Aeacius,
1407 580 1466 666 qui
1494 585 1530 648 et

247 708 319 751 cum
341 685 550 749 nihilominus
571 684 721 747 universa
743 685 829 747 reete
852 684 991 768 gessisse
1014 681 1215 768 conscripsit,
1246 686 1279 748 et
1305 706 1364 749 suo
1387 683 1530 749 consilio

247 789 327 854 haec
349 788 461 852 eadem
482 789 576 872 gesta
604 807 670 849 non
691 785 817 850 tacuit?
860 784 957 862 Quasi
986 808 1061 851 vero
1089 788 1218 851 tantum
1246 786 1281 850 in
1304 784 1529 852 Alexandrini

247 891 336 956 Petri
360 890 582 956 communione
605 888 744 953 Aeacius
767 889 1005 972 praevaricator
1027 889 1198 971 exstiterit,
1223 892 1256 954 et
1277 910 1345 954 non
1367 888 1404 953 in
1420 889 1529 954 omni-

247 996 316 1077 hus,
340 1015 421 1079 quos
443 991 494 1055 vel
509 991 588 1056 feeit
603 991 742 1075 depulsis
759 991 925 1057 catholicis
943 992 1150 1076 pontificibus
1173 995 1338 1077 tamquam
1360 995 1529 1077 tyrannus

247 1096 389 1160 ecelesiis
417 1094 594 1179 quibusque
621 1095 793 1178 praeponi,
823 1094 873 1159 vel
901 1094 1011 1159 taliter
1036 1095 1229 1181 praepositis
1256 1116 1411 1180 perversa
1441 1117 1527 1162 eom-

246 1199 398 1264 munione
421 1197 599 1281 permixtus
622 1198 686 1280 est3
710 1196 765 1280 qni
787 1196 848 1262 hoe
870 1197 939 1281 ipso
962 1198 1137 1262 seeundum
1160 1218 1301 1264 canones
1322 1197 1458 1263 fuerant
1485 1198 1528 1263 ab

247 1301 465 1367 ecclesiastiea
488 1298 711 1364 communione
733 1298 884 1384 pellendi,
916 1301 1025 1387 quo⁵⁸)
1055 1323 1089 1366 sc
1110 1301 1201 1386 passt
1224 1302 1300 1365 sunt
1321 1322 1528 1366 successores

247 1404 328 1469 vivis
351 1402 569 1468 sacerdotibus
592 1400 753 1465 adhiberi!
791 1400 869 1477 Quis
892 1406 999 1467 autem
1021 1425 1087 1468 non
1110 1403 1286 1488 perspiciat
1304 1401 1526 1487 Christianus,

246 1507 331 1592 quod
354 1505 519 1571 catholicis
541 1505 748 1590 pontificibus
775 1505 904 1590 propria
931 1505 1005 1570 sede
1027 1505 1161 1589 dejectis
1182 1527 1254 1569 non
1272 1505 1336 1570 nisi
1364 1504 1527 1571 haeretici

246 1608 412 1694 potuerint
433 1608 617 1673 introduci?
649 1606 771 1683 Quibus
792 1610 902 1673 tamen
930 1608 1054 1673 eunctis
1082 1608 1133 1673 vel
1161 1611 1273 1673 auctor
1293 1608 1359 1672 init
1381 1608 1526 1674 Aeacius

247 1712 470 1796 subrogandis,
500 1710 551 1775 vel
573 1696 755 1795 subrogatis
785 1712 1037 1776 communicator
1060 1711 1205 1795 accessit,
1235 1709 1285 1774 his
1313 1711 1438 1796 utique,
1470 1711 1526 1797 qui

248 1837 266 1877 a
289 1816 512 1878 communione
534 1813 766 1877 haeretieorum
789 1813 973 1878 nullatenus
996 1814 1234 1899 discrepabant.
1279 1811 1344 1878 our
1370 1835 1452 1900 ergo
1475 1813 1525 1878 vel

247 1939 345 2000 quum
367 1915 446 1981 haee
469 1916 538 1980 fieri
561 1915 685 1979 videret
706 1915 856 2000 Aeacius,
880 1938 946 1981 non
969 1916 1053 1981 sieut
1075 1916 1134 1980 sub
1157 1914 1315 1981 Basilisco
1334 1916 1407 1999 jam
1415 1915 1458 2002 ⁵⁹)
1480 1915 1526 1980 fe

249 2023 346 2101 cerat,
383 2018 422 2081 ad
451 2017 660 2101 apostolicam
689 2017 796 2082 sedern
824 2018 944 2084 referre
973 2019 1106 2101 curavit,
1142 2022 1179 2083 ut
1205 2018 1233 2082 si
1254 2017 1341 2082 solus
1362 2018 1435 2102 ipse
1456 2039 1524 2083 non

247 2108 384 2203 poterat,
405 2120 528 2203 junctis
536 2121 576 2207 ὓ0)
606 2143 677 2184 eum
706 2120 814 2184 eadem
839 2121 980 2185 consiliis
1003 2125 1099 2205 atque
1121 2120 1325 2204 tractatibus,
1355 2120 1444 2205 apud
1465 2121 1526 2185 irn-

234 2226 428 2306 -pcratorcm
449 2227 582 2315 possent
603 2245 684 2307 quae
706 2222 856 2308 religioni
880 2226 1098 2308 competerent
1120 2222 1279 2308 allegari?
1299 2220 1386 2287 Nam
1409 2222 1438 2287 si
1461 2220 1524 2287 Ba-

248 2325 383 2408 siliscus,
407 2327 444 2389 ut
466 2324 587 2389 dictum
616 2329 674 2408 est,
704 2328 862 2409 tyrannus
900 2329 932 2391 et
961 2325 1141 2391 hacreticus
1169 2325 1305 2411 scriptis
1320 2322 1525 2410 ‘apostolieae

248 2428 332 2493 sedis
354 2427 560 2492 vehementer
583 2428 741 2492 infractus
771 2431 820 2492 est
848 2432 881 2493 et
909 2453 928 2492 a
955 2428 1103 2513 plurimis
1131 2430 1298 2492 revocatus
1327 2428 1524 2507 excessibus,

248 2533 369 2614 quanto
391 2531 495 2616 magis
518 2530 681 2615 legitimus
703 2531 891 2616 imperator,-
912 2531 967 2617 qui
989 2553 1023 2596 se
1039 2530 1233 2596 catholicum
1256 2529 1357 2595 videri
1378 2529 1522 2613 volebat,

248 2633 353 2716 poterit
376 2655 448 2698 eum
470 2632 646 2717 apostolica
673 2633 747 2697 sede
776 2637 964 2698 conchirum
994 2655 1118 2718 quoque
1139 2632 1329 2717 pontificum
1353 2631 1525 2697 moderata

248 2735 456 2821 suggestione
479 2734 638 2820 mitigari3
661 2736 832 2820 praecipue
855 2759 952 2822 quum
969 2735 1111 2820 ejusdem
1133 2734 1245 2798 Aeacii
1268 2737 1352 2799 esset
1370 2734 1524 2820 specialis

248 2837 355 2902 fautor
383 2841 415 2903 et
438 2842 572 2921 amator,
607 2842 640 2902 ct
672 2838 726 2921 qui
759 2838 876 2902 litteris
909 2839 974 2903 suis
1006 2841 1075 2902 tam
1096 2838 1202 2922 ipsum
1236 2836 1392 2902 Acacium
1424 2859 1525 2923 quam

248 2945 381 3005 sanctae
413 2941 584 3005 memoriae
614 2962 731 3024 papam
759 2939 960 3024 Simplicium
987 2939 1115 3026 maguis
1143 2938 1290 3003 laudibus
1318 2939 1474 3005 extulisse
1482 2940 1523 3027 ⁸¹)

248 3043 424 3124 doceretur,
448 3042 532 3127 quod
555 3042 724 3106 haereticis
748 3043 1007 3108 constantissime
1023 3041 1228 3107 restitissent.
1254 3041 1318 3107 oin
1332 3045 1426 3107 tanto
1441 3045 1524 3107 tem·

248 3168 324 3229 pore
347 3144 486 3209 Aeacius
508 3145 594 3208 inter
616 3145 679 3208 ista
702 3145 869 3228 conticuit,
900 3146 964 3209 nisi
986 3146 1060 3229 quia
1083 3143 1264 3228 praepediri
1286 3144 1420 3210 nolebat
1442 3143 1524 3211 ulla·

246 3252 351 3323 tenus,
374 3269 456 3332 quae
478 3269 536 3331 pro
558 3246 728 3311 haereticis
751 3246 954 3312 desiderabat
974 3245 1126 3332 impleri?

248 3467 303 3504 uon
317 3450 483 3505 exstantium
495 3451 593 3506 Felicis
603 3451 627 3505 ll
640 3471 665 3505 n.
674 3451 738 3505 Vlll
749 3453 778 3506 et
787 3451 824 3506 IX
834 3453 949 3522 egimus.
969 3451 1019 3506 His
1029 3451 1150 3507 concinit
1159 3451 1341 3521 conregnas,
1355 3452 1405 3522 qui
1413 3453 1521 3508 ubilib.

248 3543 299 3590 3c.
315 3543 345 3589 12
364 3536 505 3590 enarravit
522 3537 661 3590 Zenonem
675 3537 799 3605 jussisse,
817 3549 843 3591 ut
858 3544 1040 3593 Alexandrina
1057 3543 1132 3592 sedes
1148 3542 1226 3592 Petro
1243 3544 1433 3606 restitueretur,
1452 3544 1523 3593 du·

247 3625 321 3674 modo
339 3627 380 3674 itte
399 3626 527 3675 Heaotieo
544 3641 589 3675 sno
608 3625 777 3678 ercdsertberet
797 3634 822 3678 et
840 3628 1010 3677 Proteriaaor
1028 3629 1053 3677 ia
1071 3627 1262 3678 remansionem
1278 3628 1413 3691 meipere
1431 3629 1523 3679 voluis·

247 3714 299 3771 set,
322 3705 416 3759 statim
435 3705 513 3758 initio
532 3723 554 3758 o.
571 3713 601 3759 13
619 3707 691 3760 hane
714 3708 923 3778 dispositionem
941 3707 1055 3762 consilio
1073 3706 1168 3762 Aeacii
1189 3706 1284 3776 regiae
1302 3707 1381 3761 urbis
1398 3708 1524 3779 episcopi

247 3788 350 3842 saetam
369 3791 495 3843 testatur.
532 3791 619 3845 humo
638 3791 804 3847 Heneticum
825 3794 917 3864 ipsum
940 3795 975 3848 ab
993 3793 1104 3848 Acacio‘
1119 3792 1254 3848 dictatum
1274 3809 1332 3847 esse
1355 3794 1435 3849 fama
1452 3795 1524 3861 erui,

248 3876 279 3926 ut
297 3873 483 3945 Theophanes
501 3894 567 3946 pag.
587 3883 636 3931 202
654 3878 805 3935 memoriae
823 3878 974 3934 mandavit.

315 3962 347 4030 ⁵⁸)
365 3961 410 4015 lta
428 3961 461 4015 (Ἠ
476 3963 522 4029 Q¹;
542 3963 609 4017 editi
628 3970 706 4034 quod,
725 3981 845 4033 moxque
864 3970 923 4034 quia
940 3970 1104 4018 commuuioai
1121 3966 1164 4032 (ρ’
1184 3969 1243 4034 quia
1260 3985 1278 4018 a
1294 3968 1488 4036 conmunione).

315 4046 347 4114 ⁵⁹)
366 4046 409 4099 Ad
426 4047 521 4104 Aeacii
538 4049 715 4114 relationem,
737 4066 820 4118 quarn
840 4047 997 4121 Simplicius
1016 4049 1095 4119 epist.
1116 4055 1130 4103 t
1149 4056 1203 4104 n.1
1222 4053 1374 4118 memorat,
1396 4050 1524 4123 respicit.

246 4128 287 4184 De
306 4148 362 4199 qua
379 4132 528 4201 relatione,
547 4152 619 4205 quae
636 4134 665 4188 in
683 4134 783 4189 notitia
800 4150 856 4188 non
874 4134 1043 4190 exstantium
1053 4134 1187 4204 Simplicii
1199 4133 1368 4205 scriptorum
1386 4135 1463 4191 avt
1475 4136 1526 4191 ob-

246 4217 358 4271 servata
375 4221 451 4286 sunt,
469 4220 567 4295 recole.

313 4305 345 4371 ⁶⁰)
365 4303 408 4358 Ita
425 4304 493 4359 editi
512 4323 574 4359 eum
586 4305 619 4360 G'
635 4306 666 4370 Q¹
682 4306 718 4359 d2.
750 4305 783 4358 D'
802 4312 899 4361 attactis
917 4328 970 4361 eum
988 4312 1076 4363 eodem
1094 4308 1124 4361 et
1141 4304 1247 4360 omittit
1262 4318 1382 4375 possent,
1400 4307 1481 4363 unde
1493 4306 1523 4363 dl

245 4398 390 4443 coaeterum
463 4397 648 4460 allegarentur,
668 4391 700 4445 0¹
721 4397 916 4460 conjunctis-
934 4399 1115 4462 allegarentur,
1145 4392 1210 4447 Mox
1228 4390 1261 4457 Q'
1280 4396 1400 4459 insertas.

314 4477 345 4541 ⁶¹)
365 4474 399 4528 Gt
419 4493 480 4527 eum
499 4475 580 4529 editis
598 4482 732 4531 extratisset
750 4483 885 4531 'laceretur
959 4482 1127 4541 restituisset,
1151 4478 1223 4532 unde
1241 4480 1270 4532 a³
1288 4494 1351 4532 eum
1371 4478 1404 4544 Q·
1419 4479 1459 4545 Ψ
1477 4496 1526 4537 no-

246 4561 332 4613 stram
351 4560 498 4615 lectionem
516 4561 681 4630 praetulisse
700 4561 822 4628 videtum
841 4562 870 4615 d¹
889 4580 951 4616 eum
963 4581 1024 4617 mss.
1039 4562 1115 4617 brer.
1130 4564 1210 4616 l'orrn.
1226 4568 1360 4617 extulisset
1374 4570 1454 4632 quod.
1480 4565 1526 4621 Ad

246 4644 373 4698 ‹ninideiu
393 4644 547 4700 litterarum
562 4647 680 4701 Zenonis
697 4648 788 4702 locum
805 4648 954 4717 respiciens
972 4647 1048 4702 Felix
1061 4648 1086 4701 ll
1105 4648 1213 4718 epistt
1231 4667 1257 4701 u.
1271 4653 1296 4702 4.
1315 4648 1423 4703 Acade
1441 4668 1527 4721 prae-

247 4729 326 4799 cipit,
349 4733 380 4783 ut
397 4729 488 4785 eidinn
510 4730 674 4801 imperatori
691 4733 795 4803 scripto
811 4733 860 4787 illa
878 4734 991 4801 otl'erat,
1013 4738 1114 4805 petitus,
1136 4732 1237 4803 inquit,
1261 4738 1426 4789 decessores·
1444 4756 1527 4791 neu·

246 4820 339 4868 raiatia
357 4823 432 4870 tande
449 4823 561 4880 sitstutit,
585 4837 615 4872 eo
634 4824 702 4887 qaod
719 4823 872 4874 hamaticum
890 4825 1050 4888 tprtranitlera
1067 4825 1183 4874 veritatis
1201 4825 1344 4875 assertione
1361 4826 1526 4889 confoderit.

246 4896 418 4969 Scriptoriuu
436 4903 597 4961 eommdern
614 4922 723 4959 rursum
740 4904 816 4959 Felix
834 4905 962 4961 meminit
979 4905 1057 4976 epist.
1074 4912 1086 4961 1
1105 4923 1133 4959 u.
1145 4911 1169 4959 o.
