3450 5678
650 319 845 370 arrsronsn
869 311 1056 371 lot—109.
1427 304 1489 370 909

214 473 356 538 inveniri
377 473 493 557 possit3
522 477 555 538 et
577 477 751 559 antequam
778 473 967 538 advenerint
994 474 1049 559 qui
1071 473 1223 538 destinati
1250 477 1341 558 sunt,
1372 479 1488 539 cuncta
1501 489 1594 539 astu

215 576 488 660 praeparavimus,
511 597 574 660 quo
595 574 722 640 facilius
745 575 1013 660 transigerentur,
1043 597 1124 659 quae
1146 574 1310 659 perhanc
1333 575 1489 641 florentis-

216 678 332 743 simam
360 677 471 742 urbem
496 677 694 762 disponenda
721 678 860 742 fuerant.
911 677 1032 742 Verum
1062 678 1213 761 quoniam
1240 699 1351 762 preces
1379 681 1490 743 nostro
1503 663 1606 780 03:2²⁹

215 780 343 845 numini
371 783 538 864 porrectae
566 783 642 844 sunt
669 803 707 844 ex
735 779 867 844 diversis
894 778 971 844 Eois
999 779 1190 865 provinciis,
1220 783 1308 844 certa
1334 779 1489 865 quaedam

216 880 448 945 disserentibus
462 903 520 965 pro
535 881 597 946 fide
621 882 790 964 catholica,
814 885 999 966 secretaque
1014 903 1090 947 suae
1105 881 1223 946 mentis
1239 881 1486 966 declarantibus,

215 1004 297 1067 quae
320 984 405 1067 apud
426 1004 460 1047 se
482 1004 541 1068 pro
562 984 727 1048 individua
748 983 908 1048 Trinitate
938 983 1114 1048 constituta
1141 985 1318 1063 testantur,
1346 1005 1489 1069 quaeque

215 1085 351 1149 firmiter
365 1106 433 1149 sese
448 1089 632 1170 recepturos
641 1086 665 1168 ¹)
688 1085 877 1167 ostendunt3
899 1084 1011 1169 hisque
1026 1085 1163 1169 relectis,
1187 1084 1358 1150 Dioscorus
1381 1085 1488 1169 aliqua

216 1186 354 1251 asseruit
375 1208 442 1251 non
465 1186 670 1252 convenienti
692 1187 803 1252 ordine
825 1187 947 1251 inserta
968 1187 1080 1251 fuisse:
1108 1187 1222 1251 merito
1245 1186 1390 1252 duximus
1416 1209 1488 1272 ape-

215 1288 329 1353 rienda
352 1288 441 1353 vobis
464 1310 513 1371 ea,
536 1310 617 1374 quae
640 1311 749 1354 sumus
772 1288 886 1352 edocti.
924 1287 999 1352 Non
1021 1288 1121 1353 multo
1137 1289 1246 1374 itaque
1268 1292 1343 1374 post
1364 1289 1488 1354 anobis

215 1389 347 1474 quidam
369 1389 583 1455 destinabitur
606 1391 646 1455 ad
662 1391 829 1456 certiorem
844 1389 1026 1454 faciendam
1041 1390 1274 1455 beatitudinem
1287 1394 1378 1456 tuam
1393 1413 1489 1477 super

217 1492 365 1556 omnibus
387 1496 420 1556 et
442 1492 652 1556 insinuandas
674 1492 763 1556 vobis
785 1491 1033 1576 supplicationes
1052 1514 1135 1578 quae
1149 1492 1242 1557 nobis
1258 1492 1385 1558 oblatae
1401 1498 1487 1577 sunt,

215 1595 249 1658 et
270 1614 459 1677 responsum
480 1594 611 1677 pietatis
634 1598 758 1658 vestrae
780 1595 999 1678 referendum,
1028 1616 1090 1679 quo
1112 1595 1237 1678 possint
1258 1596 1395 1659 resecari
1417 1599 1488 1660 tan-

214 1694 289 1758 dem
311 1688 533 1761 dubitationes
550 1697 758 1781 incongruae.
802 1694 911 1760 Securi
933 1697 1033 1781 igitur
1056 1696 1094 1761 de
1116 1700 1226 1762 nostro
1250 1696 1400 1779 concilio,
1428 1680 1501 1761 sol?

215 1796 314 1861 licitis
349 1798 547 1863 orationibus
581 1798 709 1883 placare
741 1797 834 1861 nobis
861 1798 1073 1864 Divinitatem
1107 1821 1264 1863 summam
1297 1798 1486 1883 dignemini.

214 1898 302 1964 Data
324 1898 402 1964 ΧΠ
425 1899 583 1965 Calendas
605 1900 771 1964 Februarii
794 1899 1089 1985 Constantinopoli,
1114 1899 1278 1964 Vitaliano
1301 1902 1334 1964 et
1355 1899 1488 1965 Rustico

216 2000 416 2065 consulibus..

710 2189 894 2293 Epistola
922 2191 990 2274 109

827 2342 875 2379 seu

279 2436 462 2503 Exemplar
484 2435 660 2493 relationis
682 2436 850 2493 Johannis
872 2436 1024 2505 episcopi
1046 2436 1423 2506 Constantinopolitani
1500 2418 1625 2543 {9532}-

250 2566 398 2617 Proximum
419 2567 521 2616 Pascta
544 2568 569 2619 d.
589 2569 620 2618 19
637 2569 738 2632 Aprilis
761 2568 937 2619 celebrandam
960 2585 996 2620 eae
1018 2570 1139 2633 repositis
1162 2568 1382 2634 Constantinopoli
1402 2571 1455 2620 diei

646 2652 776 2717 pasctalis
794 2653 926 2702 annalibus
944 2655 1051 2706 nuntiat.

368 2782 535 2849 Domino
568 2807 636 2869 per
663 2786 791 2850 omnia
825 2786 990 2850 amabili
1023 2785 1117 2869 Dec,
1151 2787 1486 2873 sanctissimoque

461 2887 583 2951 fratri
612 2888 968 2952 comministratori
994 2887 1234 2953 Hormisdae
1262 2890 1301 2953 in
1323 2889 1486 2954 Domino

461 2989 642 3054 salutem.

302 3110 331 3172 1.
365 3108 636 3184 Quemadmodum
664 3130 745 3194 puro
775 3109 866 3173 corde
895 3112 928 3174 et
954 3110 1088 3174 caritate
1116 3110 1275 3195 spirituali
1302 3111 1387 3195 apud
1414 3132 1485 3175 nos-

214 3211 369 3295 metipsos
384 3209 538 3275 habemus
553 3214 596 3293 te,
613 3210 715 3275 srater
731 3212 902 3294 carissime,
927 3215 959 3275 et
979 3211 1244 3296 quemadmodum
1259 3215 1292 3275 te
1306 3234 1364 3296 per
1378 3213 1486 3276 omnia

215 3312 359 3377 ducimus
381 3312 614 3395 venerandum,
639 3314 848 3397 exoperibus
870 3314 920 3377 his
930 3314 953 3400 ¹)
977 3314 1179 3379 satisfactum
1201 3336 1269 3378 esse
1291 3317 1416 3379 vestrae
1437 3337 1485 3379 re·

215 3415 378 3479 terentiae
389 3414 580 3499 judicamus.
612 3414 800 3479 Dominicae
815 3416 1025 3501 obsequentes
1040 3417 1111 3481 voci
1130 3416 1299 3481 manifeste
1316 3417 1483 3481 clamanti²
1496 3479 1525 3532 Μ
1543 3479 1588 3533 ω]

216 3521 299 3592 Quae
321 3523 409 3582 vultis
430 3527 463 3581 nt
479 3521 605 3594 saciant
625 3522 707 3581 vobis
727 3523 872 3592 homines,
897 3526 942 3585 stc
964 3531 992 3582 et
1013 3540 1065 3584 vos
1083 3523 1180 3596 facite
1201 3526 1252 3597 eis,
1278 3521 1311 3582 et
1332 3518 1482 3603 apostoli·
1509 3496 1596 3613 ὦ]

217 3640 287 3682 cam
314 3619 494 3683 doctrinam
521 3619 750 3704 amplectentes
778 3621 960 3685 docentem:
1014 3628 1072 3686 Vos
1098 3628 1224 3686 invicem
1251 3626 1365 3687 tonare
1390 3616 1575 3701 prae-R0111·

215 3728 377 3794 venientu
405 3722 485 3785 haec
513 3722 660 3806 operibus
689 3722 855 3787 ostendere
882 3723 1090 3805 festinamus,
1125 3722 1289 3787 vinculum
1315 3723 1484 3788 insolubile
1498 3691 1584 3750 ΨΟ·

215 3823 373 3909 spirituali
397 3824 529 3888 caritate
553 3823 625 3910 ad²)
648 3824 826 3889 unitionem
848 3828 1032 3889 sanctarum
1050 3825 1254 3890 ecclesiarum
1270 3825 1483 3909 continentes,

265 3964 521 3972 ---—›-·—-—-

216 4034 265 4083 108
300 4032 319 4096 ¹)
337 4028 400 4082 Non
418 4027 501 4083 modo
521 4045 554 4082 ea
571 4045 601 4082 se
618 4029 792 4098 recepturos,
811 4029 861 4083 sed
878 4029 914 4083 ab
932 4028 1012 4083 initio
1030 4029 1182 4100 suscepisse
1201 4031 1231 4083 et
1243 4030 1403 4084 constanter
1420 4045 1483 4099 pro·

214 4130 354 4182 pugnasse
373 4113 521 4167 affirmant.
558 4111 610 4177 Qui
627 4113 701 4170 intra
719 4114 798 4184 epist.
820 4121 868 4169 129
886 4133 912 4168 n.
931 4120 948 4168 4
966 4114 1002 4168 ab
1022 4114 1119 4169 eodem
1141 4113 1312 4184 imperatore
1330 4114 1365 4169 de
1384 4113 1483 4169 eodem

214 4198 309 4251 libello
327 4197 432 4252 dietum
450 4196 562 4266 legerit:
581 4204 608 4251 in
626 4218 674 4268 qao
691 4218 748 4252 sese
767 4204 905 4254 tracturos
917 4205 1053 4254 ostendant
1066 4205 1186 4267 tirmiter,
1205 4211 1231 4254 et
1243 4221 1291 4271 quo
1303 4207 1371 4255 natta
1382 4207 1483 4255 ratione

214 4288 384 4338 desistendum
407 4289 552 4345 aestimant,
575 4283 619 4336 vis
644 4283 796 4352 dubitabit,
823 4283 889 4353 quin
910 4283 957 4339 hio
978 4283 1179 4339 restituendum
1202 4284 1240 4338 sit
1259 4306 1317 4340 sese
1339 4296 1484 4340 retenturos

214 4374 358 4425 mendant.
393 4367 501 4423 Ibidem
519 4367 554 4423 G¹
568 4385 603 4423 oc
620 4375 774 4434 ostenditur,
793 4386 912 4439 moxque
931 4372 958 4424 a¹
976 4374 1015 4424 na
1032 4375 1140 4432 relictis,
1159 4368 1208 4423 ubi
1226 4371 1261 4425 al.
1280 4377 1392 4425 relectis.

216 4459 264 4508 109
300 4456 319 4521 ¹)
341 4453 508 4507 Redundare
530 4452 640 4508 videtur
662 4470 816 4524 pronomen
837 4460 876 4509 tis
899 4458 984 4523 atque
1006 4453 1167 4525 interpretis
1190 4471 1264 4520 esse,
1292 4454 1339 4523 qui
1367 4454 1482 4524 linguae

214 4537 319 4593 lafinae
336 4539 506 4608 potestatem
524 4555 557 4593 ac
574 4539 778 4608 proprietatem
801 4557 857 4594 non
879 4540 945 4594 satis
968 4539 1082 4607 callens,
1105 4539 1252 4595 articulum
1270 4556 1402 4608 graecum
1422 4545 1483 4604 τοῖς

214 4623 331 4678 reticere
348 4623 450 4678 timuit.

281 4710 303 4778 ²)
320 4709 365 4763 Ita
382 4713 408 4763 ei
425 4726 496 4778 seq„
516 4726 600 4778 quum
618 4709 652 4764 G'
666 4712 692 4764 a¹
711 4716 889 4767 adunationem
948 4732 1012 4782 qaae
1030 4732 1076 4766 nec
1135 4731 1181 4765 nec
1197 4709 1242 4779 (Gr¹
1257 4711 1321 4765 add.
1338 4717 1482 4767 contraria-

214 4797 278 4863 rum)
350 4799 555 4864 fluctuationibus
577 4802 696 4849 malorena
713 4802 828 4864 principi
847 4803 887 4850 ael
907 4802 1021 4851 ueritatis
1038 4803 1137 4851 inimico
1207 4808 1312 4851 sanctae
1330 4809 1356 4850 et
1377 4800 1482 4851 consteb-

213 4886 342 4936 stantiatis
364 4884 496 4934 ltr'nitatis
514 4887 704 4936 intercessione.
