3412 5664
720 329 915 381 nmsronaa
940 321 989 379 14.
1009 291 1063 380 ¹15.
1465 320 1528 385 379
1594 402 1598 407 ⁵

243 483 479 570 prompsimus,
516 485 581 551 sire
602 485 788 571 episcopum
810 487 876 551 sive
898 488 1120 571 presbyterum
1143 508 1198 551 seu
1221 488 1390 552 diaconum
1413 489 1631 558 videritne-r.

243 586 472 671 excedentem,
496 611 562 653 non
577 589 723 673 protinus
746 589 786 653 ad
808 611 901 653 aures
923 593 1050 653 nostras
1073 590 1196 654 deferre
1220 592 1388 674 curaverit,
1412 593 1525 676 proba·

243 689 396 754 tionibus
435 680 603 755 dumterlat
638 695 856 775 competenter
883 692 1056 774 exhibitis,
1092 695 1129 756 ut
1160 695 1409 778 transgressoris
1447 695 1526 759 ultio

244 792 372 869 saer)
395 794 512 857 ceteris
533 793 717 858 interdictio
739 794 955 880 delinquendi.
997 795 1050 860 sui
1075 816 1149 858 vero
1171 796 1273 860 modis
1296 796 1449 880 omnibus}
1465 796 1528 863 erit

245 896 473 980 unusquisque
494 896 681 980 pontificum
704 896 824 961 ordinis
841 901 874 962 et
896 898 1025 962 honoris
1048 898 1153 980 elisor,
1178 899 1204 962 si
1222 899 1370 984 cuiquam
1394 900 1523 965 clerico·

244 1020 333 1080 rum,
350 996 402 1062 vel
417 996 582 1063 Ecclesiae
594 999 693 1063 totius
709 1001 830 1064 auditui
847 1000 927 1065 haec
937 1003 1100 1086 putaverit
1113 1002 1353 1086 supprimenda.
1378 1003 1464 1068 Data
1475 1003 1525 1087 ¹²⁰)

244 1098 290 1165 V.
314 1099 392 1166 Idus
415 1100 537 1187 Martii,
562 1102 689 1168 Asterie
712 1106 745 1170 et
767 1102 929 1168 Praesidio
951 1104 1027 1168 viris
1049 1105 1233 1170 clarissimis
1256 1106 1449 1172 consulibus

762 1290 943 1396 Epistola
970 1292 1012 1375 15

868 1443 916 1482 seu

555 1540 757 1610 Eplstolarls
778 1539 927 1597 formula
949 1540 1077 1598 Gelasii
1099 1555 1216 1610 papae.

161 1676 231 1725 ²32.
261 1675 398 1740 Incipiam
415 1674 557 1725 constitute
574 1674 656 1724 suncti
669 1674 767 1723 solarii
778 1686 869 1735 papea,
887 1685 952 1735 quse
971 1674 1083 1747 episcopi
1101 1673 1127 1721 in
1140 1673 1298 1724 ordinatione
1311 1688 1358 1724 sus
1370 1675 1507 1738 acciplunt

404 1806 514 1894 Papa
541 1808 640 1891 ineo
669 1808 789 1889 clero,
831 1807 962 1871 ordini
999 1809 1037 1870 et
1063 1807 1170 1891 plebi
1202 1808 1524 1872 consistentibus

500 1910 669 1975 civitate
691 1909 803 1995 illest).

336 2034 367 2098 l.
413 2030 638 2096 Probabilibus
661 2029 857 2114 desideriisl)
880 2029 963 2093 nihil
985 2029 1151 2093 attulimus
1173 2030 1345 2095 tarditatis.
1376 2030 1524 2095 Fratrem

236 2138 311 2221 jum
327 2138 364 2200 et
379 2135 604 2219 eoepiseoprmr
620 2136 764 2197 nostrum
778 2132 889 2197 illum
904 2133 993 2197 vobis
1005 2133 1221 2197 ordinavimus
1233 2133 1440 2198 sacerdotem.
1465 2133 1523 2200 oui

239 2237 430 2317 dedimus⁴l
453 2236 487 2300 in
510 2237 680 2319 mandatis,
705 2257 746 2299 ne
768 2258 910 2320 iniquam
933 2235 1150 2299 ordinationes
1174 2241 1358 2319 praesumat
1377 2236 1523 2303 illicitas:

237 2365 283 2408 ne
306 2340 493 2426 bigamum,
518 2342 574 2402 aut
595 2339 649 2422 qui
672 2338 832 2422 virginem
852 2360 917 2402 nou
942 2342 991 2402 est
1006 2337 1137 2401 sortitus
1159 2361 1298 2421 uxorem,
1322 2350 1426 2425 'neque
1448 2338 1523 2403 illit-

235 2448 401 2527 teratum,
425 2442 476 2507 vel
499 2442 532 2505 in
556 2440 699 2526 qualibet
721 2441 862 2526 corporis
884 2444 976 2524 parte
998 2441 1158 2523 vitiatum,
1186 2445 1243 2505 aut
1264 2464 1302 2506 ex
1325 2442 1522 2527 poenitente,

233 2548 288 2613 rel
313 2547 432 2612 curiae
461 2547 517 2609 aut
546 2544 677 2621 cuilibet
705 2544 881 2608 conditioni
910 2543 1081 2608 obnonirnu
1109 2548 1319 2629 notatumque
1348 2546 1387 2610 ad
1416 2567 1523 2610 sacros

229 2651 377 2716 ordines
406 2647 575 2732 permittat
588 2647 766 2743 ·aceedere3
794 2646 848 2710 sed
879 2646 904 2709 si
933 2669 1012 2730 quos
1040 2646 1221 2730 hujusmodi
1248 2648 1332 2712 forte
1355 2649 1521 2733 repererit,

226 2776 301 2820 non
331 2751 458 2815 audeat
479 2770 672 2834 promovere.
702 2748 799 2812 Afros
821 2748 942 2833 passini
965 2749 1005 2813 ad
1028 2749 1261 2815 ecclesiasticos
1283 2751 1410 2815 ordines
1433 2773 1523 2835 prae-

223 2855 420 2922 tendentes
443 2850 533 2916 nulla
554 2851 679 2916 ratione
701 2851 865 2935 suscipiat,
895 2852 969 2936 quia
999 2852 1096 2936 aliqui
1120 2875 1227 2917 eorum
1250 2853 1443 2936 Manichaei,
1468 2854 1522 2918 ali-

212 2960 285 3049 'qui
315 2955 521 3041 rebaptizati
544 2954 669 3039 saepius
692 2957 768 3018 sunt
789 2953 926 3039 probati.

325 3060 361 3126 2.
389 3057 572 3123 llinisteria
594 3059 689 3144 atque
712 3059 861 3122 ornatum
883 3057 1045 3142 ecclesiae,
1070 3058 1118 3122 vel
1141 3058 1294 3144 quidquid
1316 3058 1395 3125 illud
1418 3061 1467 3125 cst
1488 3058 1523 3126 in

229 3223 312 3233 ...ν-

304 3303 356 3369 ¹¹⁸)
377 3300 409 3353 α·
423 3301 450 3352 c'
462 3301 488 3352 c’
500 3296 601 3350 c¹⁰h¹i
618 3296 726 3351 addunt
743 3307 781 3357 et,
800 3314 919 3366 moxque
939 3299 962 3351 c¹
982 3304 1019 3351 sic
1036 3318 1103 3353 vero.

307 3388 360 3453 ηθ)
383 3384 417 3437 In
435 3382 476 3437 F¹¹
489 3383 525 3436 Dl’
537 3382 573 3437 D⁷
585 3382 620 3436 D⁹
633 3382 663 3436 (Ιι
680 3383 741 3437 1000
755 3382 900 3438 chronicus
913 3387 996 3437 notae
1009 3384 1168 3460 subjicitote
1184 3390 1219 3437 Ee
1234 3392 1286 3438 elia
1298 3406 1379 3438 rorone.
1400 3391 1468 3439 [leus
1480 3407 1523 3441 vor

214 3480 387 3531 incolum
406 3474 547 3531 meamet,
564 3473 664 3535 [ratres
681 3475 814 3525 ranconi.
844 3468 924 3533 Quod
942 3468 970 3521 in
989 3471 1014 3523 a*
1030 3486 1065 3523 cc
1082 3469 1123 3524 ita
1134 3472 1176 3523 est
1188 3471 1339 3535 retentum,
1357 3471 1388 3523 ut
1400 3472 1429 3524 ct
1444 3488 1523 3540 prae·

212 3561 325 3617 misna
359 3556 435 3609 notu
458 3556 622 3609 sereretur.
668 3552 815 3622 Sequimur
836 3554 1090 3623 praestantissimos
1113 3554 1220 3609 codices
1243 3555 1284 3622 (le
1303 3556 1336 3608 E¹
1350 3555 1429 3609 E²Fl
1442 3556 1475 3611 0¹
1489 3557 1524 3612 0²

211 3648 273 3713 11⁵)
297 3646 338 3699 et
357 3639 471 3711 parimus
488 3638 578 3695 editos
596 3641 620 3693 c¹
634 3640 662 3694 h'
677 3639 710 3707 5²,
729 3638 782 3693 nisi
801 3639 875 3708 quod
893 3639 924 3692 B*
939 3640 974 3693 F‘l
994 3646 1061 3694 Dara
1078 3646 1119 3695 Vl
1137 3647 1201 3696 Idas
1220 3645 1319 3697 Martii.

303 3732 331 3797 1)
350 3724 489 3794 Antiquis
511 3723 641 3779 idmoris
658 3728 733 3791 erat,
756 3726 787 3778 ut
808 3724 836 3778 iu
859 3726 1037 3794 generalibus
1055 3726 1178 3780 sonuulis
1196 3726 1315 3780 nominis
1332 3726 1438 3797 proprii
1461 3728 1523 3784 loco

214 3828 410 3891 pronomen
427 3816 470 3865 dle
487 3810 695 3866 substituerent.
731 3809 792 3875 Qua
809 3826 876 3865 voce
894 3828 984 3881 papae
1003 3812 1074 3881 ejus,
1094 3814 1140 3879 qui
1159 3829 1260 3867 norum
1279 3811 1439 3883 episcopum
1452 3814 1523 3869 ordi-

212 3902 352 3965 nasset,
378 3912 485 3951 nomen
505 3894 552 3951 hie
574 3896 783 3967 exprimendum
801 3897 928 3962 notatur,
951 3896 1021 3950 sicut
1043 3913 1107 3949 mox
1125 3895 1217 3951 verbis
1236 3902 1380 3952 incivitate
1398 3905 1442 3953 illo
1461 3917 1521 3954 cem

212 3987 408 4049 civitatem,
430 3980 476 4036 cui
496 3998 584 4036 nonis
607 3983 716 4037 creatus
738 3983 782 4038 eet
804 3982 962 4052 episcopus,
985 3988 1014 4037 et
1037 3981 1136 4036 deinde
1158 3983 1206 4036 ubi
1229 3981 1330 4036 dicitur
1347 3991 1523 4054 roqrr'rcopum

214 4084 357 4131 mm
378 4073 449 4122 illm
469 4066 543 4121 hunc
564 4065 655 4137 ipsum
677 4065 837 4136 episcopum
860 4068 1058 4138 appellandum
1076 4085 1136 4122 esse
1159 4067 1327 4137 designatur.
1366 4069 1436 4134 Quia
1456 4087 1522 4125 vero
1562 4128 1569 4143 ,

216 4171 406 4234 pronomen
423 4152 508 4221 vulgo
531 4154 599 4208 note
615 4158 650 4207 lu.
669 4152 711 4207 ita
728 4152 949 4222 exprimebatur,
972 4157 1003 4206 ut
1020 4153 1130 4207 litterae
1149 4174 1172 4209 n.
1193 4153 1313 4222 speciem
1335 4173 1404 4225 prae
1423 4174 1451 4209 se.
1470 4156 1523 4209 ler-

217 4248 289 4310 ret-‚
318 4238 448 4298 subinde
471 4255 521 4293 usu
543 4236 668 4293 venitin
690 4238 788 4292 iisdem
806 4237 943 4304 fonnulis,
967 4238 1070 4291 utnon
1089 4244 1122 4292 ill.
1142 4239 1190 4292 scd
1209 4261 1232 4296 n.
1252 4240 1312 4293 loeo
1329 4240 1451 4307 nominis
1474 4258 1522 4309 po·

218 4330 371 4388 peretur.
390 4355 421 4363 -
433 4324 466 4378 ln
476 4323 512 4377 P*
530 4322 609 4378 deest
625 4329 676 4378 fue.

304 4415 332 4479 ¹)
353 4412 391 4465 ln
407 4408 441 4464 El
460 4410 491 4464 et
506 4408 579 4463 libro
597 4408 695 4465 diurno
713 4411 830 4465 Ronrun.
849 4409 948 4480 pontif.
967 4408 1079 4464 additur
1097 4414 1265 4463 dilectissimis
1284 4417 1345 4476 liliis
1368 4418 1393 4464 iu
1416 4415 1521 4465 Domino

220 4510 363 4561 samen,
390 4494 467 4566 qnod
484 4493 583 4549 exinde
600 4493 629 4548 in
647 4495 713 4549 edit.
734 4511 808 4549 conc.
827 4495 951 4557 transiit,
976 4495 1025 4549 sed
1044 4495 1124 4550 abest-
1141 4512 1158 4549 a
1176 4496 1274 4550 ceteris
1292 4514 1353 4549 mss.
1374 4495 1416 4561 (0¹
1430 4494 1462 4550 θ’
1474 4495 1521 4548 D¹¹

223 4589 264 4644 P*
277 4585 322 4641 F·
334 4582 399 4651 11²).

306 4672 331 4739 ')
352 4666 391 4723 θ’
407 4664 491 4722 addit
506 4671 612 4730 uestris,
629 4661 750 4734 moxque
769 4684 830 4721 cum
849 4666 878 4721 C'
893 4668 927 4721 l*d
943 4673 1054 4735 fratrem
1072 4669 1148 4720 etiarn
1166 4678 1198 4720 et.

306 4758 331 4824 ⁴)
351 4756 382 4807 c’
399 4757 542 4818 credimus,
559 4766 677 4823 moxque
696 4770 757 4806 cum
776 4755 814 4807 0¹⁰
830 4773 936 4807 texerem
954 4759 997 4822 qui
1014 4774 1101 4823 neqrre.
1133 4751 1240 4807 Deinde
1253 4753 1285 4805 Ιἠ
1300 4752 1336 4805 ΙΡἰ
1352 4757 1522 4820 poenitentem

226 4848 365 4899 effidem
385 4838 430 4908 (ll¹
443 4838 551 4905 aride)
569 4849 710 4893 comentem
723 4849 767 4893 aut
785 4842 897 4902 cuilibet,
917 4841 944 4893 οἵ
956 4842 994 4893 0¹⁰
1006 4844 1216 4909 expoenitentem,
1236 4839 1265 4892 et
1281 4837 1380 4907 postea
1393 4840 1418 4889 07
1430 4842 1465 4890 ed
1478 4857 1521 4891 aa·

227 4950 297 4987 cros
315 4930 433 4983 ordines
447 4928 656 4997 presumentes.
