3412 5664
214 324 277 387 452
690 334 717 381 s.
736 330 877 379 iniussu
899 330 1013 377 rursu

216 495 343 556 tantum
367 489 506 573 corporis
528 487 610 551 sacri
633 487 781 569 portione
809 484 961 549 aeolicis
984 483 1068 547 sacri
1097 503 1208 546 eruore
1239 482 1440 547 abstineant
1451 482 1502 567 ¹²).

216 594 276 669 Qui
305 591 415 676 procul
442 591 538 653 dubio
566 589 715 672 quoniam
750 587 858 651 neseio
889 608 953 670 qua
982 584 1211 670 superstitione
1245 584 1414 651 docentur
1447 586 1503 650 ob-

216 695 331 778 stringi
342 694 392 777 ¹³)‚
416 697 473 757 aut
494 694 623 775 integra
639 693 842 754 sacramenta
857 687 1050 771 percipiunt,
1074 690 1131 751 ant
1146 686 1187 749 ab
1202 686 1347 771 integris
1363 709 1501 752 arcean-

215 801 284 860 tur:
314 797 388 879 (pria
411 794 524 858 divisio
547 794 641 856 surius
664 791 805 874 ejusdem
827 789 971 874 mysterii
999 790 1068 853 sine
1090 788 1205 874 grandi
1229 788 1411 875 sacrilegio
1434 812 1502 855 non

215 902 322 981 potest
344 897 522 980 provenire,
556 894 842 978 cavendumque¹⁴)
865 897 925 975 est,
956 912 998 955 ne
1020 890 1206 974 pestilentia
1229 889 1309 955 tulis
1333 892 1501 977 obrepens

214 1000 331 1062 meritos
354 999 387 1061 in
413 1019 602 1061 consensum
625 996 795 1081 pravitatis
818 993 967 1058 adducat.

713 1181 896 1285 upuuu
923 1159 984 1264 'aa

390 1338 524 1405 titilusii
549 1354 659 1420 papae
681 1335 724 1400 ad
748 1334 962 1418 Philippum
984 1335 1023 1399 et
1045 1333 1309 1423 cassiodorum.

263 1482 429 1529 Caelestinum
445 1479 628 1543 presbyterum.
648 1481 672 1525 in
690 1477 770 1525 coede
787 1476 904 1539 episcopi
919 1477 959 1523 seri
976 1477 1100 1525 conamen
1117 1476 1263 1533 conuictam,
1282 1474 1375 1537 officio
1394 1490 1443 1525 suo
1508 1492 1526 1543 p

686 1569 711 1611 ct
728 1562 897 1611 communione
912 1561 1008 1624 privet.

366 1695 551 1759 lielasius
574 1693 763 1777 Philippo
785 1697 822 1757 et
845 1691 1092 1758 Cassiodoro

299 1815 471 1881 ttoelestiui
495 1835 591 1878 cansa
614 1814 688 1876 talis
711 1817 770 1896 est,
802 1833 898 1897 quam
920 1834 975 1875 vos
997 1831 1121 1895 quoque
1143 1832 1210 1874 non
1232 1810 1382 1877 arbitror
1404 1812 1496 1899 iguo

212 1942 294 1983 rare.
324 1917 485 2002 Siquidem
508 1916 561 1980 hic
584 1917 729 1979 conscius
746 1914 910 1979 convietus
925 1913 959 1977 in
977 1914 1072 1977 caede
1086 1912 1268 1999 parentis¹)
1283 1918 1319 1978 et
1333 1914 1495 2001 episcopi,

212 2019 477 2106 quemadmodum
500 2021 663 2103 gestomm
685 2020 796 2081 tenore
818 2019 1035 2094 monstratur,
1063 2018 1249 2079 cunctorum
1269 2014 1404 2099 judicio
1426 2016 1495 2083 nul·

213 2124 339 2186 latenus
363 2120 550 2185 aestimatus
579 2123 629 2183 est
655 2119 762 2183 officio
789 2119 906 2203 dignus
935 2116 1062 2200 altaris,
1097 2117 1189 2201 eique
1216 2138 1277 2200 pro
1305 2122 1381 2183 tam
1409 2120 1496 2185 dete·

212 2224 327 2287 stiuulo
350 2222 493 2287 facinore.
517 2222 610 2285 anim
633 2222 710 2285 unni
733 2220 906 2285 interdicta
922 2219 1102 2282 commuuio
1119 2222 1179 2303 est,
1202 2223 1371 2304 quatenus
1385 2224 1497 2307 poeui-

211 2325 323 2388 tudine
347 2325 540 2408 competenti
564 2324 648 2388 tauti
675 2324 829 2387 facinoris
858 2324 986 2386 curaret
1007 2320 1190 2405 abruptum.
1242 2320 1340 2397 Quod
1365 2323 1496 2389 etiarnsi

212 2450 232 2491 a
254 2426 346 2491 nobis
368 2425 533 2511 minime'2)
552 2426 730 2508 juberetur,
760 2428 828 2510 ipse
850 2423 954 2507 magis
977 2421 1124 2507 cogitans
1147 2422 1247 2487 divini
1271 2426 1427 2511 eorporis
1447 2448 1497 2491 su·

212 2538 423 2610 crumentum,
448 2527 559 2591 debuit
580 2528 621 2591 ad
643 2526 703 2590 hoe
726 2531 833 2591 mente
856 2526 1035 2610 purgatiori
1058 2546 1208 2589 remeare.
1243 2522 1342 2601 Quod
1366 2530 1498 2615 tempus

211 2635 319 2695 tamen
344 2633 399 2693 aut
421 2629 582 2713 expletum
611 2634 667 2692 aut
689 2650 788 2712 prope
811 2628 880 2712 jam
908 2632 1058 2711 pritamus
1088 2630 1249 2692 exactum.
1303 2626 1392 2695 Post
1412 2632 1498 2717 quod

212 2734 240 2796 ei
265 2731 495 2796 comnmniouis
517 2732 706 2795 laeidtatem
734 2734 845 2815 pestere
871 2751 936 2793 non
960 2729 1091 2793 dubium
1113 2734 1178 2813 est,
1209 2733 1247 2794 ut
1269 2733 1304 2795 et
1326 2734 1499 2797 sententia

211 2833 373 2919 synodalis
396 2834 498 2917 possit
520 2833 678 2917 abrumpi,
703 2837 735 2896 et
757 2836 794 2896 ut
817 2832 862 2895 illi
879 2832 984 2917 magis
1000 2831 1112 2915 prosit,
1136 2832 1245 2896 valeat
1262 2832 1387 2917 majori
1403 2836 1497 2899 satis·

211 2937 352 3001 factione
375 2935 533 2999 mundari.

281 3110 310 3175 ¹²)
328 3108 464 3160 ltarouius
483 3105 519 3158 ad
537 3122 639 3159 armum
657 3110 707 3158 496
724 3103 902 3158 Manichacus
919 3103 963 3158 hic
980 3104 1073 3159 notari
1090 3105 1230 3171 observat,
1254 3104 1291 3159 de
1309 3105 1420 3175 uiribus
1439 3108 1498 3163 iaeo

210 3198 321 3254 sermt
339 3192 373 3243 du
392 3190 527 3259 quadrag.
548 3208 570 3244 e.
585 3196 600 3243 ῦ
618 3189 674 3243 ait:
698 3194 823 3259 (intimique
840 3194 877 3242 ud
892 3194 1025 3257 tepentium
1046 3194 1218 3256 infidelitatem
1236 3208 1311 3243 wau
1332 3198 1435 3247 noctur
1452 3214 1496 3247 nu—

210 3283 286 3330 dcnnt
307 3282 431 3330 interesse
449 3282 582 3343 nautes-iis,
601 3282 638 3327 itu
656 3281 680 3327 in
692 3285 907 3352 socnrrnentorunr
919 3279 1088 3327 coinnanione
1099 3294 1128 3327 ae
1140 3285 1294 3343 temperent.
1315 3288 1347 3331 ut
1358 3283 1495 3335 tuenda

210 3381 241 3415 ne
257 3368 360 3429 penitens
377 3368 458 3414 lutere
477 3380 525 3412 non
543 3365 651 3429 possint,
670 3378 716 3412 ore
733 3364 836 3427 indigno
856 3362 952 3412 Christi
967 3378 1062 3427 eorpus
1079 3365 1215 3428 accipiant.
1233 3367 1392 3427 sanguinea
1411 3374 1495 3415 ntea

209 3451 391 3514 redemptionis
413 3456 518 3498 nostroe
540 3449 644 3497 desereire
666 3449 764 3496 omuino
787 3449 921 3496 declinent.
967 3448 1041 3507 Qrtoel
1066 3449 1123 3497 ideo
1148 3454 1251 3497 vestroe
1269 3457 1362 3501 notua
1383 3452 1493 3511 sorim

209 3536 349 3596 sernetituti,
373 3541 400 3583 ut
417 3534 485 3584 uobis
502 3534 678 3594 drrjresecnunii
694 3533 804 3583 tornines
826 3538 851 3580 ct
869 3531 908 3580 liis
924 3532 1118 3596 manifestentur
1135 3532 1246 3594 indietis,
1272 3540 1301 3583 ct
1320 3551 1432 3603 qum
1448 3538 1493 3587 de·

209 3619 337 3683 prehenso
353 3620 435 3682 fecerit
451 3621 579 3683 sacrilego
595 3619 728 3673 sternutatio.
747 3634 763 3666 a
780 3623 925 3667 tunctorum
941 3618 1065 3667 societate
1081 3617 1241 3667 neendotntt
1257 3623 1424 3671 auctoritate
1440 3622 1492 3685 pel-

209 3706 306 3757 luntur.
335 3699 387 3753 boe
410 3702 463 3766 est,
494 3699 568 3768 qrrod
590 3689 828 3753 noster'Gelasius
846 3695 925 3750 dicit:
949 3702 981 3751 od
1000 3703 1107 3767 integris
1124 3708 1274 3754 arceantur.
1313 3698 1393 3755 Sane
1409 3700 1492 3769 hujus

210 3785 348 3854 pout-ilicis
365 3784 512 3837 haereticis
530 3782 583 3836 iilis
601 3781 765 3851 detegendis
783 3798 816 3835 ac
832 3781 1038 3850 proscribendis
1056 3781 1232 3851 vigilantiam
1250 3798 1286 3837 aa
1305 3784 1491 3839 sedulitatem

211 3869 372 3922 Anastasius
391 3868 518 3921 biblioth.
538 3884 586 3921 seu
603 3866 773 3921 l'ontiliculis
791 3866 863 3920 liber
880 3865 1087 3921 commendauit
1103 3866 1146 3920 his
1162 3866 1270 3921 verbis:
1295 3872 1380 3937 hidas
1396 3882 1492 3941 tenpu-

211 3958 280 4006 ribus
304 3959 397 4007 inuenti
419 3966 476 4007 sient
495 3957 642 4006 rituniclinci
662 3958 689 4005 in
711 3954 882 4015 rubeliana,
909 3972 971 4020 piros
993 3957 1019 4005 in
1041 3957 1158 4006 ceritim
1180 3957 1326 4020 deportari
1346 3962 1492 4025 praecepit.

211 4059 313 4108 qreornru
337 4058 435 4107 petoque
453 4043 553 4091 codices
575 4048 634 4091 erntc
656 4041 730 4103 [orer
747 4041 868 4089 basilicae
889 4057 910 4089 r.
931 4041 1036 4090 dioride
1057 4042 1174 4092 incendio
1196 4045 1388 4095 comanti.
1424 4040 1494 4095 llulc

210 4126 303 4177 alitem
327 4122 465 4175 Anastasii
489 4121 640 4176 narrationi
664 4121 824 4175 nonnullam
847 4120 932 4175 etiam
955 4121 1038 4175 tidem
1060 4121 1167 4176 iaciunt
1186 4122 1233 4177 tot
1253 4120 1493 4181 Manichaeorum

209 4209 314 4277 scripta
331 4208 359 4259 iu
378 4207 490 4261 ‹lecreto
508 4208 634 4274 sequenti
653 4206 687 4260 de
706 4206 784 4260 libris
803 4206 970 4277 apocryphis
986 4196 1208 4261 tamenuoleatc
1226 4208 1385 4265 recensita.

279 4296 309 4361 ¹³)
328 4293 400 4345 bum
418 4290 521 4345 scilicet
541 4295 568 4345 lii
589 4292 662 4345 istud
681 4308 714 4345 cx
732 4291 819 4361 impia
837 4291 1046 4361 sirperstitiouc;
1068 4290 1120 4345 nisi
1142 4290 1216 4347 enim
1235 4292 1311 4361 ipsis
1330 4294 1439 4351 Leonis
1455 4304 1493 4351 ai·

210 4396 263 4445 que
282 4376 384 4431 Gelasii
403 4377 576 4446 temporibus
594 4377 716 4430 licuisset
733 4376 883 4444 aliquando
906 4376 1103 4431 etrcharistiam
1126 4376 1178 4429 strb
1200 4392 1258 4431 una
1282 4380 1386 4449 speeie
1409 4384 1495 4453 perci-

209 4479 284 4532 pere,
303 4478 444 4531 nunquam
464 4476 526 4513 mox
545 4462 619 4515 elicto
638 4462 756 4516 artifieio
775 4462 862 4515 latere
880 4478 909 4515 se
926 4462 1051 4531 potuisse
1062 4459 1220 4515 Manichaei
1238 4462 1345 4517 confisi
1365 4470 1469 4521 emeat.

279 4548 310 4613 ¹¹)
329 4547 372 4600 lta
390 4547 412 4610 Q
426 4545 474 4609 X¹;
493 4545 520 4598 iu
539 4545 562 4598 Τ
574 4546 593 4598 Z
612 4545 713 4600 ilesunt
731 4547 884 4614 sequentia.

278 4635 296 4701 ¹)
314 4631 367 4685 Vix
386 4630 577 4697 errriverimus,
594 4631 616 4683 si
636 4632 707 4685 hunc
724 4642 855 4700 parentem
872 4643 898 4684 et
915 4630 1302 4700 episcoprenSeyllaceuorurn
1322 4634 1408 4691 illum
1427 4640 1496 4695 auti-

209 4716 301 4769 stitem
328 4716 512 4786 prosueriuurs,
542 4716 576 4767 de
600 4716 677 4783 eujus
700 4716 785 4769 caede
808 4717 835 4769 in
854 4714 978 4786 epistolis
996 4720 1029 4769 36
1047 4718 1076 4767 et
1093 4721 1125 4769 at
1144 4714 1218 4783 jam.
1229 4714 1371 4785 pluribus
1393 4724 1496 4779 tracta-

208 4804 336 4855 iniussi.

275 4890 296 4949 ²)
316 4888 356 4941 ltu
377 4889 419 4941 ¹1⁸².
457 4891 495 4941 0¹⁰
514 4888 603 4941 antiit..
623 4894 729 4943 minime.
822 4910 830 4921 ·
