3412 5664
364 336 426 402 804
802 351 829 401 s.
845 350 1052 400 noaursnan
1074 350 1188 398 raras

232 515 266 579 (a.
280 516 350 582 617.)
363 506 473 570 vincat
495 504 628 570 oblivio:
656 503 783 590 quando
810 526 937 570 omnem
964 503 1210 568 amaritudinem
1237 502 1358 567 laboris
1384 501 1522 585 excludit,
1557 496 1628 582 qul

361 607 561 672 dulcedinem
583 608 667 692 spei,
691 629 771 692 quae
794 608 1007 691 exspectatur,
1030 606 1238 689 admiserit2).
1274 602 1364 681 Quae
1386 605 1468 669 enim
1484 598 1623 669 difficul-

360 712 410 774 tas
432 709 624 773 beatitudini
646 731 705 793 par
728 713 793 793 est,
828 713 884 773 aut
911 728 992 793 qnae
1021 708 1201 793 condignae
1227 706 1381 793 praemiis
1401 706 1544 792 passiones
1585 700 1621 765 ad

265 786 347 909 12⁰&
360 811 502 876 futuram
524 811 646 876 scilicet
667 810 813 896 gloriam,
837 833 918 896 quae
939 811 975 874 in
996 809 1089 874 nobis
1111 810 1256 894 apostolo
1271 809 1483 874 annuntiante
1499 802 1620 873 rosels

293 897 300 920 ⁷
361 912 470 978 bitur?
506 913 611 996 Absit,
635 936 676 977 ne
698 914 871 998 quidquam
893 935 912 977 a
935 911 1055 978 Christi
1078 911 1212 977 caritate
1233 933 1293 977 nos
1315 912 1458 995 separet!
1493 908 1619 987 Quanta

360 1021 409 1080 est
430 1014 607 1098 tribulatio,
632 1017 659 1079 si
681 1015 817 1099 gloriam
839 1014 948 1099 parit?
984 1013 1121 1079 Materia
1136 1034 1362 1098 prosperorum
1378 1013 1619 1099 estquaeputa·

359 1122 412 1182 tur
434 1117 618 1182 adversitas.
664 1116 748 1180 Dum
770 1115 973 1199 inclinamur,
998 1116 1161 1201 erigimur.
1204 1114 1309 1181 Nemo
1330 1116 1464 1181 haberet
1482 1114 1620 1179 sabran

360 1219 665 1301 remunerationem,
699 1220 763 1283 nisi
790 1220 999 1284 necessitates
1027 1218 1243 1302 praesentium
1272 1219 1455 1284 sustineret
1494 1215 1618 1301 Videte,

359 1325 478 1406 quanto
500 1343 594 1405 opere
617 1321 782 1385 hominum
803 1324 933 1385 terrena
959 1322 1071 1387 messis
1100 1324 1260 1407 assurgat.
1305 1319 1434 1396 Quanto
1455 1322 1501 1384 est
1519 1318 1618 1403 igitur

357 1423 467 1487 labore
494 1423 745 1507 procurandum,
781 1426 819 1487 ut
846 1423 994 1487 coelestia
1022 1421 1106 1487 dona
1139 1445 1205 1488 non
1237 1424 1390 1508 pereant!
1434 1420 1540 1497 Quieto
1573 1432 1614 1492 aa

206 1535 344 1601 haslon.
358 1524 594 1609 negligentium
616 1525 698 1609 vita,
722 1526 776 1589 sed
799 1546 864 1589 non
886 1525 1071 1610 opulcntal)
1092 1525 1289 1589 substantia:
1314 1530 1433 1604 baanes
1452 1537 1493 1588 cst
1512 1545 1611 1604 opero·

358 1635 431 1705 risa,
456 1638 488 1691 at
506 1631 645 1703 fractura
668 1633 814 1691 maceda
836 1635 981 1708 corrpiet.
1011 1626 1190 1691 Indiscreta
1210 1627 1333 1711 passim
1353 1626 1459 1711 pietas
1480 1647 1544 1691 cum
1563 1630 1605 1697 in·

359 1730 478 1814 pietate
500 1728 739 1814 languesceret,
770 1731 797 1794 si
820 1729 1014 1793 examinatio
1037 1728 1137 1793 bonos
1159 1752 1179 1792 a
1199 1728 1293 1793 malis
1316 1725 1457 1793 divisura
1473 1746 1599 1798 cessam.

361 1834 495 1895 Gratum
518 1831 684 1895 admodum
707 1829 923 1916 spectaculum
945 1829 1084 1895 Domino
1107 1835 1156 1896 est
1178 1830 1213 1894 in
1235 1852 1341 1915 agone
1358 1831 1528 1916 justorum,
1552 1854 1595 1897 aa·

359 1934 531 2018 quidquam
552 1933 599 1998 ita
622 1954 793 2018 supernam
815 1932 955 2019 gratiam
978 1931 1129 1997 conciliat
1150 1931 1290 2015 homini,
1318 1932 1404 1997 sieut
1424 1932 1591 1997 adversorum

359 2036 496 2120 impetus
519 2034 680 2119 patienter
702 2036 836 2119 excepti.
881 2032 959 2110 Quis
990 2034 1116 2119 mileo)
1144 2034 1203 2099 sub
1225 2035 1315 2118 pacis
1337 2035 1502 2100 securitate
1519 2054 1590 2098 nus

359 2138 435 2201 tur‘?
472 2136 546 2200 Non
569 2140 617 2201 est
645 2138 778 2201 arduum
806 2137 841 2201 in
868 2137 953 2202 sicco
981 2159 1092 2201 secura
1118 2136 1225 2201 fixisse
1251 2137 1406 2223 vestigia,
1437 2158 1493 2202 nec
1515 2142 1588 2199 artem

360 2239 584 2323 gubernatoris
619 2239 760 2303 ostendit
791 2239 917 2303 marina
948 2237 1176 2323 tranquillitas.
1232 2236 1319 2304 Satis
1352 2242 1402 2304 est
1432 2236 1589 2322 intrepidum

359 2343 446 2405 intor
467 2340 550 2404 bella
572 2342 752 2424 procedere,
777 2342 862 2405 inter
883 2340 1006 2405 lubrica
1027 2363 1093 2405 non
1108 2340 1228 2423 labare,
1252 2340 1371 2407 fluctus
1387 2341 1423 2405 in
1436 2338 1590 2425 tempsere

361 2446 574 2507 contemnere.
614 2440 743 2507 Saeviet
764 2446 796 2507 et
816 2446 921 2507 motus
944 2464 1017 2508 snos
1039 2446 1186 2508 exerceat
1199 2443 1365 2508 mundana
1380 2442 1516 2524 tentatio,
1531 2438 1590 2503 un

360 2544 524 2609 manifesti
547 2548 725 2628 appareant
746 2546 799 2629 qui
822 2545 1018 2630 probantur!

444 2648 474 2712 3.
513 2645 603 2710 Haec
630 2646 784 2730 scientes,
820 2647 975 2712 carissimi
1001 2648 1135 2730 fratres,
1166 2646 1242 2712 fidei
1269 2650 1397 2713 vestrae
1423 2648 1518 2713 tenet
1532 2660 1590 2707 ron·

361 2750 523 2831 stantiam,
548 2752 581 2813 et
594 2749 665 2832 ipsa
681 2750 788 2832 etiam,
814 2749 840 2813 si
855 2749 1037 2831 inciderint,
1061 2749 1236 2814 militantia
1253 2749 1380 2814 meritis
1393 2748 1500 2815 vestris
1510 2744 1592 2811 erute

360 2850 511 2935 pericula.
547 2851 750 2916 annuntiate
772 2873 854 2936 quae
876 2850 995 2934 colitis,
1020 2854 1053 2915 et
1074 2851 1267 2936 participate
1275 2854 1302 2937 5)
1318 2850 1417 2916 etiam
1430 2846 1593 2935 peruniver-

360 2974 430 3017 sum
453 2953 561 3017 orbem
583 2954 735 3018 mandata
756 2953 942 3037 evangelica
963 2974 1044 3038 quae
1065 2954 1193 3018 tenetis.
1227 2952 1333 3039 Supra
1346 2952 1593 3038 stipendiarent!

362 3055 515 3119 eorrectio
537 3076 661 3139 quoque
682 3055 771 3119 vobis
793 3055 993 3120 adscribatur
1015 3055 1128 3120 aliena.
1178 3055 1269 3120 Inter
1289 3052 1515 3140 peccatorum')
1529 3064 1593 3115 eru·

361 3157 584 3239 metationem,
613 3157 729 3241 quibus
757 3157 816 3222 sibi
848 3157 989 3221 divinam
1017 3158 1156 3242 gratiam
1182 3158 1298 3242 plenus
1326 3157 1441 3243 spiritu
1466 3154 1515 3220 Dei
1533 3164 1593 3237 pm

361 3257 459 3342 pheta
486 3258 652 3341 conciliat,
682 3259 769 3323 inter
795 3282 848 3342 ea,
884 3259 997 3343 quibus
1023 3258 1290 3343 misericordiam,
1320 3281 1384 3344 qua
1411 3254 1592 3325 conservdflfs

248 3357 486 3425 Psalmcxorat:
509 3361 621 3425 docere
644 3382 677 3425 se
699 3361 826 3445 iniquos
847 3361 916 3425 vias
938 3360 1086 3444 Domini,
1111 3364 1144 3426 et
1165 3360 1410 3426 conversionem
1429 3380 1484 3446 per
1498 3343 1592 3423 υἱώ

225 3464 234 3472 “
261 3433 349 3495 Μ’
362 3463 526 3546 praedicat
547 3463 726 3548 impiorum.
772 3461 880 3545 Beati,
910 3463 1024 3547 quibus
1051 3462 1118 3527 vita
1145 3462 1337 3527 innocenter
1366 3466 1439 3528 acta
1458 3460 1506 3525 del
1519 3468 1591 3541 ll*

363 3565 476 3628 iniunr:
500 3566 601 3648 beati,
625 3587 682 3649 per
704 3587 782 3649 quos
805 3564 874 3627 aliis
897 3586 1020 3648 quoque
1043 3568 1226 3648 praestatur
1247 3565 1444 3651 exemplum!

445 3668 476 3731 4.
514 3667 558 3731 Et
579 3689 638 3731 nos
653 3666 791 3751 quidem,
814 3669 970 3751 quantum
991 3667 1026 3729 in
1048 3666 1140 3731 nobis
1163 3670 1222 3750 est,
1246 3688 1307 3731 nec
1330 3665 1526 3732 sollieitudine
1540 3670 1585 3723 ne<

428 3891 450 3955 ²)
468 3890 487 3943 b
506 3910 555 3944 aon
573 3893 697 3949 amiserit,
717 3888 743 3942 θ’
761 3903 818 3955 seq.
838 3893 959 3941 alliserit.

430 3976 450 4041 ³)
468 3973 518 4027 Ed.
539 3994 587 4028 aon
605 3979 657 4028 voti
674 3979 794 4040 opulenta
863 3976 1017 4028 Indirorete.

430 4059 451 4125 ⁴)
469 4058 537 4113 boc
554 4064 643 4112 milites
716 4063 834 4120 mireber,
851 4057 941 4111 minus
959 4057 1099 4113 concinne.

429 4142 502 4210 ³711.
527 4160 549 4197 e.
573 4143 730 4197 universum
753 4142 850 4197 orbem
873 4141 1095 4211 evangelicorum
1121 4142 1320 4199 mandatorum
1344 4143 1502 4217 participem
1521 4132 1579 4195 Β

362 4226 466 4280 liudem
484 4226 562 4281 verbi
580 4227 704 4295 ejusdem
720 4225 762 4281 vis
779 4244 812 4281 ac
830 4228 954 4297 potestas
971 4227 1058 4283 estin
1075 4226 1118 4282 his
1130 4226 1266 4299 epistolae
1280 4235 1330 4285 us
1347 4248 1375 4284 n.
1386 4236 1416 4285 2:
1434 4230 1543 4299 onulfi
1553 4238 1583 4277 Ι

367 4316 532 4364 'lrr'entalr'dua
550 4324 631 4366 :zetam
647 4317 739 4381 fuerit.
759 4319 875 4381 reperitis
893 4317 1015 4367 eulaeum
1032 4318 1215 4382 partieipanms
1232 4318 1345 4370 tudiciis.
1380 4312 1443 4371 Hoc
1458 4310 1546 4369 etnim
1557 4302 1588 4361 ff

364 4396 432 4448 vult:
454 4395 604 4466 psarticipes
625 4411 675 4451 vos
693 4396 809 4451 facimus
827 4413 923 4451 eornm
940 4396 1070 4463 oninium,
1094 4412 1165 4466 quae
1184 4415 1246 4451 cnm
1263 4396 1459 4455 Orientalibus
1474 4398 1533 4455 adt
1546 4394 1592 4451 d

364 4481 452 4536 :lntea
468 4480 498 4533 id
521 4481 596 4548 quod
614 4481 715 4535 dicitur
733 4486 824 4535 Amata
840 4489 967 4550 periculo,
991 4482 1107 4536 nonest
1128 4481 1343 4538 distrahendum
1360 4500 1380 4540 ⁸
1397 4478 1600 4557 ansprand

362 4582 433 4633 quae
451 4565 601 4620 Hormisda
616 4565 771 4621 sententiae
789 4566 853 4621 huic
864 4566 1004 4637 alb'ungib
1026 4566 1097 4622 adeo
1114 4568 1220 4621 utnon
1237 4571 1416 4637 quaerantur
1431 4568 1559 4643 perienh,
1571 4564 1605 4621 art

362 4656 385 4703 a·
401 4656 546 4711 inciderint,
565 4669 655 4720 aequo
674 4653 766 4706 animo
785 4653 921 4718 ferantur,
940 4654 971 4706 ut
988 4651 1036 4706 ubi
1053 4651 1158 4707 meritis
1174 4650 1278 4707 nostris
1296 4652 1441 4725 militant,
1457 4668 1571 4711 new.

429 4738 450 4803 ⁶)
468 4737 486 4789 b
500 4753 535 4791 cc
552 4741 628 4791 Inter
644 4749 784 4791 ceterorum
802 4745 1019 4793 enarraeratioacm.
1060 4736 1167 4791 clarior
1184 4738 1258 4793 esset
1274 4739 1424 4797 sententia
1444 4741 1475 4797 ἰιι
1489 4742 1557 4797 lime
1570 4754 1615 4795 w

362 4819 439 4874 dum:
469 4825 500 4875 Ia
518 4829 682 4877 raumaricae
699 4834 868 4890 porvulorum,
886 4826 976 4890 qrelbur
991 4829 1082 4891 plenus
1099 4826 1211 4891 Spiritus
1223 4828 1274 4878 aa·
1289 4830 1430 4895 propheta
1447 4828 1530 4897 (M.
1543 4834 1579 4885 511.
1585 4832 1620 4881 u·

363 4911 469 4959 ‹liriaam
487 4911 537 4959 sibi
551 4916 660 4976 prodam
678 4928 709 4961 oc
727 4912 925 4960 raiaericordiam
943 4912 1073 4970 conciliat,
1092 4914 1160 4961 iuter
1177 4926 1209 4962 ea
1226 4909 1282 4964 ete.
