<?xml version="1.0" encoding="UTF-8"?>
<!DOCTYPE html PUBLIC "-//W3C//DTD XHTML 1.0 Transitional//EN"
    "http://www.w3.org/TR/xhtml1/DTD/xhtml1-transitional.dtd">
<html xmlns="http://www.w3.org/1999/xhtml" xml:lang="en" lang="en">
 <head>
  <title>
</title>
<meta http-equiv="Content-Type" content="text/html;charset=utf-8" />
  <meta name='ocr-system' content='tesseract 3.04.00' />
  <meta name='ocr-capabilities' content='ocr_page ocr_carea ocr_par ocr_line ocrx_word'/>
</head>
<body>
  <div class='ocr_page' id='page_1' title='image "./epistolaeromano00cousgoog/epistolaeromano00cousgoog_0954.png"; bbox 0 0 3412 5664; ppageno 0'>
   <div class='ocr_carea' id='block_1_1' title="bbox 645 310 1483 378">
    <p class='ocr_par' dir='ltr' id='par_1_1' title="bbox 645 310 1483 378">
     <span class='ocr_line' id='line_1_1' title="bbox 645 310 1483 378; baseline 0.004 -3"><span class='ocrx_word' id='word_1_1' title='bbox 645 327 841 378; x_wconf 73' lang='lat' dir='ltr'><strong>aristonis</strong></span> <span class='ocrx_word' id='word_1_2' title='bbox 865 315 1049 375; x_wconf 86' lang='lat'>111-113.</span> <span class='ocrx_word' id='word_1_3' title='bbox 1421 310 1483 378; x_wconf 88' lang='grc'><strong>913</strong></span> 
     </span>
    </p>
   </div>
   <div class='ocr_carea' id='block_1_2' title="bbox 206 479 1609 2406">
    <p class='ocr_par' dir='ltr' id='par_1_2' title="bbox 206 479 1608 655">
     <span class='ocr_line' id='line_1_2' title="bbox 206 479 1608 573; baseline -0.004 -21"><span class='ocrx_word' id='word_1_4' title='bbox 206 487 290 573; x_wconf 86' lang='lat' dir='ltr'><strong>quid</strong></span> <span class='ocrx_word' id='word_1_5' title='bbox 311 483 390 550; x_wconf 89' lang='lat' dir='ltr'><strong>mihi</strong></span> <span class='ocrx_word' id='word_1_6' title='bbox 419 482 544 568; x_wconf 89' lang='lat' dir='ltr'><strong>gratiae</strong></span> <span class='ocrx_word' id='word_1_7' title='bbox 573 481 746 567; x_wconf 76' lang='lat' dir='ltr'>dignanter</span> <span class='ocrx_word' id='word_1_8' title='bbox 771 479 974 567; x_wconf 75' lang='lat' dir='ltr'><strong>impenditis,</strong></span> <span class='ocrx_word' id='word_1_9' title='bbox 1003 480 1038 544; x_wconf 91' lang='lat' dir='ltr'><strong>in</strong></span> <span class='ocrx_word' id='word_1_10' title='bbox 1066 479 1272 545; x_wconf 87' lang='lat' dir='ltr'><strong>ecclesiarum</strong></span> <span class='ocrx_word' id='word_1_11' title='bbox 1299 479 1484 547; x_wconf 85' lang='lat' dir='ltr'><strong>defensione</strong></span> <span class='ocrx_word' id='word_1_12' title='bbox 1497 493 1608 561; x_wconf 71' lang='lat' dir='ltr'><strong>(abac.)</strong></span> 
     </span>
     <span class='ocr_line' id='line_1_3' title="bbox 208 586 409 655; baseline -0.025 -1"><span class='ocrx_word' id='word_1_13' title='bbox 208 586 409 655; x_wconf 88' lang='lat' dir='ltr'><strong>monstratis.</strong></span> 
     </span>
    </p>

    <p class='ocr_par' dir='ltr' id='par_1_3' title="bbox 207 684 1609 2406">
     <span class='ocr_line' id='line_1_4' title="bbox 297 684 1485 772; baseline 0 -19"><span class='ocrx_word' id='word_1_14' title='bbox 297 688 329 753; x_wconf 81' lang='lat'><strong>2.</strong></span> <span class='ocrx_word' id='word_1_15' title='bbox 363 685 426 752; x_wconf 83' lang='lat' dir='ltr'><strong>Sed</strong></span> <span class='ocrx_word' id='word_1_16' title='bbox 447 689 483 751; x_wconf 87' lang='lat' dir='ltr'><strong>ut</strong></span> <span class='ocrx_word' id='word_1_17' title='bbox 506 685 547 750; x_wconf 90' lang='lat' dir='ltr'><strong>ad</strong></span> <span class='ocrx_word' id='word_1_18' title='bbox 567 686 617 771; x_wconf 91' lang='lat' dir='ltr'><strong>id,</strong></span> <span class='ocrx_word' id='word_1_19' title='bbox 640 686 724 772; x_wconf 90' lang='lat' dir='ltr'><strong>quod</strong></span> <span class='ocrx_word' id='word_1_20' title='bbox 746 684 900 751; x_wconf 88' lang='lat' dir='ltr'><strong>celsitudo</strong></span> <span class='ocrx_word' id='word_1_21' title='bbox 922 687 1029 751; x_wconf 87' lang='lat' dir='ltr'><strong>vestra</strong></span> <span class='ocrx_word' id='word_1_22' title='bbox 1051 685 1226 770; x_wconf 81' lang='lat' dir='ltr'><strong>desiderat,</strong></span> <span class='ocrx_word' id='word_1_23' title='bbox 1249 687 1360 752; x_wconf 91' lang='lat' dir='ltr'><strong>noster</strong></span> <span class='ocrx_word' id='word_1_24' title='bbox 1381 708 1485 753; x_wconf 88' lang='lat' dir='ltr'><strong>sermo</strong></span> 
     </span>
     <span class='ocr_line' id='line_1_5' title="bbox 208 787 1609 878; baseline -0.004 -21"><span class='ocrx_word' id='word_1_25' title='bbox 208 790 383 876; x_wconf 71' lang='lat' dir='ltr'><strong>diligatur,</strong></span> <span class='ocrx_word' id='word_1_26' title='bbox 406 809 600 873; x_wconf 90' lang='lat' dir='ltr'><strong>quamquam</strong></span> <span class='ocrx_word' id='word_1_27' title='bbox 615 792 648 853; x_wconf 88' lang='lat' dir='ltr'><strong>at</strong></span> <span class='ocrx_word' id='word_1_28' title='bbox 663 788 928 854; x_wconf 86' lang='lat' dir='ltr'><strong>clementissimus</strong></span> <span class='ocrx_word' id='word_1_29' title='bbox 943 787 1118 874; x_wconf 89' lang='lat' dir='ltr'><strong>imperator</strong></span> <span class='ocrx_word' id='word_1_30' title='bbox 1132 791 1165 853; x_wconf 87' lang='lat' dir='ltr'><strong>et</strong></span> <span class='ocrx_word' id='word_1_31' title='bbox 1179 809 1235 853; x_wconf 87' lang='lat' dir='ltr'><strong>vos</strong></span> <span class='ocrx_word' id='word_1_32' title='bbox 1255 789 1452 874; x_wconf 87' lang='lat' dir='ltr'><strong>promittatis</strong></span> <span class='ocrx_word' id='word_1_33' title='bbox 1459 790 1486 878; x_wconf 84' lang='lat'><strong>²)</strong></span> <span class='ocrx_word' id='word_1_34' title='bbox 1499 813 1542 868; x_wconf 87' lang='lat' dir='ltr'><strong>ep.</strong></span> <span class='ocrx_word' id='word_1_35' title='bbox 1554 801 1609 852; x_wconf 86' lang='lat'>108.</span> 
     </span>
     <span class='ocr_line' id='line_1_6' title="bbox 207 890 1488 979; baseline -0.002 -20"><span class='ocrx_word' id='word_1_36' title='bbox 207 890 411 979; x_wconf 78' lang='lat' dir='ltr'><strong>legationem</strong></span> <span class='ocrx_word' id='word_1_37' title='bbox 431 911 501 955; x_wconf 85' lang='lat' dir='ltr'><strong>esse</strong></span> <span class='ocrx_word' id='word_1_38' title='bbox 523 892 707 975; x_wconf 86' lang='lat' dir='ltr'><strong>venturam,</strong></span> <span class='ocrx_word' id='word_1_39' title='bbox 736 893 769 956; x_wconf 86' lang='lat' dir='ltr'><strong>et</strong></span> <span class='ocrx_word' id='word_1_40' title='bbox 790 890 824 954; x_wconf 94' lang='lat' dir='ltr'><strong>id</strong></span> <span class='ocrx_word' id='word_1_41' title='bbox 846 912 919 956; x_wconf 92' lang='lat' dir='ltr'><strong>cum</strong></span> <span class='ocrx_word' id='word_1_42' title='bbox 941 890 1066 956; x_wconf 89' lang='lat' dir='ltr'><strong>ratione</strong></span> <span class='ocrx_word' id='word_1_43' title='bbox 1088 890 1289 975; x_wconf 84' lang='lat' dir='ltr'><strong>convenerit,</strong></span> <span class='ocrx_word' id='word_1_44' title='bbox 1319 894 1488 957; x_wconf 86' lang='lat' dir='ltr'><strong>uteorum</strong></span> 
     </span>
     <span class='ocr_line' id='line_1_7' title="bbox 208 992 1488 1081; baseline 0 -21"><span class='ocrx_word' id='word_1_45' title='bbox 208 994 268 1081; x_wconf 89' lang='lat' dir='ltr'><strong>qui</strong></span> <span class='ocrx_word' id='word_1_46' title='bbox 290 992 452 1079; x_wconf 86' lang='lat' dir='ltr'><strong>dirigendi</strong></span> <span class='ocrx_word' id='word_1_47' title='bbox 474 995 551 1058; x_wconf 88' lang='lat' dir='ltr'><strong>sunt</strong></span> <span class='ocrx_word' id='word_1_48' title='bbox 572 1014 668 1077; x_wconf 91' lang='lat' dir='ltr'><strong>snper</strong></span> <span class='ocrx_word' id='word_1_49' title='bbox 692 992 840 1058; x_wconf 89' lang='lat' dir='ltr'><strong>omnibus</strong></span> <span class='ocrx_word' id='word_1_50' title='bbox 867 1015 927 1059; x_wconf 92' lang='lat' dir='ltr'><strong>nos</strong></span> <span class='ocrx_word' id='word_1_51' title='bbox 954 992 1097 1059; x_wconf 82' lang='lat' dir='ltr'><strong>decuerit</strong></span> <span class='ocrx_word' id='word_1_52' title='bbox 1125 996 1310 1077; x_wconf 83' lang='lat' dir='ltr'><strong>exspectare</strong></span> <span class='ocrx_word' id='word_1_53' title='bbox 1338 1016 1488 1078; x_wconf 88' lang='lat' dir='ltr'><strong>praesen·</strong></span> 
     </span>
     <span class='ocr_line' id='line_1_8' title="bbox 208 1095 1488 1182; baseline 0 -20"><span class='ocrx_word' id='word_1_54' title='bbox 208 1097 311 1162; x_wconf 88' lang='lat' dir='ltr'><strong>tiam:</strong></span> <span class='ocrx_word' id='word_1_55' title='bbox 338 1098 448 1160; x_wconf 90' lang='lat' dir='ltr'><strong>tamen</strong></span> <span class='ocrx_word' id='word_1_56' title='bbox 469 1095 545 1180; x_wconf 91' lang='lat' dir='ltr'><strong>quia</strong></span> <span class='ocrx_word' id='word_1_57' title='bbox 567 1097 697 1181; x_wconf 84' lang='lat' dir='ltr'><strong>gratum</strong></span> <span class='ocrx_word' id='word_1_58' title='bbox 717 1095 811 1161; x_wconf 89' lang='lat' dir='ltr'><strong>nobis</strong></span> <span class='ocrx_word' id='word_1_59' title='bbox 833 1099 883 1161; x_wconf 85' lang='lat' dir='ltr'><strong>ast</strong></span> <span class='ocrx_word' id='word_1_60' title='bbox 907 1095 1058 1180; x_wconf 88' lang='lat' dir='ltr'><strong>studium,</strong></span> <span class='ocrx_word' id='word_1_61' title='bbox 1083 1095 1273 1180; x_wconf 90' lang='lat' dir='ltr'><strong>quodcirca</strong></span> <span class='ocrx_word' id='word_1_62' title='bbox 1299 1096 1488 1182; x_wconf 80' lang='lat' dir='ltr'><strong>religionem</strong></span> 
     </span>
     <span class='ocr_line' id='line_1_9' title="bbox 209 1195 1489 1284; baseline 0.001 -21"><span class='ocrx_word' id='word_1_63' title='bbox 209 1218 271 1263; x_wconf 84' lang='lat' dir='ltr'><strong>vos</strong></span> <span class='ocrx_word' id='word_1_64' title='bbox 293 1195 413 1262; x_wconf 90' lang='lat' dir='ltr'><strong>habere</strong></span> <span class='ocrx_word' id='word_1_65' title='bbox 435 1196 632 1281; x_wconf 76' lang='lat' dir='ltr'><strong>declarastis,</strong></span> <span class='ocrx_word' id='word_1_66' title='bbox 656 1219 721 1263; x_wconf 91' lang='lat' dir='ltr'><strong>non</strong></span> <span class='ocrx_word' id='word_1_67' title='bbox 744 1201 861 1283; x_wconf 86' lang='lat' dir='ltr'><strong>gravat</strong></span> <span class='ocrx_word' id='word_1_68' title='bbox 882 1197 1060 1284; x_wconf 88' lang='lat' dir='ltr'><strong>praelibare</strong></span> <span class='ocrx_word' id='word_1_69' title='bbox 1082 1196 1228 1282; x_wconf 91' lang='lat' dir='ltr'><strong>dicendo,</strong></span> <span class='ocrx_word' id='word_1_70' title='bbox 1250 1219 1316 1263; x_wconf 93' lang='lat' dir='ltr'><strong>non</strong></span> <span class='ocrx_word' id='word_1_71' title='bbox 1339 1220 1429 1283; x_wconf 87' lang='lat' dir='ltr'><strong>opas,</strong></span> <span class='ocrx_word' id='word_1_72' title='bbox 1451 1203 1489 1265; x_wconf 90' lang='lat' dir='ltr'><strong>ut</strong></span> 
     </span>
     <span class='ocr_line' id='line_1_10' title="bbox 211 1297 1489 1388; baseline 0 -22"><span class='ocrx_word' id='word_1_73' title='bbox 211 1297 428 1366; x_wconf 72' lang='lat' dir='ltr'><strong>stabilitatem</strong></span> <span class='ocrx_word' id='word_1_74' title='bbox 449 1298 524 1364; x_wconf 91' lang='lat' dir='ltr'><strong>fidei</strong></span> <span class='ocrx_word' id='word_1_75' title='bbox 546 1302 671 1365; x_wconf 82' lang='lat' dir='ltr'><strong>vestrae</strong></span> <span class='ocrx_word' id='word_1_76' title='bbox 693 1301 916 1388; x_wconf 67' lang='lat' dir='ltr'><strong>intentionisi)</strong></span> <span class='ocrx_word' id='word_1_77' title='bbox 938 1300 1044 1386; x_wconf 90' lang='lat' dir='ltr'><strong>potius</strong></span> <span class='ocrx_word' id='word_1_78' title='bbox 1064 1322 1161 1385; x_wconf 90' lang='lat' dir='ltr'><strong>quam</strong></span> <span class='ocrx_word' id='word_1_79' title='bbox 1181 1299 1316 1366; x_wconf 87' lang='lat' dir='ltr'><strong>rationis</strong></span> <span class='ocrx_word' id='word_1_80' title='bbox 1337 1322 1489 1386; x_wconf 80' lang='lat' dir='ltr'><strong>sequaces</strong></span> 
     </span>
     <span class='ocr_line' id='line_1_11' title="bbox 211 1392 1489 1495; baseline -0.001 -27"><span class='ocrx_word' id='word_1_81' title='bbox 211 1401 346 1488; x_wconf 91' lang='lat' dir='ltr'><strong>procaci</strong></span> <span class='ocrx_word' id='word_1_82' title='bbox 372 1401 543 1467; x_wconf 85' lang='lat' dir='ltr'><strong>verborum</strong></span> <span class='ocrx_word' id='word_1_83' title='bbox 574 1401 719 1467; x_wconf 87' lang='lat' dir='ltr'><strong>novitate</strong></span> <span class='ocrx_word' id='word_1_84' title='bbox 752 1392 963 1469; x_wconf 87' lang='lat' dir='ltr'><strong>confundant.</strong></span> <span class='ocrx_word' id='word_1_85' title='bbox 1014 1402 1135 1469; x_wconf 84' lang='lat' dir='ltr'><strong>Sancta</strong></span> <span class='ocrx_word' id='word_1_86' title='bbox 1154 1401 1304 1495; x_wconf 72' lang='lat' dir='ltr'><strong>Trinitas</strong></span> <span class='ocrx_word' id='word_1_87' title='bbox 1332 1402 1430 1468; x_wconf 89' lang='lat' dir='ltr'><strong>Pater</strong></span> <span class='ocrx_word' id='word_1_88' title='bbox 1455 1406 1489 1468; x_wconf 92' lang='lat' dir='ltr'><strong>et</strong></span> 
     </span>
     <span class='ocr_line' id='line_1_12' title="bbox 212 1501 1489 1589; baseline -0.001 -19"><span class='ocrx_word' id='word_1_89' title='bbox 212 1503 317 1570; x_wconf 84' lang='lat' dir='ltr'><strong>Filius</strong></span> <span class='ocrx_word' id='word_1_90' title='bbox 339 1505 372 1568; x_wconf 88' lang='lat' dir='ltr'><strong>et</strong></span> <span class='ocrx_word' id='word_1_91' title='bbox 394 1501 532 1589; x_wconf 75' lang='lat' dir='ltr'><strong>Spiritus</strong></span> <span class='ocrx_word' id='word_1_92' title='bbox 554 1506 685 1568; x_wconf 87' lang='lat' dir='ltr'><strong>sanctus</strong></span> <span class='ocrx_word' id='word_1_93' title='bbox 708 1526 790 1570; x_wconf 88' lang='lat' dir='ltr'><strong>unua</strong></span> <span class='ocrx_word' id='word_1_94' title='bbox 818 1508 868 1571; x_wconf 89' lang='lat' dir='ltr'><strong>est</strong></span> <span class='ocrx_word' id='word_1_95' title='bbox 889 1505 987 1570; x_wconf 88' lang='lat' dir='ltr'><strong>Dens.</strong></span> <span class='ocrx_word' id='word_1_96' title='bbox 1032 1503 1129 1570; x_wconf 91' lang='lat' dir='ltr'><strong>Hanc</strong></span> <span class='ocrx_word' id='word_1_97' title='bbox 1154 1503 1254 1570; x_wconf 88' lang='lat' dir='ltr'><strong>lsrael</strong></span> <span class='ocrx_word' id='word_1_98' title='bbox 1279 1504 1387 1588; x_wconf 89' lang='lat' dir='ltr'><strong>jussus</strong></span> <span class='ocrx_word' id='word_1_99' title='bbox 1415 1504 1489 1569; x_wconf 90' lang='lat' dir='ltr'><strong>ado·</strong></span> 
     </span>
     <span class='ocr_line' id='line_1_13' title="bbox 213 1605 1486 1692; baseline 0 -20"><span class='ocrx_word' id='word_1_100' title='bbox 213 1627 306 1690; x_wconf 87' lang='lat' dir='ltr'><strong>rara,</strong></span> <span class='ocrx_word' id='word_1_101' title='bbox 337 1605 427 1690; x_wconf 86' lang='lat' dir='ltr'><strong>cujus</strong></span> <span class='ocrx_word' id='word_1_102' title='bbox 449 1605 673 1691; x_wconf 86' lang='lat' dir='ltr'><strong>inseparabilis</strong></span> <span class='ocrx_word' id='word_1_103' title='bbox 695 1609 729 1670; x_wconf 88' lang='lat' dir='ltr'><strong>et</strong></span> <span class='ocrx_word' id='word_1_104' title='bbox 749 1606 923 1673; x_wconf 88' lang='lat' dir='ltr'><strong>indiscreta</strong></span> <span class='ocrx_word' id='word_1_105' title='bbox 944 1607 1127 1673; x_wconf 88' lang='lat' dir='ltr'><strong>substantia</strong></span> <span class='ocrx_word' id='word_1_106' title='bbox 1147 1629 1214 1672; x_wconf 93' lang='lat' dir='ltr'><strong>non</strong></span> <span class='ocrx_word' id='word_1_107' title='bbox 1241 1609 1349 1692; x_wconf 86' lang='lat' dir='ltr'><strong>potest</strong></span> <span class='ocrx_word' id='word_1_108' title='bbox 1378 1606 1486 1690; x_wconf 86' lang='lat' dir='ltr'><strong>dividi,</strong></span> 
     </span>
     <span class='ocr_line' id='line_1_14' title="bbox 215 1708 1490 1794; baseline 0 -20"><span class='ocrx_word' id='word_1_109' title='bbox 215 1730 284 1774; x_wconf 90' lang='lat' dir='ltr'><strong>non</strong></span> <span class='ocrx_word' id='word_1_110' title='bbox 306 1711 413 1793; x_wconf 87' lang='lat' dir='ltr'><strong>potest</strong></span> <span class='ocrx_word' id='word_1_111' title='bbox 435 1708 592 1793; x_wconf 89' lang='lat' dir='ltr'><strong>sacrilega</strong></span> <span class='ocrx_word' id='word_1_112' title='bbox 615 1708 820 1775; x_wconf 87' lang='lat' dir='ltr'><strong>distinctione</strong></span> <span class='ocrx_word' id='word_1_113' title='bbox 842 1711 995 1794; x_wconf 88' lang='lat' dir='ltr'><strong>separari,</strong></span> <span class='ocrx_word' id='word_1_114' title='bbox 1019 1712 1147 1775; x_wconf 80' lang='lat' dir='ltr'><strong>servata</strong></span> <span class='ocrx_word' id='word_1_115' title='bbox 1168 1712 1278 1774; x_wconf 90' lang='lat' dir='ltr'><strong>tamen</strong></span> <span class='ocrx_word' id='word_1_116' title='bbox 1292 1709 1490 1794; x_wconf 85' lang='lat' dir='ltr'><strong>proprietate</strong></span> 
     </span>
     <span class='ocr_line' id='line_1_15' title="bbox 216 1810 1488 1895; baseline -0.001 -19"><span class='ocrx_word' id='word_1_117' title='bbox 216 1832 276 1876; x_wconf 90' lang='lat' dir='ltr'><strong>sua</strong></span> <span class='ocrx_word' id='word_1_118' title='bbox 297 1810 469 1895; x_wconf 90' lang='lat' dir='ltr'><strong>unicuique</strong></span> <span class='ocrx_word' id='word_1_119' title='bbox 490 1830 656 1894; x_wconf 89' lang='lat' dir='ltr'><strong>personae.</strong></span> <span class='ocrx_word' id='word_1_120' title='bbox 701 1810 792 1876; x_wconf 89' lang='lat' dir='ltr'><strong>Haec</strong></span> <span class='ocrx_word' id='word_1_121' title='bbox 813 1812 943 1877; x_wconf 88' lang='lat' dir='ltr'><strong>interim</strong></span> <span class='ocrx_word' id='word_1_122' title='bbox 971 1811 1224 1878; x_wconf 89' lang='lat' dir='ltr'><strong>commendanda</strong></span> <span class='ocrx_word' id='word_1_123' title='bbox 1250 1811 1324 1875; x_wconf 88' lang='lat' dir='ltr'><strong>fidei</strong></span> <span class='ocrx_word' id='word_1_124' title='bbox 1352 1813 1488 1895; x_wconf 81' lang='lat' dir='ltr'><strong>vestme,</strong></span> 
     </span>
     <span class='ocr_line' id='line_1_16' title="bbox 218 1911 1491 2001; baseline 0 -23"><span class='ocrx_word' id='word_1_125' title='bbox 218 1911 401 1999; x_wconf 88' lang='lat' dir='ltr'><strong>epistolaris</strong></span> <span class='ocrx_word' id='word_1_126' title='bbox 430 1912 496 1977; x_wconf 85' lang='lat' dir='ltr'><strong>stili</strong></span> <span class='ocrx_word' id='word_1_127' title='bbox 525 1912 698 1978; x_wconf 89' lang='lat' dir='ltr'><strong>terminum</strong></span> <span class='ocrx_word' id='word_1_128' title='bbox 727 1913 923 2000; x_wconf 82' lang='lat' dir='ltr'><strong>cogitantes,</strong></span> <span class='ocrx_word' id='word_1_129' title='bbox 966 1934 1109 2000; x_wconf 86' lang='lat' dir='ltr'><strong>congrua</strong></span> <span class='ocrx_word' id='word_1_130' title='bbox 1145 1913 1302 1978; x_wconf 90' lang='lat' dir='ltr'><strong>credimus</strong></span> <span class='ocrx_word' id='word_1_131' title='bbox 1332 1913 1491 2001; x_wconf 80' lang='lat' dir='ltr'><strong>brevitate</strong></span> 
     </span>
     <span class='ocr_line' id='line_1_17' title="bbox 218 2012 1491 2101; baseline 0 -21"><span class='ocrx_word' id='word_1_132' title='bbox 218 2014 383 2099; x_wconf 87' lang='lat' dir='ltr'><strong>sufficere,</strong></span> <span class='ocrx_word' id='word_1_133' title='bbox 418 2012 545 2098; x_wconf 87' lang='lat' dir='ltr'><strong>plenius</strong></span> <span class='ocrx_word' id='word_1_134' title='bbox 572 2014 773 2099; x_wconf 88' lang='lat' dir='ltr'><strong>disserenda,</strong></span> <span class='ocrx_word' id='word_1_135' title='bbox 808 2037 905 2101; x_wconf 91' lang='lat' dir='ltr'><strong>quum</strong></span> <span class='ocrx_word' id='word_1_136' title='bbox 932 2015 1067 2081; x_wconf 86' lang='lat' dir='ltr'><strong>florenta</strong></span> <span class='ocrx_word' id='word_1_137' title='bbox 1093 2014 1228 2100; x_wconf 89' lang='lat' dir='ltr'><strong>imperio</strong></span> <span class='ocrx_word' id='word_1_138' title='bbox 1251 2014 1491 2081; x_wconf 86' lang='lat' dir='ltr'><strong>clementissimi</strong></span> 
     </span>
     <span class='ocr_line' id='line_1_18' title="bbox 217 2116 1492 2204; baseline 0.001 -22"><span class='ocrx_word' id='word_1_139' title='bbox 217 2116 410 2203; x_wconf 71' lang='lat' dir='ltr'><strong>principisil</strong></span> <span class='ocrx_word' id='word_1_140' title='bbox 438 2116 628 2201; x_wconf 88' lang='lat' dir='ltr'><strong>promissam</strong></span> <span class='ocrx_word' id='word_1_141' title='bbox 654 2116 852 2202; x_wconf 85' lang='lat' dir='ltr'><strong>legationem</strong></span> <span class='ocrx_word' id='word_1_142' title='bbox 879 2121 912 2183; x_wconf 87' lang='lat' dir='ltr'><strong>et</strong></span> <span class='ocrx_word' id='word_1_143' title='bbox 939 2139 998 2183; x_wconf 88' lang='lat' dir='ltr'><strong>noa</strong></span> <span class='ocrx_word' id='word_1_144' title='bbox 1021 2117 1182 2202; x_wconf 87' lang='lat' dir='ltr'><strong>suscipere</strong></span> <span class='ocrx_word' id='word_1_145' title='bbox 1203 2117 1272 2182; x_wconf 87' lang='lat' dir='ltr'><strong>Deo</strong></span> <span class='ocrx_word' id='word_1_146' title='bbox 1293 2118 1492 2204; x_wconf 80' lang='lat' dir='ltr'><strong>propitiante</strong></span> 
     </span>
     <span class='ocr_line' id='line_1_19' title="bbox 220 2217 1492 2306; baseline 0.001 -22"><span class='ocrx_word' id='word_1_147' title='bbox 220 2218 411 2304; x_wconf 86' lang='lat' dir='ltr'><strong>contigerit,</strong></span> <span class='ocrx_word' id='word_1_148' title='bbox 441 2220 474 2282; x_wconf 90' lang='lat' dir='ltr'><strong>et</strong></span> <span class='ocrx_word' id='word_1_149' title='bbox 502 2217 641 2304; x_wconf 87' lang='lat' dir='ltr'><strong>cognitis</strong></span> <span class='ocrx_word' id='word_1_150' title='bbox 663 2218 812 2285; x_wconf 90' lang='lat' dir='ltr'><strong>omnibns</strong></span> <span class='ocrx_word' id='word_1_151' title='bbox 841 2240 913 2285; x_wconf 91' lang='lat' dir='ltr'><strong>cum</strong></span> <span class='ocrx_word' id='word_1_152' title='bbox 941 2220 1099 2305; x_wconf 87' lang='lat' dir='ltr'><strong>adjutorio</strong></span> <span class='ocrx_word' id='word_1_153' title='bbox 1121 2219 1182 2285; x_wconf 90' lang='lat' dir='ltr'><strong>Dei</strong></span> <span class='ocrx_word' id='word_1_154' title='bbox 1209 2221 1312 2286; x_wconf 88' lang='lat' dir='ltr'><strong>nostri</strong></span> <span class='ocrx_word' id='word_1_155' title='bbox 1339 2242 1492 2306; x_wconf 88' lang='lat' dir='ltr'><strong>responso</strong></span> 
     </span>
     <span class='ocr_line' id='line_1_20' title="bbox 219 2319 1114 2406; baseline 0.002 -21"><span class='ocrx_word' id='word_1_156' title='bbox 219 2320 345 2385; x_wconf 87' lang='lat' dir='ltr'><strong>reddito</strong></span> <span class='ocrx_word' id='word_1_157' title='bbox 366 2341 425 2406; x_wconf 90' lang='lat' dir='ltr'><strong>pro</strong></span> <span class='ocrx_word' id='word_1_158' title='bbox 446 2319 668 2386; x_wconf 84' lang='lat' dir='ltr'><strong>universitatis</strong></span> <span class='ocrx_word' id='word_1_159' title='bbox 689 2321 918 2388; x_wconf 85' lang='lat' dir='ltr'><strong>informatione</strong></span> <span class='ocrx_word' id='word_1_160' title='bbox 939 2323 1114 2389; x_wconf 88' lang='lat' dir='ltr'><strong>remittere.</strong></span> 
     </span>
    </p>
   </div>
   <div class='ocr_carea' id='block_1_3' title="bbox 719 2508 1001 2613">
    <p class='ocr_par' dir='ltr' id='par_1_4' title="bbox 719 2508 1001 2613">
     <span class='ocr_line' id='line_1_21' title="bbox 719 2508 1001 2613; baseline 0.004 -20"><span class='ocrx_word' id='word_1_161' title='bbox 719 2508 901 2613; x_wconf 80' lang='lat' dir='ltr'><strong>Epistola</strong></span> <span class='ocrx_word' id='word_1_162' title='bbox 926 2510 1001 2594; x_wconf 85' lang='lat'>113.</span> 
     </span>
    </p>
   </div>
   <div class='ocr_carea' id='block_1_4' title="bbox 269 2660 1615 2849">
    <p class='ocr_par' dir='ltr' id='par_1_5' title="bbox 269 2660 1615 2849">
     <span class='ocr_line' id='line_1_22' title="bbox 269 2660 1615 2830; baseline -0.001 -100"><span class='ocrx_word' id='word_1_163' title='bbox 269 2661 482 2731; x_wconf 80' lang='lat' dir='ltr'><strong>Hormisdac</strong></span> <span class='ocrx_word' id='word_1_164' title='bbox 504 2677 615 2746; x_wconf 85' lang='lat' dir='ltr'><strong>papae</strong></span> <span class='ocrx_word' id='word_1_165' title='bbox 637 2660 681 2728; x_wconf 87' lang='lat' dir='ltr'><strong>ad</strong></span> <span class='ocrx_word' id='word_1_166' title='bbox 703 2661 946 2830; x_wconf 53' lang='lat' dir='ltr'><strong>Eplppippium</strong></span> <span class='ocrx_word' id='word_1_167' title='bbox 968 2662 1173 2747; x_wconf 85' lang='lat' dir='ltr'><strong>episcopum</strong></span> <span class='ocrx_word' id='word_1_168' title='bbox 1196 2663 1441 2731; x_wconf 80' lang='lat' dir='ltr'><strong>Constantino·</strong></span> <span class='ocrx_word' id='word_1_169' title='bbox 1533 2686 1539 2765; x_wconf 73' lang='lat' dir='ltr'>j</span> <span class='ocrx_word' id='word_1_170' title='bbox 1599 2709 1615 2764; x_wconf 90' lang='lat'><strong>·.</strong></span> 
     </span>
     <span class='ocr_line' id='line_1_23' title="bbox 752 2780 990 2849; baseline 0.017 -18"><span class='ocrx_word' id='word_1_171' title='bbox 752 2780 796 2849; x_wconf 85' lang='lat' dir='ltr'><strong>pc</strong></span> <span class='ocrx_word' id='word_1_172' title='bbox 868 2782 990 2835; x_wconf 55' lang='lat' dir='ltr'><strong>num„</strong></span> 
     </span>
    </p>
   </div>
   <div class='ocr_carea' id='block_1_5' title="bbox 183 2888 1459 3038">
    <p class='ocr_par' dir='ltr' id='par_1_6' title="bbox 183 2888 1459 3038">
     <span class='ocr_line' id='line_1_24' title="bbox 183 2888 1459 2955; baseline 0 -14"><span class='ocrx_word' id='word_1_173' title='bbox 183 2891 213 2945; x_wconf 72' lang='lat'><strong>3.</strong></span> <span class='ocrx_word' id='word_1_174' title='bbox 258 2890 353 2954; x_wconf 72' lang='lat' dir='ltr'><strong>Arpait</strong></span> <span class='ocrx_word' id='word_1_175' title='bbox 371 2904 437 2946; x_wconf 82' lang='lat' dir='ltr'><strong>eam.</strong></span> <span class='ocrx_word' id='word_1_176' title='bbox 456 2889 526 2955; x_wconf 79' lang='lat' dir='ltr'><strong>qaod</strong></span> <span class='ocrx_word' id='word_1_177' title='bbox 541 2888 727 2939; x_wconf 77' lang='lat' dir='ltr'><strong>ordinationem</strong></span> <span class='ocrx_word' id='word_1_178' title='bbox 742 2902 813 2936; x_wconf 83' lang='lat' dir='ltr'><strong>cumn</strong></span> <span class='ocrx_word' id='word_1_179' title='bbox 829 2888 964 2938; x_wconf 78' lang='lat' dir='ltr'><strong>occasione</strong></span> <span class='ocrx_word' id='word_1_180' title='bbox 979 2888 1041 2938; x_wconf 85' lang='lat' dir='ltr'><strong>data</strong></span> <span class='ocrx_word' id='word_1_181' title='bbox 1057 2890 1139 2939; x_wconf 71' lang='lat' dir='ltr'><strong>misma</strong></span> <span class='ocrx_word' id='word_1_182' title='bbox 1150 2889 1242 2954; x_wconf 75' lang='lat' dir='ltr'><strong>legatie</strong></span> <span class='ocrx_word' id='word_1_183' title='bbox 1252 2890 1304 2954; x_wconf 66' lang='lat' dir='ltr'><strong>ipsi</strong></span> <span class='ocrx_word' id='word_1_184' title='bbox 1314 2894 1398 2941; x_wconf 81' lang='lat' dir='ltr'><strong>notata</strong></span> <span class='ocrx_word' id='word_1_185' title='bbox 1409 2905 1459 2941; x_wconf 80' lang='lat' dir='ltr'><strong>aon</strong></span> 
     </span>
     <span class='ocr_line' id='line_1_25' title="bbox 386 2972 1329 3038; baseline 0.002 -14"><span class='ocrx_word' id='word_1_186' title='bbox 386 2974 491 3037; x_wconf 74' lang='lat' dir='ltr'><strong>feeerit,</strong></span> <span class='ocrx_word' id='word_1_187' title='bbox 511 2981 537 3024; x_wconf 91' lang='lat' dir='ltr'><strong>et</strong></span> <span class='ocrx_word' id='word_1_188' title='bbox 554 2981 581 3024; x_wconf 86' lang='lat' dir='ltr'><strong>ut</strong></span> <span class='ocrx_word' id='word_1_189' title='bbox 598 2981 708 3024; x_wconf 82' lang='lat' dir='ltr'><strong>veterem</strong></span> <span class='ocrx_word' id='word_1_190' title='bbox 724 2972 790 3023; x_wconf 81' lang='lat' dir='ltr'><strong>tuac</strong></span> <span class='ocrx_word' id='word_1_191' title='bbox 806 2988 898 3024; x_wconf 90' lang='lat' dir='ltr'><strong>morem</strong></span> <span class='ocrx_word' id='word_1_192' title='bbox 915 2988 965 3023; x_wconf 84' lang='lat' dir='ltr'><strong>mon</strong></span> <span class='ocrx_word' id='word_1_193' title='bbox 982 2975 1185 3038; x_wconf 73' lang='lat' dir='ltr'><strong>praetermittat,</strong></span> <span class='ocrx_word' id='word_1_194' title='bbox 1202 2974 1329 3026; x_wconf 74' lang='lat' dir='ltr'><strong>bortatur.</strong></span> 
     </span>
    </p>
   </div>
   <div class='ocr_carea' id='block_1_6' title="bbox 225 3086 1497 3497">
    <p class='ocr_par' dir='ltr' id='par_1_7' title="bbox 352 3086 1492 3174">
     <span class='ocr_line' id='line_1_26' title="bbox 352 3086 1492 3174; baseline 0.001 -21"><span class='ocrx_word' id='word_1_195' title='bbox 352 3086 1279 3173; x_wconf 75' lang='lat' dir='ltr'><strong>HormisdaEpiphanioConstantinopolitano</strong></span> <span class='ocrx_word' id='word_1_196' title='bbox 1294 3089 1492 3174; x_wconf 89' lang='lat' dir='ltr'><strong>episcopo.</strong></span> 
     </span>
    </p>

    <p class='ocr_par' dir='ltr' id='par_1_8' title="bbox 225 3206 1497 3497">
     <span class='ocr_line' id='line_1_27' title="bbox 312 3206 1495 3295; baseline 0.002 -22"><span class='ocrx_word' id='word_1_197' title='bbox 312 3206 378 3273; x_wconf 91' lang='lat' dir='ltr'><strong>Diu</strong></span> <span class='ocrx_word' id='word_1_198' title='bbox 400 3229 459 3273; x_wconf 93' lang='lat' dir='ltr'><strong>nos</strong></span> <span class='ocrx_word' id='word_1_199' title='bbox 470 3209 494 3295; x_wconf 89' lang='lat'><strong>¹)</strong></span> <span class='ocrx_word' id='word_1_200' title='bbox 517 3208 669 3273; x_wconf 88' lang='lat' dir='ltr'><strong>nuntiata</strong></span> <span class='ocrx_word' id='word_1_201' title='bbox 696 3210 771 3272; x_wconf 88' lang='lat' dir='ltr'><strong>tuae</strong></span> <span class='ocrx_word' id='word_1_202' title='bbox 800 3207 976 3292; x_wconf 90' lang='lat' dir='ltr'><strong>primordia</strong></span> <span class='ocrx_word' id='word_1_203' title='bbox 1004 3206 1175 3293; x_wconf 90' lang='lat' dir='ltr'><strong>dignitatis</strong></span> <span class='ocrx_word' id='word_1_204' title='bbox 1202 3212 1335 3275; x_wconf 84' lang='lat' dir='ltr'><strong>tenuere</strong></span> <span class='ocrx_word' id='word_1_205' title='bbox 1363 3232 1495 3295; x_wconf 89' lang='lat' dir='ltr'><strong>suspen·</strong></span> 
     </span>
     <span class='ocr_line' id='line_1_28' title="bbox 225 3309 1497 3396; baseline 0.001 -20"><span class='ocrx_word' id='word_1_206' title='bbox 225 3331 297 3394; x_wconf 88' lang='lat' dir='ltr'><strong>sos,</strong></span> <span class='ocrx_word' id='word_1_207' title='bbox 335 3309 430 3375; x_wconf 90' lang='lat' dir='ltr'><strong>etin</strong></span> <span class='ocrx_word' id='word_1_208' title='bbox 464 3309 535 3396; x_wconf 91' lang='lat' dir='ltr'><strong>ipsa</strong></span> <span class='ocrx_word' id='word_1_209' title='bbox 562 3310 739 3376; x_wconf 86' lang='lat' dir='ltr'><strong>communis</strong></span> <span class='ocrx_word' id='word_1_210' title='bbox 768 3309 985 3395; x_wconf 87' lang='lat' dir='ltr'><strong>gratulatione</strong></span> <span class='ocrx_word' id='word_1_211' title='bbox 1013 3309 1156 3376; x_wconf 87' lang='lat' dir='ltr'><strong>laetitiae</strong></span> <span class='ocrx_word' id='word_1_212' title='bbox 1190 3310 1300 3376; x_wconf 90' lang='lat' dir='ltr'><strong>mirati</strong></span> <span class='ocrx_word' id='word_1_213' title='bbox 1328 3311 1497 3377; x_wconf 87' lang='lat' dir='ltr'><strong>admodum</strong></span> 
     </span>
     <span class='ocr_line' id='line_1_29' title="bbox 225 3411 1496 3497; baseline 0.001 -20"><span class='ocrx_word' id='word_1_214' title='bbox 225 3433 336 3478; x_wconf 88' lang='lat' dir='ltr'><strong>sumus</strong></span> <span class='ocrx_word' id='word_1_215' title='bbox 356 3433 478 3477; x_wconf 88' lang='lat' dir='ltr'><strong>morem</strong></span> <span class='ocrx_word' id='word_1_216' title='bbox 499 3411 673 3497; x_wconf 88' lang='lat' dir='ltr'><strong>pristinum</strong></span> <span class='ocrx_word' id='word_1_217' title='bbox 693 3411 793 3476; x_wconf 88' lang='lat' dir='ltr'><strong>fuisse</strong></span> <span class='ocrx_word' id='word_1_218' title='bbox 815 3412 1014 3497; x_wconf 69' lang='lat' dir='ltr'><strong>neglectum,</strong></span> <span class='ocrx_word' id='word_1_219' title='bbox 1036 3412 1112 3497; x_wconf 92' lang='lat' dir='ltr'><strong>quia</strong></span> <span class='ocrx_word' id='word_1_220' title='bbox 1126 3415 1276 3496; x_wconf 85' lang='lat' dir='ltr'><strong>reparata</strong></span> <span class='ocrx_word' id='word_1_221' title='bbox 1291 3415 1496 3480; x_wconf 88' lang='lat' dir='ltr'><strong>ecclesiarum</strong></span> 
     </span>
    </p>
   </div>
   <div class='ocr_carea' id='block_1_7' title="bbox 224 3513 1497 3704">
    <p class='ocr_par' dir='ltr' id='par_1_9' title="bbox 224 3513 1497 3704">
     <span class='ocr_line' id='line_1_30' title="bbox 224 3513 1496 3601; baseline -0.001 -21"><span class='ocrx_word' id='word_1_222' title='bbox 224 3514 296 3580; x_wconf 93' lang='lat' dir='ltr'><strong>Deo</strong></span> <span class='ocrx_word' id='word_1_223' title='bbox 317 3517 481 3581; x_wconf 84' lang='lat' dir='ltr'><strong>annuento</strong></span> <span class='ocrx_word' id='word_1_224' title='bbox 504 3514 690 3599; x_wconf 91' lang='lat' dir='ltr'><strong>concordia,</strong></span> <span class='ocrx_word' id='word_1_225' title='bbox 721 3513 851 3600; x_wconf 91' lang='lat' dir='ltr'><strong>plenum</strong></span> <span class='ocrx_word' id='word_1_226' title='bbox 877 3514 1041 3580; x_wconf 81' lang='lat' dir='ltr'><strong>fraternae</strong></span> <span class='ocrx_word' id='word_1_227' title='bbox 1063 3513 1154 3599; x_wconf 90' lang='lat' dir='ltr'><strong>pacis</strong></span> <span class='ocrx_word' id='word_1_228' title='bbox 1181 3514 1214 3579; x_wconf 92' lang='lat' dir='ltr'><strong>id</strong></span> <span class='ocrx_word' id='word_1_229' title='bbox 1235 3514 1407 3601; x_wconf 85' lang='lat' dir='ltr'><strong>flagitabat</strong></span> <span class='ocrx_word' id='word_1_230' title='bbox 1427 3514 1496 3580; x_wconf 87' lang='lat' dir='ltr'><strong>offi-</strong></span> 
     </span>
     <span class='ocr_line' id='line_1_31' title="bbox 227 3615 1497 3704; baseline 0 -21"><span class='ocrx_word' id='word_1_231' title='bbox 227 3616 323 3701; x_wconf 90' lang='lat' dir='ltr'><strong>cium,</strong></span> <span class='ocrx_word' id='word_1_232' title='bbox 347 3617 537 3703; x_wconf 88' lang='lat' dir='ltr'><strong>praesertim</strong></span> <span class='ocrx_word' id='word_1_233' title='bbox 558 3616 642 3703; x_wconf 89' lang='lat' dir='ltr'><strong>quod</strong></span> <span class='ocrx_word' id='word_1_234' title='bbox 663 3615 757 3703; x_wconf 83' lang='lat' dir='ltr'><strong>sibi²)</strong></span> <span class='ocrx_word' id='word_1_235' title='bbox 779 3637 847 3682; x_wconf 92' lang='lat' dir='ltr'><strong>non</strong></span> <span class='ocrx_word' id='word_1_236' title='bbox 869 3615 1055 3702; x_wconf 88' lang='lat' dir='ltr'><strong>arrogantia</strong></span> <span class='ocrx_word' id='word_1_237' title='bbox 1077 3615 1271 3702; x_wconf 87' lang='lat' dir='ltr'><strong>personalis,</strong></span> <span class='ocrx_word' id='word_1_238' title='bbox 1295 3618 1350 3683; x_wconf 90' lang='lat' dir='ltr'><strong>sed</strong></span> <span class='ocrx_word' id='word_1_239' title='bbox 1371 3617 1497 3704; x_wconf 87' lang='lat' dir='ltr'><strong>regula-</strong></span> 
     </span>
    </p>
   </div>
   <div class='ocr_carea' id='block_1_8' title="bbox 226 3785 1503 5048">
    <p class='ocr_par' dir='ltr' id='par_1_10' title="bbox 226 3785 1503 4967">
     <span class='ocr_line' id='line_1_32' title="bbox 294 3785 1498 3882; baseline 0.003 -42"><span class='ocrx_word' id='word_1_240' title='bbox 294 3785 521 3882; x_wconf 38' lang='lat' dir='ltr'><strong>¹)Sci1.·,lustini</strong></span> <span class='ocrx_word' id='word_1_241' title='bbox 543 3802 614 3857; x_wconf 85' lang='lat' dir='ltr'><strong>qnae</strong></span> <span class='ocrx_word' id='word_1_242' title='bbox 637 3803 723 3856; x_wconf 89' lang='lat' dir='ltr'><strong>supra</strong></span> <span class='ocrx_word' id='word_1_243' title='bbox 745 3785 825 3857; x_wconf 86' lang='lat' dir='ltr'><strong>epist.</strong></span> <span class='ocrx_word' id='word_1_244' title='bbox 847 3792 906 3854; x_wconf 82' lang='lat'>108;</span> <span class='ocrx_word' id='word_1_245' title='bbox 928 3785 1080 3842; x_wconf 81' lang='lat' dir='ltr'><strong>lastiniani</strong></span> <span class='ocrx_word' id='word_1_246' title='bbox 1104 3787 1198 3842; x_wconf 87' lang='lat' dir='ltr'><strong>autem</strong></span> <span class='ocrx_word' id='word_1_247' title='bbox 1216 3785 1334 3858; x_wconf 85' lang='lat' dir='ltr'><strong>epistola</strong></span> <span class='ocrx_word' id='word_1_248' title='bbox 1351 3787 1433 3843; x_wconf 88' lang='lat' dir='ltr'><strong>simul</strong></span> <span class='ocrx_word' id='word_1_249' title='bbox 1451 3804 1498 3844; x_wconf 91' lang='lat' dir='ltr'><strong>an·</strong></span> 
     </span>
     <span class='ocr_line' id='line_1_33' title="bbox 226 3870 1497 4029; baseline -0.001 -17"><span class='ocrx_word' id='word_1_250' title='bbox 226 3870 456 4026; x_wconf 41' lang='grc' dir='ltr'><strong>110181)ἀὲξῖωῶ</strong></span> <span class='ocrx_word' id='word_1_251' title='bbox 472 3964 653 4015; x_wconf 68' lang='grc'><strong>1111111111.-</strong></span> <span class='ocrx_word' id='word_1_252' title='bbox 675 3956 750 4029; x_wconf 86' lang='lat' dir='ltr'><strong>qnod</strong></span> <span class='ocrx_word' id='word_1_253' title='bbox 773 3956 809 4012; x_wconf 88' lang='lat' dir='ltr'><strong>da</strong></span> <span class='ocrx_word' id='word_1_254' title='bbox 826 3955 936 4026; x_wconf 83' lang='lat' dir='ltr'><strong>Scythis</strong></span> <span class='ocrx_word' id='word_1_255' title='bbox 952 3955 1095 4013; x_wconf 87' lang='lat' dir='ltr'><strong>monachis</strong></span> <span class='ocrx_word' id='word_1_256' title='bbox 1112 3955 1231 4025; x_wconf 70' lang='lat' dir='ltr'><strong>dictum</strong></span> <span class='ocrx_word' id='word_1_257' title='bbox 1256 3973 1375 4027; x_wconf 87' lang='lat' dir='ltr'><strong>qnorum</strong></span> <span class='ocrx_word' id='word_1_258' title='bbox 1390 3957 1420 4011; x_wconf 89' lang='lat' dir='ltr'><strong>in</strong></span> <span class='ocrx_word' id='word_1_259' title='bbox 1437 3973 1497 4013; x_wconf 80' lang='lat' dir='ltr'><strong>rer-</strong></span> 
     </span>
     <span class='ocr_line' id='line_1_34' title="bbox 228 4040 1499 4114; baseline -0.001 -15"><span class='ocrx_word' id='word_1_260' title='bbox 228 4044 330 4099; x_wconf 92' lang='lat' dir='ltr'><strong>borum</strong></span> <span class='ocrx_word' id='word_1_261' title='bbox 347 4041 471 4098; x_wconf 83' lang='lat' dir='ltr'><strong>novitate</strong></span> <span class='ocrx_word' id='word_1_262' title='bbox 492 4041 650 4114; x_wconf 87' lang='lat' dir='ltr'><strong>procaciam</strong></span> <span class='ocrx_word' id='word_1_263' title='bbox 670 4042 712 4098; x_wconf 88' lang='lat' dir='ltr'><strong>ita</strong></span> <span class='ocrx_word' id='word_1_264' title='bbox 729 4042 835 4112; x_wconf 86' lang='lat' dir='ltr'><strong>arguit,</strong></span> <span class='ocrx_word' id='word_1_265' title='bbox 856 4044 889 4097; x_wconf 91' lang='lat' dir='ltr'><strong>ut</strong></span> <span class='ocrx_word' id='word_1_266' title='bbox 909 4059 1045 4112; x_wconf 85' lang='lat' dir='ltr'><strong>nusquam</strong></span> <span class='ocrx_word' id='word_1_267' title='bbox 1067 4040 1107 4098; x_wconf 90' lang='lat' dir='ltr'><strong>cis</strong></span> <span class='ocrx_word' id='word_1_268' title='bbox 1127 4041 1287 4099; x_wconf 84' lang='lat' dir='ltr'><strong>haereticae</strong></span> <span class='ocrx_word' id='word_1_269' title='bbox 1308 4042 1381 4099; x_wconf 86' lang='lat' dir='ltr'><strong>labis</strong></span> <span class='ocrx_word' id='word_1_270' title='bbox 1401 4043 1499 4099; x_wconf 86' lang='lat' dir='ltr'><strong>notam</strong></span> 
     </span>
     <span class='ocr_line' id='line_1_35' title="bbox 227 4129 574 4284; baseline -0.003 -15"><span class='ocrx_word' id='word_1_271' title='bbox 227 4129 365 4282; x_wconf 54' lang='lat' dir='ltr'><strong>murita·</strong></span> <span class='ocrx_word' id='word_1_272' title='bbox 382 4229 440 4284; x_wconf 85' lang='lat' dir='ltr'><strong>seq.</strong></span> <span class='ocrx_word' id='word_1_273' title='bbox 458 4213 523 4269; x_wconf 88' lang='lat' dir='ltr'><strong>add.</strong></span> <span class='ocrx_word' id='word_1_274' title='bbox 542 4219 574 4269; x_wconf 77' lang='lat' dir='ltr'><strong>at.</strong></span> 
     </span>
     <span class='ocr_line' id='line_1_36' title="bbox 230 4297 1499 4369; baseline -0.001 -15"><span class='ocrx_word' id='word_1_275' title='bbox 230 4306 280 4355; x_wconf 80' lang='lat' dir='ltr'><strong>tta</strong></span> <span class='ocrx_word' id='word_1_276' title='bbox 316 4301 336 4369; x_wconf 92' lang='lat'><strong>¹)</strong></span> <span class='ocrx_word' id='word_1_277' title='bbox 354 4298 390 4354; x_wconf 82' lang='lat' dir='ltr'><strong>G¹</strong></span> <span class='ocrx_word' id='word_1_278' title='bbox 408 4317 455 4354; x_wconf 81' lang='lat' dir='ltr'><strong>noe</strong></span> <span class='ocrx_word' id='word_1_279' title='bbox 471 4304 598 4362; x_wconf 74' lang='lat' dir='ltr'><strong>murteta,</strong></span> <span class='ocrx_word' id='word_1_280' title='bbox 621 4298 680 4353; x_wconf 85' lang='lat' dir='ltr'><strong>scil.</strong></span> <span class='ocrx_word' id='word_1_281' title='bbox 699 4315 716 4354; x_wconf 90' lang='lat' dir='ltr'><strong>a</strong></span> <span class='ocrx_word' id='word_1_282' title='bbox 733 4298 865 4355; x_wconf 88' lang='lat' dir='ltr'><strong>Dioscoro</strong></span> <span class='ocrx_word' id='word_1_283' title='bbox 890 4297 1007 4355; x_wconf 90' lang='lat' dir='ltr'><strong>diacono</strong></span> <span class='ocrx_word' id='word_1_284' title='bbox 1033 4301 1087 4369; x_wconf 87' lang='lat' dir='ltr'><strong>(cp.</strong></span> <span class='ocrx_word' id='word_1_285' title='bbox 1107 4302 1174 4369; x_wconf 85' lang='lat'>111).</span> <span class='ocrx_word' id='word_1_286' title='bbox 1215 4299 1283 4355; x_wconf 93' lang='lat' dir='ltr'><strong>bcc</strong></span> <span class='ocrx_word' id='word_1_287' title='bbox 1305 4318 1352 4355; x_wconf 80' lang='lat' dir='ltr'><strong>aaa</strong></span> <span class='ocrx_word' id='word_1_288' title='bbox 1369 4318 1419 4354; x_wconf 79' lang='lat' dir='ltr'><strong>noa</strong></span> <span class='ocrx_word' id='word_1_289' title='bbox 1436 4319 1499 4353; x_wconf 81' lang='lat' dir='ltr'><strong>nun·</strong></span> 
     </span>
     <span class='ocr_line' id='line_1_37' title="bbox 227 4396 1499 4540; baseline 0 -18"><span class='ocrx_word' id='word_1_290' title='bbox 227 4396 321 4538; x_wconf 60' lang='lat' dir='ltr'><strong>mi)</strong></span> <span class='ocrx_word' id='word_1_291' title='bbox 338 4467 406 4525; x_wconf 87' lang='lat' dir='ltr'><strong>bac</strong></span> <span class='ocrx_word' id='word_1_292' title='bbox 426 4475 490 4525; x_wconf 81' lang='lat' dir='ltr'><strong>ittod</strong></span> <span class='ocrx_word' id='word_1_293' title='bbox 509 4474 570 4538; x_wconf 73' lang='lat' dir='ltr'><strong>cibi,</strong></span> <span class='ocrx_word' id='word_1_294' title='bbox 594 4469 629 4524; x_wconf 74' lang='lat' dir='ltr'><strong>Gt</strong></span> <span class='ocrx_word' id='word_1_295' title='bbox 651 4474 675 4524; x_wconf 82' lang='lat' dir='ltr'><strong>m·</strong></span> <span class='ocrx_word' id='word_1_296' title='bbox 696 4469 820 4538; x_wconf 86' lang='lat' dir='ltr'><strong>(abbrev.</strong></span> <span class='ocrx_word' id='word_1_297' title='bbox 844 4485 896 4540; x_wconf 90' lang='lat' dir='ltr'><strong>pro</strong></span> <span class='ocrx_word' id='word_1_298' title='bbox 918 4473 985 4540; x_wconf 78' lang='lat' dir='ltr'><strong>sibi).</strong></span> <span class='ocrx_word' id='word_1_299' title='bbox 1026 4467 1175 4526; x_wconf 85' lang='lat' dir='ltr'><strong>Scribebat</strong></span> <span class='ocrx_word' id='word_1_300' title='bbox 1197 4469 1263 4525; x_wconf 90' lang='lat' dir='ltr'><strong>olim</strong></span> <span class='ocrx_word' id='word_1_301' title='bbox 1286 4467 1441 4540; x_wconf 84' lang='lat' dir='ltr'><strong>Cyprianus</strong></span> <span class='ocrx_word' id='word_1_302' title='bbox 1463 4467 1499 4523; x_wconf 92' lang='lat' dir='ltr'><strong>ad</strong></span> 
     </span>
     <span class='ocr_line' id='line_1_38' title="bbox 228 4551 1501 4626; baseline -0.003 -16"><span class='ocrx_word' id='word_1_303' title='bbox 228 4551 389 4610; x_wconf 78' lang='lat' dir='ltr'><strong>Cornelium</strong></span> <span class='ocrx_word' id='word_1_304' title='bbox 407 4552 499 4623; x_wconf 83' lang='lat' dir='ltr'><strong>(Corn.</strong></span> <span class='ocrx_word' id='word_1_305' title='bbox 518 4555 597 4626; x_wconf 84' lang='lat' dir='ltr'><strong>epist.</strong></span> <span class='ocrx_word' id='word_1_306' title='bbox 611 4561 627 4609; x_wconf 78' lang='lat'>2</span> <span class='ocrx_word' id='word_1_307' title='bbox 644 4572 671 4609; x_wconf 90' lang='lat' dir='ltr'><strong>n.</strong></span> <span class='ocrx_word' id='word_1_308' title='bbox 685 4557 724 4624; x_wconf 87' lang='lat'><strong>3):</strong></span> <span class='ocrx_word' id='word_1_309' title='bbox 743 4557 817 4620; x_wconf 83' lang='lat' dir='ltr'><strong>Quod</strong></span> <span class='ocrx_word' id='word_1_310' title='bbox 833 4566 914 4610; x_wconf 83' lang='lat' dir='ltr'><strong>autem</strong></span> <span class='ocrx_word' id='word_1_311' title='bbox 931 4561 1030 4625; x_wconf 80' lang='lat' dir='ltr'><strong>scripta</strong></span> <span class='ocrx_word' id='word_1_312' title='bbox 1048 4561 1199 4624; x_wconf 77' lang='lat' dir='ltr'><strong>collegarum</strong></span> <span class='ocrx_word' id='word_1_313' title='bbox 1217 4565 1372 4616; x_wconf 81' lang='lat' dir='ltr'><strong>nostrorum,</strong></span> <span class='ocrx_word' id='word_1_314' title='bbox 1390 4559 1434 4624; x_wconf 80' lang='lat' dir='ltr'><strong>qai</strong></span> <span class='ocrx_word' id='word_1_315' title='bbox 1449 4557 1501 4607; x_wconf 79' lang='lat' dir='ltr'><strong>iilic</strong></span> 
     </span>
     <span class='ocr_line' id='line_1_39' title="bbox 228 4642 1503 4710; baseline -0.004 -14"><span class='ocrx_word' id='word_1_316' title='bbox 228 4645 391 4696; x_wconf 78' lang='lat' dir='ltr'><strong>ordinationi</strong></span> <span class='ocrx_word' id='word_1_317' title='bbox 410 4650 470 4697; x_wconf 80' lang='lat' dir='ltr'><strong>tuae</strong></span> <span class='ocrx_word' id='word_1_318' title='bbox 492 4645 643 4710; x_wconf 75' lang='lat' dir='ltr'><strong>adsuerant,</strong></span> <span class='ocrx_word' id='word_1_319' title='bbox 667 4644 880 4707; x_wconf 73' lang='lat' dir='ltr'><strong>desideravimus,</strong></span> <span class='ocrx_word' id='word_1_320' title='bbox 905 4661 954 4696; x_wconf 83' lang='lat' dir='ltr'><strong>uon</strong></span> <span class='ocrx_word' id='word_1_321' title='bbox 976 4652 1075 4696; x_wconf 75' lang='lat' dir='ltr'><strong>veteres</strong></span> <span class='ocrx_word' id='word_1_322' title='bbox 1092 4660 1175 4695; x_wconf 76' lang='lat' dir='ltr'><strong>morea</strong></span> <span class='ocrx_word' id='word_1_323' title='bbox 1194 4644 1276 4703; x_wconf 79' lang='lat' dir='ltr'><strong>obliti,</strong></span> <span class='ocrx_word' id='word_1_324' title='bbox 1301 4659 1387 4695; x_wconf 81' lang='lat' dir='ltr'><strong>nouum</strong></span> <span class='ocrx_word' id='word_1_325' title='bbox 1405 4642 1503 4709; x_wconf 78' lang='lat' dir='ltr'><strong>aliquid</strong></span> 
     </span>
     <span class='ocr_line' id='line_1_40' title="bbox 228 4729 1502 4798; baseline -0.002 -18"><span class='ocrx_word' id='word_1_326' title='bbox 228 4729 422 4798; x_wconf 65' lang='lat' dir='ltr'><strong>gemebam.</strong></span> <span class='ocrx_word' id='word_1_327' title='bbox 459 4730 605 4782; x_wconf 73' lang='lat' dir='ltr'><strong>Narrantis</strong></span> <span class='ocrx_word' id='word_1_328' title='bbox 622 4736 692 4790; x_wconf 87' lang='lat' dir='ltr'><strong>erat,</strong></span> <span class='ocrx_word' id='word_1_329' title='bbox 712 4736 740 4780; x_wconf 85' lang='lat' dir='ltr'><strong>ut</strong></span> <span class='ocrx_word' id='word_1_330' title='bbox 757 4738 783 4781; x_wconf 88' lang='lat' dir='ltr'><strong>tu</strong></span> <span class='ocrx_word' id='word_1_331' title='bbox 801 4738 826 4781; x_wconf 86' lang='lat' dir='ltr'><strong>te</strong></span> <span class='ocrx_word' id='word_1_332' title='bbox 844 4733 988 4796; x_wconf 78' lang='lat' dir='ltr'><strong>episcopum</strong></span> <span class='ocrx_word' id='word_1_333' title='bbox 1003 4731 1083 4794; x_wconf 71' lang='lat' dir='ltr'><strong>factio</strong></span> <span class='ocrx_word' id='word_1_334' title='bbox 1099 4731 1192 4781; x_wconf 80' lang='lat' dir='ltr'><strong>litteris</strong></span> <span class='ocrx_word' id='word_1_335' title='bbox 1206 4731 1350 4789; x_wconf 61' lang='lat' dir='ltr'><strong>mundares,</strong></span> <span class='ocrx_word' id='word_1_336' title='bbox 1368 4729 1420 4779; x_wconf 78' lang='lat' dir='ltr'><strong>aiei</strong></span> <span class='ocrx_word' id='word_1_337' title='bbox 1434 4733 1502 4778; x_wconf 75' lang='lat' dir='ltr'><strong>earet</strong></span> 
     </span>
     <span class='ocr_line' id='line_1_41' title="bbox 229 4808 1503 4882; baseline -0.003 -15"><span class='ocrx_word' id='word_1_338' title='bbox 229 4832 268 4867; x_wconf 80' lang='lat' dir='ltr'><strong>ea</strong></span> <span class='ocrx_word' id='word_1_339' title='bbox 286 4816 388 4867; x_wconf 79' lang='lat' dir='ltr'><strong>dioerm</strong></span> <span class='ocrx_word' id='word_1_340' title='bbox 406 4816 557 4880; x_wconf 74' lang='lat' dir='ltr'><strong>discrepatur</strong></span> <span class='ocrx_word' id='word_1_341' title='bbox 572 4816 667 4881; x_wconf 72' lang='lat' dir='ltr'><strong>factio,</strong></span> <span class='ocrx_word' id='word_1_342' title='bbox 686 4832 750 4882; x_wconf 86' lang='lat' dir='ltr'><strong>quae</strong></span> <span class='ocrx_word' id='word_1_343' title='bbox 810 4817 973 4882; x_wconf 84' lang='lat' dir='ltr'><strong>plurimorum</strong></span> <span class='ocrx_word' id='word_1_344' title='bbox 989 4821 1086 4867; x_wconf 80' lang='lat' dir='ltr'><strong>menter</strong></span> <span class='ocrx_word' id='word_1_345' title='bbox 1096 4815 1221 4866; x_wconf 78' lang='lat' dir='ltr'><strong>turbaret.</strong></span> <span class='ocrx_word' id='word_1_346' title='bbox 1257 4808 1312 4865; x_wconf 85' lang='lat' dir='ltr'><strong>Sed</strong></span> <span class='ocrx_word' id='word_1_347' title='bbox 1324 4824 1410 4865; x_wconf 84' lang='lat' dir='ltr'><strong>novas</strong></span> <span class='ocrx_word' id='word_1_348' title='bbox 1423 4825 1503 4877; x_wconf 87' lang='lat' dir='ltr'><strong>quaa·</strong></span> 
     </span>
     <span class='ocr_line' id='line_1_42' title="bbox 229 4894 1503 4967; baseline -0.001 -17"><span class='ocrx_word' id='word_1_349' title='bbox 229 4897 300 4952; x_wconf 90' lang='lat' dir='ltr'><strong>dam</strong></span> <span class='ocrx_word' id='word_1_350' title='bbox 317 4895 395 4965; x_wconf 85' lang='lat' dir='ltr'><strong>leges</strong></span> <span class='ocrx_word' id='word_1_351' title='bbox 411 4896 526 4966; x_wconf 78' lang='lat' dir='ltr'><strong>maioris</strong></span> <span class='ocrx_word' id='word_1_352' title='bbox 545 4895 680 4953; x_wconf 87' lang='lat' dir='ltr'><strong>cautionis</strong></span> <span class='ocrx_word' id='word_1_353' title='bbox 699 4911 766 4965; x_wconf 88' lang='lat' dir='ltr'><strong>ergo</strong></span> <span class='ocrx_word' id='word_1_354' title='bbox 783 4896 895 4967; x_wconf 80' lang='lat' dir='ltr'><strong>tempus</strong></span> <span class='ocrx_word' id='word_1_355' title='bbox 912 4895 1032 4961; x_wconf 87' lang='lat' dir='ltr'><strong>induxit,</strong></span> <span class='ocrx_word' id='word_1_356' title='bbox 1051 4897 1081 4952; x_wconf 88' lang='lat' dir='ltr'><strong>et</strong></span> <span class='ocrx_word' id='word_1_357' title='bbox 1099 4913 1117 4952; x_wconf 90' lang='lat' dir='ltr'><strong>a</strong></span> <span class='ocrx_word' id='word_1_358' title='bbox 1134 4895 1249 4951; x_wconf 85' lang='lat' dir='ltr'><strong>diversis</strong></span> <span class='ocrx_word' id='word_1_359' title='bbox 1266 4895 1378 4951; x_wconf 86' lang='lat' dir='ltr'><strong>sedibus</strong></span> <span class='ocrx_word' id='word_1_360' title='bbox 1394 4894 1503 4950; x_wconf 77' lang='lat' dir='ltr'><strong>diversa</strong></span> 
     </span>
    </p>

    <p class='ocr_par' dir='ltr' id='par_1_11' title="bbox 267 4986 1298 5048">
     <span class='ocr_line' id='line_1_43' title="bbox 267 4986 1298 5048; baseline -0.001 -11"><span class='ocrx_word' id='word_1_361' title='bbox 267 4997 424 5037; x_wconf 76' lang='lat' dir='ltr'><strong>arrsroaaa</strong></span> <span class='ocrx_word' id='word_1_362' title='bbox 441 5000 545 5038; x_wconf 72' lang='lat' dir='ltr'><strong>aaran.</strong></span> <span class='ocrx_word' id='word_1_363' title='bbox 560 5001 673 5042; x_wconf 72' lang='lat' dir='ltr'><strong>rorare.</strong></span> <span class='ocrx_word' id='word_1_364' title='bbox 692 4986 714 5037; x_wconf 93' lang='lat'><strong>1.</strong></span> <span class='ocrx_word' id='word_1_365' title='bbox 1258 4989 1298 5048; x_wconf 79' lang='lat'><strong>58</strong></span> 
     </span>
    </p>
   </div>
   <div class='ocr_carea' id='block_1_9' title="bbox 0 0 1736 5664">
    <p class='ocr_par' dir='ltr' id='par_1_12' title="bbox 0 0 1736 5664">
     <span class='ocr_line' id='line_1_44' title="bbox 0 0 1736 5664; baseline 0 0"><span class='ocrx_word' id='word_1_366' title='bbox 0 0 1736 5664; x_wconf 95' lang='lat' dir='ltr'><strong> </strong></span> 
     </span>
    </p>
   </div>
  </div>
 </body>
</html>
