3450 5678
263 286 510 346 Eluseotrt
532 285 583 344 21.
627 295 773 345 NOTITIA
796 296 906 346 estse.
930 297 1002 346 NON
1023 298 1193 348 exstante.
1216 301 1249 347 N.
1264 300 1375 351 l-lV.
1433 292 1497 355 215

138 472 193 545 [νει
211 453 316 544 (11ξί
324 473 406 533 ppo
422 457 518 527 studio
540 457 601 520 iuit,
625 464 654 513 ut
676 456 744 513 illud
765 466 822 514 tum
842 459 871 514 in·
885 459 1073 532 antenopclicis
1089 459 1206 517 Basilisci
1221 460 1328 525 litteris,
1349 464 1495 538 utrasliva·

147 546 223 626 prius·
235 527 385 600 labro
400 543 420 603 3
440 560 501 617 cap.
520 543 537 601 7
556 543 685 603 ltistarlae
701 560 765 620 suae
779 544 905 608 inseruit,
928 551 983 600 turn
999 546 1114 602 inanime
1127 546 1154 603 in
1170 549 1365 605 constitutione
1381 550 1495 608 Zenonis

156 653 180 691 a,
194 613 287 699 iffi¹
303 621 395 687 ‚lata
405 626 440 703 (Ι.
459 629 499 687 16
515 630 543 687 c.
560 630 596 687 dc
611 628 811 687 sacrosanctis
826 631 957 687 ecclesiis
971 629 990 694 l,
1009 627 1038 703 2)
1054 630 1162 686 disertis
1178 631 1266 689 verbis
1278 631 1493 693 confirmaretur.

160 712 270 796 peut?
292 704 372 768 his
393 722 539 777 contentus
561 715 641 783 etiam
657 712 817 773 Antiocheni
840 714 960 791 episcopi
980 722 1087 789 praeter
1107 714 1252 773 Nicaenum
1273 735 1402 775 canonem
1424 720 1495 777 ordi-

170 783 244 859 natii
275 798 490 875 Qccasianem
509 796 585 857 aride
605 798 727 874 arripuit.
760 796 815 867 Quo
837 806 927 856 autem
947 799 981 855 de
996 817 1074 856 orosa
1089 800 1116 858 ld
1131 799 1182 857 sibi
1198 812 1360 877 arrogasset,
1381 805 1495 880 impora-

175 889 231 938 tort
248 874 442 966 {dnitente
463 902 520 942 nau
541 885 632 943 omisit
652 883 760 963 quidem
782 884 920 959 Simplicio
946 901 1026 960 quam
1047 886 1163 961 primum
1186 904 1331 963 exponere,
1357 907 1387 945 ac
1408 908 1496 965 neque

178 966 322 1045 sepult·
351 968 374 1025 is
399 987 467 1047 papa
500 968 559 1042 eius
585 960 796 1046 satisfactionem
828 966 873 1044 (cl.
896 967 990 1045 Simpl.
1020 973 1100 1044 epist.
1119 971 1158 1029 15
1174 980 1202 1028 et
1219 971 1278 1045 16).
1331 973 1383 1030 Sed
1411 993 1493 1049 quum

181 1038 349 1109 eamdent
363 1054 533 1130 experiretur
549 1054 693 1133 vigilanter
708 1063 735 1113 ct
751 1054 867 1119 assidue,
884 1056 1003 1128 quamvis
1019 1073 1048 1113 en
1063 1055 1248 1117 moderatione
1260 1066 1341 1133 atquo
1352 1061 1496 1134 prudentia

181 1127 350 1213 quassas
363 1148 428 1204 unt,
450 1140 588 1199 ambitioni
610 1156 676 1197 suae
699 1138 890 1202 obluctantem,
912 1139 1021 1196 modurn
1043 1140 1157 1215 amplius
1177 1146 1271 1200 tenere
1286 1161 1341 1200 non
1357 1144 1448 1208 valuit,
1466 1155 1494 1202 et

180 1213 345 1359 woltra
366 1227 455 1303 coepit
481 1226 617 1310 salman,
644 1224 716 1303 quod
743 1212 916 1299 postmodum
938 1223 1026 1295 Felice
1046 1226 1174 1302 Simplicii
1194 1244 1353 1285 successore
1374 1231 1493 1305 apertius

180 1317 243 1383 nupt
278 1349 300 1362 .

834 1452 876 1521 ΙΙ.

180 1562 316 1633 an5
342 1586 367 1628 e.
381 1583 470 1627 mens.
488 1567 558 1625 Nae.
589 1567 741 1638 Florentii,
760 1567 869 1640 Equitii
882 1583 919 1622 ac
932 1565 1033 1624 Severi
1046 1571 1248 1640 episcoporum
1263 1571 1303 1626 ad
1317 1568 1492 1643 Simplicium

343 1708 346 1713 ,
372 1654 538 1739 relatione
564 1653 732 1729 quibusdam
752 1653 1042 1727 praesumptionibus
1063 1654 1217 1715 Gaudentii
1235 1655 1411 1729 Aufiniensis
1431 1661 1491 1731 cpi-

372 1743 463 1813 scopi.
867 1753 870 1759 ·

191 1898 203 1919 ‚³
225 1894 237 1921 χ
266 1840 550 1926 Anna-475⁶3ante
571 1856 690 1907 mensem
710 1839 883 1898 Decembrem
910 1840 1015 1917 occepit
1035 1840 1187 1916 Simplicius
1207 1842 1367 1899 relationem
1387 1842 1437 1899 sibi
1459 1844 1491 1900 ab

193 1922 512 2009 episcopisl'lurentlo,
529 1922 636 2001 Equitio
652 1942 683 1983 ac
694 1924 795 1985 Severo
810 1926 917 1983 missam
935 1940 986 1983 una
1002 1943 1062 1982 cum
1078 1927 1163 2001 gestis
1178 1925 1352 2002 synodalibus
1364 1926 1491 1985 adversus

196 2008 398 2089 Gaudentium
417 2006 601 2069 Aussnlen'setu
622 2012 779 2086 episcopum
804 2011 945 2068 coniectis.
984 2009 1069 2067 Porro
1091 2012 1113 2066 is
1136 2010 1278 2068 decusatos
1299 2011 1395 2076 iuerat,
1418 2013 1491 2087 quod

199 2092 453 2171 alienationem
468 2096 663 2160 ordinationes,
684 2104 710 2153 et
727 2114 740 2155 a
757 2094 883 2161 triennio,
901 2114 955 2171 qno
972 2095 1094 2161 videlicet
1109 2112 1170 2152 eum
1185 2096 1313 2153 ecclesiae
1329 2096 1491 2155 Aubnicnsis

204 2178 343 2259 Quen
362 2184 517 2259 suscepisse
537 2181 693 2254 conjectura
714 2191 765 2245 est,
788 2191 884 2256 quarta
899 2181 1032 2239 redituum
1054 2178 1134 2255 hujus
1151 2179 1280 2239 ecclesiae
1295 2185 1421 2258 portione
1436 2189 1490 2241 nou

207 2274 373 2351 enuntiem,
389 2264 469 2347 etism
485 2277 542 2346 tres
557 2266 623 2331 alias,
636 2269 663 2325 in
674 2284 759 2335 ‚usum
774 2285 853 2325 suum
868 2266 1082 2341 consumpsisset
1104 2264 1150 2340 (ci.
1167 2266 1261 2343 Simpl.
1277 2284 1321 2343 ep.
1340 2266 1378 2342 1).

825 2464 884 2529 [H.
922 2524 923 2527 ,
991 2522 993 2527 .

217 2590 240 2629 a.
250 2570 327 2633 475
343 2577 372 2636 d·
386 2576 425 2636 te
441 2574 512 2635 ttoi.
538 2560 694 2667 'simplicii
712 2576 752 2632 aot
766 2575 903 2632 Seuerum
918 2576 1130 2633 ordinationum
1144 2579 1174 2632 in
1190 2578 1316 2634 ecelesia
1331 2576 1492 2650 Aufinicnsi

289 2680 293 2687 ·
346 2664 521 2744 'dclcpbtia
610 2678 613 2683 ·

221 2838 226 2843 .
258 2830 263 2843 μ
291 2758 595 2841 lete-tumnensium.
607 2758 705 2819 ‘alib
715 2761 866 2836 Simplicius
882 2769 990 2837 practer
1000 2778 1170 2819 eontmunem
1183 2763 1322 2838 epistolam
1335 2764 1366 2818 nd
1379 2763 1490 2820 l‘loren·

225 2840 288 2921 [¹th
300 2838 445 2927 §lanitium
456 2856 485 2906 et
495 2844 632 2927 Severum,
644 2862 712 2925 qliae
720 2855 853 2925 asservata
865 2856 916 2911 est,
929 2848 1008 2903 ctiam
1015 2847 1176 2921 peculiarem
1182 2850 1282 2904 Severo
1289 2849 1406 2922 scripsit,
1421 2864 1489 2923 quae

224 2924 397 3017 Μθῇὶίίῐζ
421 2932 465 3013 eo
487 2932 577 2993 autem
596 2924 735 3009 spectabat
754 2932 798 2989 illa
818 2933 941 3007 epistola,
964 2940 994 2988 ut
1015 2931 1130 2988 Severus
1153 2933 1351 2989 ordinationum
1373 2934 1400 2989 in
1416 2932 1489 2987 buti·

229 3012 437 3091 ffleetlesia
455 3024 623 3097 potestatem
644 3012 695 3074 sibl
714 3016 863 3093 delegatam
884 3019 974 3081 sciret,
998 3032 1067 3092 quae
1088 3014 1237 3073 Gaudentio
1258 3018 1388 3091 episcopo
1403 3016 1489 3074 ablata

231 3094 586 3195 etet'(ct.'8impl.,epist.1
608 3121 635 3161 n.
653 3100 691 3176 1).

823 3280 880 3349 IV.

240 3384 322 3447 atta
339 3401 405 3455 enit
430 3370 672 3470 Presbyterum
685 3395 980 3452 archimandritarum
991 3410 1027 3449 ae
1043 3393 1248 3453 monachorum
1262 3394 1303 3453 ad
1314 3394 1488 3468 Simplicium

371 3485 501 3547 demeum
519 3481 656 3539 Timothei
668 3482 771 3539 Acturo·
786 3483 925 3538 videntis
940 3482 1053 3537 relatio.

309 3578 380 3639 tina
402 3585 475 3641 mern
503 3591 610 3658 ternpus
640 3582 805 3657 presbyteri,
837 3580 1058 3637 archimandritae
1090 3598 1120 3638 ac
1146 3582 1268 3638 rncnocbi
1299 3597 1339 3639 erc
1367 3584 1489 3639 dirersis

248 3670 401 3726 sennenn
412 3669 497 3726 unlus
517 3671 608 3743 regiae
624 3667 837 3742 ad'Simplieium
854 3666 1012 3722 relationem
1027 3669 1169 3729 miserunt,
1185 3666 1421 3741 praenuntiabant,
1444 3669 1487 3724 'li-

251 3744 363 3810 ΝΜ
375 3756 501 3813 delusum
520 3753 609 3826 ejecto
624 3754 767 3810 'timotheo
788 3754 959 3810 catholicam
977 3754 1206 3827 Alexandrinam
1225 3755 1380 3809 ecetesiam
1401 3771 1486 3811 eccu-

252 3844 327 3905 Wr
344 3843 459 3917 indeque
480 3840 754 3912 Gonnantinapatim
775 3839 948 3897 contendere
968 3854 1078 3908 ausum,
1099 3837 1190 3893 turbas
1211 3837 1247 3894 ibi
1267 3841 1415 3895 nanntdlis
1435 3841 1489 3896 sibi

252 3913 385 3991 fmilia
397 3927 548 3984 concitasse
561 3922 609 3998 (cl.
625 3924 719 3999 simpl.
737 3924 812 3999 epse
829 3942 856 3979 n.
872 3923 900 3984 1.
916 3939 959 3995 ep.
974 3922 992 3979 3
1008 3940 1035 3978 u.
1053 3922 1072 3977 2
1088 3930 1116 3978 et
1131 3920 1169 3995 3),
1186 3924 1397 3997 nominatimque
1410 3923 1486 3979 illurn

256 4002 335 4075 ‘illle
346 4013 506 4084 processisse
521 4010 554 4069 sd
569 4011 718 4073 eminatam,
742 4008 820 4065 turba
834 4010 963 4082 stipatum
979 4007 1114 4071 seditiosa,
1138 4025 1206 4082 quae
1221 4007 1255 4064 de
1269 4009 1330 4082 ipse
1345 4011 1487 4065 conrelnere

257 4102 301 4143 Μ
311 4090 410 4155 tinuerit
428 4098 598 4155 banemctnr
612 4100 662 4169 pai
677 4100 751 4153 verrit
766 4100 796 4151 in
811 4097 922 4151 nonnae
936 4094 1051 4150 Domini
1070 4091 1176 4167 (Simpl.
1191 4109 1234 4168 ep.
1252 4094 1270 4151 3
1287 4111 1314 4149 n.
1332 4095 1360 4156 3,
1382 4095 1485 4150 Theoti.

257 4172 306 4229 itti·
318 4173 342 4234 ll.
354 4180 380 4239 E.
392 4183 402 4239 l
415 4200 446 4258 p.
459 4180 544 4254 aaut
567 4182 608 4238 bis
622 4180 765 4243 addebant,
787 4197 847 4237 sese
862 4177 970 4253 quidem
986 4176 1133 4242 obstitisse,
1148 4195 1183 4235 ue
1197 4180 1226 4234 in
1242 4179 1382 4235 ecclesiam
1396 4181 1487 4253 ingre-

256 4256 397 4341 denotet:
407 4267 503 4343 Siarpl.
518 4266 588 4342 ep.4
604 4267 667 4331 nil,
682 4267 762 4341 epist.
771 4264 810 4338 5),
832 4264 882 4321 sed
897 4280 958 4320 eum
973 4265 1013 4319 sic
1026 4263 1165 4338 repulsum
1181 4264 1354 4320 nibilominus
1370 4282 1419 4339 per
1433 4265 1487 4337 pri·

255 4352 486 4425 asportatam
501 4353 597 4410 domas
613 4351 741 4411 sacrificia
755 4350 905 4409 celebrasse
920 4347 965 4422 (cl.
982 4348 1075 4423 Simpl.
1090 4349 1162 4424 ep.3
1177 4367 1205 4405 n.
1213 4348 1253 4420 3).
1284 4349 1338 4406 Nec
1355 4347 1485 4410 tacebant,

138 4444 142 4499 l
251 4429 292 4487 ἃ
308 4433 330 4491 'n
344 4445 415 4496 tento
436 4439 590 4496 ttiatmtoe
608 4445 766 4513 suspectum
785 4452 847 4492 esso
868 4435 956 4492 doadi
976 4434 1122 4491 utentium.
1154 4434 1208 4509 ipsi
1223 4450 1287 4498 vera
1304 4434 1367 4507 quid
1382 4432 1509 4489 consilii·

249 4518 292 4579 lec
303 4534 378 4581 mum
390 4533 468 4582 statu
480 4530 617 4600 caperent,
638 4523 805 4597 Simplicium
820 4529 958 4596 rogantes,
978 4522 1080 4576 interca
1100 4521 1172 4576 viras
1187 4518 1219 4575 ab
1234 4536 1268 4575 ea
1284 4519 1363 4593 dirigi
1379 4525 1487 4592 expeto·

138 4624 142 4657 .·
245 4604 305 4667 not
318 4624 425 4682 quarum
440 4609 573 4667 industria
587 4610 742 4666 necessitati
757 4607 889 4666 Ecclesiae
906 4606 1096 4663 consuleretur
1110 4605 1215 4679 (simpl.
1232 4603 1303 4678 epe
1325 4621 1351 4658 n.
1368 4601 1386 4658 2
1402 4612 1430 4657 et
1444 4601 1485 4674 4).

240 4692 282 4751 bit
294 4695 432 4753 medieas
446 4695 600 4771 Simplicius
613 4695 659 4752 ‹lie
673 4696 711 4751 11
720 4694 781 4750 lan.
796 4710 820 4749 a.
836 4692 907 4755 476.
924 4693 1043 4767 ipsorum
1058 4691 1162 4748 litteras
1176 4691 1272 4753 serius,
1294 4705 1373 4763 quam
1389 4688 1487 4744 voluis-

233 4787 299 4841 aeut,
316 4780 365 4839 sibl
382 4782 502 4839 redditas
522 4797 584 4837 esse
603 4778 773 4856 significavit,
802 4777 878 4835 Unde
892 4778 1039 4853 colligitur,
1057 4794 1101 4832 eas
1117 4794 1172 4833 non
1188 4777 1276 4831 ruinus
1292 4773 1397 4830 ‹luobus
1412 4790 1487 4830 men·

230 4868 304 4927 ebus
314 4875 374 4924 nte
387 4867 493 4926 affl
507 4868 609 4924 exitum
624 4867 708 4923 tuisse
723 4865 900 4939 conscriptas.
