3412 5664
623 365 795 416 nrisroua
818 355 869 415 27.
1316 351 1381 417 429

167 525 224 605 tur,
242 517 371 606 egistis?
407 521 461 584 An
484 519 522 583 de
544 541 608 583 uno
630 519 717 583 dolet
739 520 869 603 Acacio,
898 519 981 604 quod
1003 518 1134 603 speciali
1165 522 1286 604 synodo
1312 542 1378 584 non
1392 531 1509 600 (a.4ao.)

167 624 223 689 erit
240 621 427 705 confutatis,
451 644 547 707 quum
568 622 732 706 proprium
755 623 875 688 crimen
898 622 962 687 suis
984 620 1100 686 litteris
1121 622 1190 705 ipsc
1213 621 1379 705 detexerit,

167 746 193 790 cc
209 724 296 790 audiri
318 724 465 788 debuerit
482 724 552 808 jam
580 729 694 808 sponte
718 724 896 808 confessus3
924 716 962 788 et
985 722 1024 787 de
1052 723 1153 788 tantis
1175 724 1380 808 pontificibus

167 825 279 892 stholicis
305 848 371 891 non
399 824 486 891 dolet
513 827 582 891 sine
604 826 670 891 ulla
692 827 888 891 discussione
910 825 1064 890 seclusis?
1108 826 1169 902 Qui
1197 828 1323 912 utique,
1353 828 1380 892 si

167 927 287 994 stholicos
307 931 442 993 nossent
463 949 527 1012 ecs,
551 951 684 1014 quorum
707 928 962 994 communionem
983 928 1176 1011 vitaverant,
1200 928 1251 993 his
1273 930 1379 1013 potius

167 1030 347 1096 mmnnicare
368 1030 570 1114 maluissent,
599 1054 696 1116 quam
722 1053 789 1096 non
812 1031 1084 1096 communicantes
1107 1031 1152 1095 eis
1175 1030 1254 1095 dura
1275 1053 1379 1115 perse-

167 1132 245 1198 uticne
262 1132 387 1216 depelli.
1035 1140 1041 1147 ‘

211 1237 234 1302 l.
271 1234 355 1300 Ecce
382 1236 467 1301 tanti
496 1236 645 1301 catholici
673 1237 854 1301 sacerdotes
886 1235 948 1300 hoc
973 1235 1044 1320 ipso
1070 1256 1104 1299 se
1125 1234 1280 1319 indicant,
1304 1236 1380 1321 quid
1450 1267 1454 1273 ·

167 1338 288 1422 publica
315 1338 406 1402 sedes
435 1339 611 1423 censuerit,
642 1337 828 1424 cognovisse
857 1340 1104 1422 constanterque
1125 1337 1276 1423 probasse
1304 1339 1379 1402 reti·

167 1439 264 1522 uidua,
292 1440 402 1526 qu0⁴⁷)
430 1442 686 1506 communionem
716 1438 907 1505 catholicam
936 1442 1148 1526 reservantes,
1172 1444 1205 1504 et
1231 1462 1294 1524 eos,
1325 1441 1378 1526 qui

167 1542 305 1625 padolicae
327 1542 394 1607 sedi
418 1544 701 1626 communicarent,
731 1543 856 1628 elegere
885 1544 1058 1624 consortes,
1089 1544 1122 1605 et
1147 1541 1235 1625 illos,
1265 1541 1379 1626 quibus

167 1642 215 1709 ndu
234 1644 405 1729 apostolica
433 1645 613 1732 minime⁴⁸)
646 1645 912 1727 communicaret,
948 1665 1046 1728 usque
1075 1643 1116 1707 ad
1148 1645 1378 1728 persecutionis

167 1763 260 1811 norma
279 1767 412 1811 renuere
434 1751 607 1812 consortes.
652 1747 746 1814 Certe
768 1768 849 1832 quae
871 1746 961 1811 sedes
984 1746 1160 1830 apostolica
1182 1746 1376 1830 decreverat,
1441 1774 1443 1784 ¹

167 1843 331 1913 lfimtalibus
353 1849 511 1934 episcopis
532 1872 599 1914 non
622 1850 800 1915 innotuisse
818 1850 971 1933 jactatur.
1002 1847 1096 1913 Unde
1118 1870 1195 1934 ergo
1210 1853 1259 1914 tot
1280 1851 1378 1914 tanti-

167 1968 196 2033 pc
207 1950 361 2034 pontifices
382 1973 482 2015 unum
503 1951 649 2036 idemque
672 1974 745 2017 cum
767 1951 841 2017 sede
856 1951 1031 2037 apostolica
1047 1951 1223 2016 sentientes
1246 1973 1378 2036 eamque

167 2050 285 2119 mlmtes
311 2057 390 2139 apta
418 2053 567 2138 religioni
596 2058 819 2119 sacrosanctae
847 2075 986 2138 veraque
1013 2054 1173 2138 sanxisse,
1202 2075 1283 2138 quae
1312 2076 1378 2118 non

167 2149 222 2221 ὴ
237 2156 396 2242 sequenda
417 2156 478 2221 sibi
502 2157 765 2244 judicaverintfi)
793 2157 849 2221 sed
877 2157 974 2222 etiam
1001 2176 1101 2241 usquc
1123 2156 1164 2220 ad
1185 2157 1377 2240 persecutio·

167 2257 342 2323 uviriliter
363 2257 560 2323 exserenda?
587 2259 671 2324 Ecce
693 2259 860 2341 habuistis,
885 2260 939 2343 qui
962 2259 1155 2343 apostolicae
1179 2259 1377 2343 constitutio-

167 2352 224 2424 bsl
239 2360 387 2426 notitiam
409 2360 498 2425 vobis
520 2361 715 2448 ingererent,
739 2365 773 2425 et
794 2361 952 2426 retinendi
976 2361 1193 2426 constantiam
1214 2361 1377 2426 ministra-

167 2460 208 2524 al
238 2460 271 2527 si
291 2464 467 2548 apostolica
490 2464 579 2528 sedes
600 2465 750 2547 misisset,
780 2465 832 2528 vix
855 2464 932 2528 duos
955 2467 1011 2527 aut
1031 2468 1097 2528 tres
1113 2463 1252 2549 dirigere
1266 2467 1377 2549 potue·

167 2562 198 2627 ἱ
220 2562 297 2630 Ecce
319 2568 371 2630 tot
391 2566 570 2650 pontifices,
600 2566 795 2651 apostolicae
817 2566 901 2630 sedis
923 2567 1005 2630 scita
1027 2566 1378 2652 sectantes„ingerunt

167 2660 373 2732 *notitiam
395 2672 427 2732 et
448 2669 606 2752 praebent
628 2668 804 2733 servandae
825 2668 972 2733 veritatis
994 2669 1149 2753 exempla.
1181 2668 1249 2744 Qui*
1265 2672 1377 2733 contra

167 2762 227 2832 ἢ
242 2769 402 2834 clausistis
431 2770 538 2835 oculos
565 2770 684 2834 ibidem
713 2771 917 2854 constitutos,
947 2770 1102 2855 quomodo
1124 2770 1202 2834 duos
1228 2771 1279 2835 vel
1310 2774 1376 2835 tres

167 2864 228 2935 lire
243 2871 404 2956 possetis?
446 2871 517 2936 Hoc
544 2873 614 2957 ipso
641 2873 711 2936 sine
739 2872 835 2936 dubio
863 2872 1058 2957 cognovistis
1086 2872 1157 2937 illos
1183 2872 1376 2956 apostolicae

167 2966 345 3058 tfiplacere,
378 2975 488 3061 quom)
516 2996 571 3039 vos
592 2974 761 3057 displicere
783 2974 950 3038 videbatis.
995 2975 1072 3068 Aut,
1083 2975 1156 3039 illos
1178 2996 1254 3061 ergo
1276 2979 1376 3040 secta

167 3069 215 3158 ui,
232 3097 285 3161 per
306 3097 386 3161 quos
406 3075 640 3161 intelligebatis
663 3075 746 3140 sedis
769 3075 962 3159 apostolicae
983 3075 1192 3160 voluntatem,
1216 3081 1273 3142 aut
1294 3077 1376 3142 nihil

167 3173 276 3262 *quod
297 3178 337 3242 de
359 3177 545 3263 ignorantia
568 3177 673 3241 velitis
695 3177 878 3261 obtendere,
902 3201 999 3263 quum
1016 3178 1142 3243 indiciis
1157 3179 1259 3243 tantis
1275 3183 1307 3243 et
1328 3183 1375 3243 ta·

167 3268 210 3341 bu
223 3279 395 3363 abutentes,
425 3280 509 3344 sedis
532 3279 725 3364 apostolicae
748 3280 922 3344 constituta
944 3280 1045 3345 tantis
1066 3282 1259 3345 testimoniis
1285 3303 1376 3366 prae-
1413 3330 1418 3339 .

167 3368 292 3447 huba
314 3403 463 3466 respuere
484 3383 591 3467 potius
614 3405 709 3467 quam
730 3383 871 3467 recipere
893 3381 1062 3447 maluistis.

209 3481 233 3547 8.
251 3481 411 3571 Numquid
433 3506 543 3548 omnes
565 3485 629 3567 isti,
654 3506 731 3569 quos
754 3485 1010 3568 memoravimus,
1034 3485 1175 3569 episcopi
1189 3485 1375 3568 imperatori

167 3582 245 3649 utri
264 3586 363 3652 sunt?
383 3585 546 3671 Numquid
574 3608 684 3650 omnes
705 3589 906 3671 imperatoris
928 3609 1045 3652 nomen
1068 3608 1106 3650 ex
1128 3586 1289 3671 diptychis
1305 3587 1375 3651 aba·

167 3674 325 3776 bouq?
352 3687 456 3764 Quum
478 3689 579 3773 igitur
600 3673 806 3774 pellerbntur,
830 3694 863 3754 et
883 3691 964 3754 vivis
980 3689 1185 3774 pontificibus
1208 3689 1374 3754 catholicis

167 3818 283 3845 Ἀ...
295 3840 304 3845 .
327 3839 414 3844 --.....

167 3904 306 4045 ΕΜ,
336 3909 476 3978 quomodo
504 3909 604 3964 dicitur
628 3917 720 3979 pudet,
747 3916 817 3980 piper
845 3912 896 3965 etc.
944 3911 1074 3980 Alioquin
1102 3910 1249 3965 dicendum
1279 3910 1376 3965 lenset

205 4072 260 4145 'jc'
273 4096 346 4149 seqq.
368 4087 446 4151 qaod,
465 4080 498 4134 0¹
512 4082 583 4135 0²c¹
603 4088 657 4151 qui,
677 4094 740 4134 mss.
759 4080 826 4133 Dd‘
843 4101 901 4150 quo.

207 4156 274 4226 'lla
281 4183 344 4221 mss.
361 4165 384 4218 D
396 4165 430 4217 F«
442 4164 483 4218 Fe
492 4165 528 4220 N·
541 4165 588 4231 0¹3
601 4166 663 4236 [Μ
674 4171 699 4218 0⁵
712 4182 788 4235 seqq.
801 4171 951 4220 decremmn
962 4172 1058 4219 maisve
1070 4174 1258 4229 mmmanuare,
1272 4170 1301 4222 et
1310 4186 1373 4223 mox

170 4226 382 4315 uinaceriam,
404 4249 491 4304 ΜΝ
503 4250 540 4304 N³
552 4250 585 4304 0¹
599 4251 634 4303 θ’
653 4253 682 4305 et
699 4251 746 4304 alii
763 4257 780 4305 4
796 4269 860 4305 mss.
881 4251 908 4304 a’
925 4261 1041 4314 tenuere,
1065 4250 1101 4304 0²
1117 4256 1144 4305 c5
1160 4269 1236 4321 seqq.
1256 4272 1372 4307 renuere.

167 4316 255 4397 [mm
266 4335 352 4391 locum
368 4336 410 4390 ita
427 4336 577 4390 contrahit:
597 4343 640 4406 qm·
655 4343 845 4391 communionem
863 4340 1010 4390 carlomani
1026 4349 1190 4402 resonantes,
1210 4348 1237 4392 ee
1253 4357 1308 4400 eos,
1331 4345 1375 4407 qui

167 4416 271 4472 Μ
283 4429 339 4477 udi
353 4429 574 4485 commnicarent,
593 4442 670 4492 aeque
687 4428 723 4475 ad
739 4426 923 4490 persecutionis
939 4427 1055 4475 incursae
1072 4433 1176 4476 tenuere
1193 4434 1332 4478 consortes.

212 4492 269 4563 ἦθ’
282 4506 367 4561 0⁸cc
383 4513 572 4575 judicaverunt.
612 4506 731 4575 Moxque
754 4506 783 4560 d¹
804 4512 1004 4575 pereemtionem
1026 4514 1174 4562 exercenda
1194 4518 1372 4575 cognoverunt.

167 4568 310 4719 ῗέῗκὶ.
337 4592 420 4732 ΟᾶίΟι
432 4598 602 4652 exsecranda.
622 4594 645 4645 c¹
659 4596 821 4651 exercenda,-
838 4591 962 4646 nostram
980 4590 1128 4646 lectionem
1139 4593 1278 4663 praebant
1288 4593 1324 4645 Ι)1
1337 4592 1372 4644 F*

216 4688 349 4817 ”llldeqmlis
367 4763 390 4816 D
404 4763 437 4816 F«
450 4762 490 4816 F¹²
503 4762 536 4816 0¹
550 4763 592 4827 d²;
612 4761 647 4815 Ο1
665 4782 713 4832 quc
735 4766 815 4824 vobis,
839 4763 865 4814 οὁ
882 4778 958 4832 seqq.
983 4769 1052 4831 qaod
1071 4783 1122 4818 vos.
1152 4763 1272 4832 Moxque
1290 4764 1323 4816 0¹
1337 4761 1373 4816 Ο2

167 4835 202 4877 ”
212 4836 236 4884 ⁴³
247 4845 325 4900 aaa.
340 4854 440 4919 quidem
457 4855 489 4902 ue
507 4853 654 4917 quorsum
670 4853 763 4909 verim,
782 4863 815 4901 ac
833 4846 932 4902 dende
950 4849 975 4901 ε’
988 4847 1017 4905 <1¹
1030 4853 1151 4916 susino,
1169 4848 1203 4901 οΙ
1221 4853 1337 4903 amuco.

217 4915 238 4982 ”l
249 4919 352 4988 fluat:
371 4939 489 5004 namquid
504 4953 589 4988 ommes
605 4939 637 4987 iis
655 4945 729 5020 mant
745 4936 852 4988 commi
867 4937 1021 4997 ommam,
1040 4937 1268 5004 quandonam
1285 4943 1312 4988 et
1322 4934 1371 4988 Ca·
