3450 5678
676 344 867 394 nrrsronas
892 336 930 392 15
947 330 1016 411 (16)
1463 335 1484 395 ir

249 509 312 562 debet
329 508 474 562 eeclesiam
494 506 551 562 Dei
566 524 624 578 pro
643 507 824 562 haereditate
844 509 952 562 ducere
972 513 1026 562 etc.
1058 507 1152 562 Altero
1174 524 1237 563 vero
1259 525 1387 582 expresse
1409 512 1484 567 irrita

248 591 371 647 declaratur
383 592 551 647 successoris
563 590 719 662 liujtasmodi
734 592 885 647 institutio:
902 591 945 647 Ne
959 594 1048 648 liceat
1062 595 1197 664 episcopa
1210 596 1297 650 etiaim
1306 613 1362 667 pro
1374 611 1406 651 se
1418 611 1483 653 suc·

248 692 365 733 crumena
379 680 563 745 constituere,
580 679 692 732 etiarnsi
704 679 740 732 sit
755 679 785 731 in
799 678 858 748 fine
872 679 957 733 uitae.
997 677 1030 733 Si
1049 678 1118 751 quid
1131 684 1227 733 aretem
1240 681 1295 750 fiat
1309 680 1481 752 hujusmodi,

249 765 314 818 irrite
328 765 364 817 ait
383 765 556 818 constitutio.
587 759 684 832 (Voelli
706 768 734 816 et
747 760 855 816 Justelli
877 759 1001 819 biblioth.
1014 761 1069 833 jur.
1087 778 1144 818 cao.
1162 771 1215 818 vet.
1233 762 1252 825 l,
1269 762 1353 836 517.)
1389 763 1482 839 ltaque

248 854 289 902 tem
300 847 321 903 in
334 845 453 903 orientali
469 862 548 919 quam
564 847 592 901 in
614 844 771 902 occidentali
788 845 900 902 ecclesia
915 848 993 902 stetit
1012 848 1132 911 vetitum,
1149 864 1184 903 ne
1199 848 1342 923 episeopus
1358 850 1416 923 ipse
1431 850 1481 906 sibi

247 948 402 988 successorem
423 932 539 1006 eligeret
560 929 606 1002 (cl.
628 930 794 987 schelstrate
814 947 882 987 sacr.
904 932 1030 988 dohech.
1052 948 1128 989 conc.
1151 931 1258 989 dissert.
1276 932 1316 996 lV,
1344 951 1402 1008 cap.
1419 934 1479 1005 20).

247 1016 355 1084 haeddi
368 1016 452 1072 semel
468 1015 503 1071 ob
518 1016 688 1090 grauissimas
709 1031 802 1071 causas
823 1033 846 1072 s.
863 1015 999 1073 Boniiacio
1020 1017 1399 1093 arelriopiscopollogantino
1417 1037 1481 1076 con·

245 1118 327 1157 recum
341 1109 389 1157 est.
421 1099 473 1169 Qui
493 1100 610 1176 eligendi
625 1102 791 1156 successoris
806 1100 960 1157 laenitatem
976 1118 1058 1175 quum
1075 1120 1089 1157 a
1105 1101 1236 1176 Gregorio
1253 1102 1285 1157 lll
1299 1105 1479 1177 impetrasset,

244 1203 404 1242 aeumcmore
419 1186 543 1242 Zacharia
558 1202 625 1260 papa
645 1184 798 1241 confirmari
818 1187 896 1259 petiit
917 1183 1007 1260 (epist.
1023 1187 1038 1241 1
1056 1187 1088 1242 ad
1103 1186 1181 1242 Zach.
1198 1185 1286 1261 pap.):
1323 1190 1480 1247 licentiam

241 1280 322 1343 petere
333 1287 449 1328 neccsse
462 1272 563 1340 habea,
579 1272 676 1345 inquit,
692 1286 725 1327 eo
740 1271 817 1343 quod
827 1273 1011 1328 venerandae
1024 1276 1177 1329 memoriae
1187 1288 1364 1343 praecessor
1376 1283 1478 1346 aester,

242 1361 301 1412 deut
313 1358 436 1418 audistis,
452 1359 482 1412 in
493 1360 666 1429 praesentio
681 1363 778 1412 uestra
794 1356 862 1413 mihi
866 1360 1027 1429 praecepit,
1045 1364 1076 1413 ut
1085 1358 1287 1430 presbyterum
1296 1366 1363 1430 post
1376 1359 1479 1416 obitum

239 1456 313 1497 mun
326 1442 384 1499 Deo
399 1444 510 1499 volente
524 1445 553 1497 in
569 1443 766 1497 ecclesiastico
781 1444 937 1498 ministerio
951 1441 1105 1498 haeredem
1120 1449 1147 1498 et
1161 1458 1357 1501 successorem
1373 1449 1478 1501 coristi·

238 1534 306 1583 tuere
318 1527 454 1596 deberem,
465 1569 472 1583 .
485 1568 513 1583 ..
529 1534 557 1582 et
572 1527 699 1596 obsecro,
717 1532 748 1581 ut
762 1529 946 1583 arroteritatis
960 1534 1074 1583 cestrae
1087 1530 1204 1584 licentia
1220 1531 1264 1590 sit,
1286 1536 1317 1584 ut
1332 1545 1397 1585 cum
1411 1547 1478 1587 eon·

236 1614 289 1669 aa
307 1627 452 1669 serrorum
466 1613 521 1668 Dei
534 1613 569 1667 de
583 1614 639 1667 ista
655 1614 792 1668 electione
804 1611 925 1683 faciam,
950 1614 1027 1685 quod
1045 1613 1126 1668 nabis
1140 1616 1169 1668 in
1185 1629 1332 1669 commune
1344 1632 1401 1686 pro
1416 1615 1478 1672 Dee

235 1706 260 1753 et
267 1715 318 1769 pro
330 1700 471 1753 ecclesiae
486 1699 607 1753 utilitate
623 1699 666 1752 ael
678 1696 783 1768 fructu
798 1698 945 1768 spirituali
959 1704 986 1753 et
1001 1698 1170 1770 defensione
1185 1701 1333 1771 religionis
1343 1703 1478 1772 optimum

234 1799 288 1839 esse
299 1783 436 1839 rideatur.
467 1782 566 1837 Verum
588 1780 651 1854 quial
668 1789 733 1836 tunc
747 1780 882 1836 Zacharias
898 1798 928 1837 re
943 1783 1072 1837 attentius
1088 1798 1204 1855 expensa
1222 1785 1392 1840 sanctissimo
1408 1786 1475 1849 viro,

232 1876 296 1924 carte
309 1866 461 1923 Germaniae
476 1865 610 1940 apostolo,
626 1865 785 1940 respondit?
821 1866 865 1922 De
880 1882 913 1922 co
928 1874 1032 1936 etatem,
1050 1868 1094 1930 ait,
1116 1870 1193 1940 quod
1213 1869 1262 1923 tibi
1280 1885 1477 1927 successorem

231 1956 392 2010 constituere
420 1953 527 2021 dixisti,
550 1958 581 2007 at
597 1957 623 2006 te
636 1951 760 2023 jubente
786 1954 817 2006 in
837 1959 885 2008 tuo
905 1954 969 2008 Ioco
990 1954 1115 2027 eligatur
1134 1957 1296 2024 episcopus,
1319 1954 1375 2011 boc
1395 1959 1477 2012 nnita

230 2042 331 2095 rotiana
344 2039 465 2096 concedi
476 2040 612 2108 patimur,
635 2040 703 2109 quia
723 2043 825 2092 contra
848 2053 956 2092 omnem
975 2039 1203 2093 ecclesiasticum
1223 2039 1353 2112 repedem
1374 2043 1418 2097 vet
1433 2044 1476 2096 iu·

228 2128 318 2180 stituta
329 2131 448 2196 petrum
463 2137 525 2178 esse
545 2128 730 2177 monstretur.
762 2121 800 2176 Ne
816 2129 904 2176 tamen
925 2121 1140 2195 praedecessoris
1161 2123 1203 2178 sai
1223 2125 1324 2198 gratiae
1345 2132 1372 2180 et
1393 2126 1476 2182 menti

228 2207 351 2264 aduersari
366 2207 510 2269 rideretur,
532 2205 642 2279 speciali
664 2205 770 2261 indulto
786 2205 901 2261 addidit:
928 2221 962 2262 ea
977 2208 1060 2277 liora,
1082 2225 1140 2280 qua
1157 2214 1184 2263 te
1199 2209 1233 2263 dc
1247 2214 1399 2280 praesenti
1411 2226 1474 2267 see-

228 2297 285 2350 cuto
299 2298 486 2367 adpraiturum
506 2294 681 2365 copnoeeris,
701 2291 906 2362 praesentibus
927 2296 1040 2348 crunctis
1061 2294 1111 2348 tibi
1130 2308 1326 2349 successorem
1346 2296 1474 2369 designa,

228 2380 320 2436 etiarm
335 2381 430 2436 ueniat
444 2377 632 2433 ordinandus.
664 2377 730 2433 Hoc
745 2378 817 2432 nulli
839 2380 891 2432 atii
905 2378 1025 2433 concedi
1033 2381 1173 2449 petimur,
1197 2381 1274 2451 quod
1287 2379 1337 2435 tibi
1351 2384 1476 2437 caritate

227 2471 334 2538 cogente
347 2467 454 2537 largiri
468 2464 639 2518 censuimus.
658 2491 694 2501 -
717 2459 754 2516 Ex
774 2462 891 2535 posteris
914 2460 1078 2535 temporibus
1101 2479 1181 2535 apuam
1201 2463 1329 2536 religiose
1343 2464 1414 2520 idem
1430 2464 1477 2520 ob·
1547 2512 1557 2527 ,

226 2558 350 2605 serratam
364 2550 409 2612 sit,
431 2556 585 2622 opportune
599 2563 630 2601 se
645 2546 732 2608 oliert,
749 2546 822 2620 quod
837 2548 981 2603 memoriae
996 2545 1134 2621 proditum
1150 2549 1233 2603 estin
1249 2550 1301 2603 vita
1322 2567 1345 2604 s.
1362 2547 1477 2606 Ualalrici

227 2635 396 2709 tagastensis
416 2632 554 2689 antistitis.
591 2629 679 2698 Quum
700 2630 866 2687 venerandus
886 2630 933 2687 ille
952 2631 1146 2704 pontisariam
1167 2633 1244 2688 senio
1266 2626 1354 2706 gravis
1376 2642 1404 2689 et
1426 2636 1477 2690 vir·

226 2728 305 2775 tatum
331 2720 398 2774 lama
425 2718 587 2791 conspicuus
607 2733 687 2772 caeco
708 2733 772 2789 erga
793 2715 989 2772 adalberonem
1010 2718 1113 2772 sororis
1135 2733 1199 2773 suae
1226 2715 1310 2773 hlium
1331 2719 1422 2775 studio
1444 2718 1476 2775 ab

225 2808 316 2860 ltttone
330 2806 501 2877 imperatore,
517 2811 548 2857 nt
562 2801 615 2857 sihi
628 2801 793 2864 succederet,
816 2809 963 2864 exorasset,
987 2803 1116 2857 continuo
1140 2803 1192 2857 hoc
1207 2802 1299 2858 audito
1321 2803 1476 2860 Germaniae

223 2890 334 2963 episcopi
349 2896 377 2944 et
391 2887 516 2944 eumdem
532 2884 726 2942 hdalberonem
748 2895 856 2960 accepta
872 2888 1043 2960 episcopatus
1058 2889 1249 2961 procuratione
1259 2891 1326 2961 jam
1341 2890 1475 2946 baculum

221 2976 392 3046 pastoratem
406 2975 525 3046 publice
542 2978 678 3045 portare,
705 2972 896 3027 convenientes
917 2971 987 3046 apud
1007 2971 1191 3045 lagelenheim
1211 2971 1245 3026 de
1265 2988 1298 3028 eo
1319 2974 1408 3027 statim
1430 2973 1476 3029 de-

220 3058 330 3128 jiciendo
351 3057 534 3114 deliberarunt
566 3056 700 3118 dicentes,
729 3063 760 3112 ut
782 3065 885 3112 contra
908 3060 1069 3112 cainanicuc
1090 3057 1272 3113 rectitudinis
1293 3054 1424 3130 rep'ulam
1445 3061 1476 3113 in

223 3146 359 3200 haeresim
373 3145 476 3214 lapsus
487 3143 603 3214 suisset,
623 3147 650 3197 et
666 3142 743 3213 picoti
751 3145 932 3213 pontificatis
946 3142 1081 3198 latiorem
1097 3142 1277 3197 sacbtimitatis
1293 3145 1401 3198 cinerate
1417 3144 1475 3214 cpi·

224 3246 303 3300 scopo
323 3230 379 3284 sibi
395 3230 462 3299 plus
477 3231 561 3298 justo
580 3228 746 3294 uindicaret,
770 3234 797 3282 et
817 3228 880 3283 idco
902 3229 980 3282 ultra
1002 3243 1064 3282 cum
1086 3229 1251 3298 episcopum
1272 3228 1406 3282 ordinari
1419 3245 1476 3283 nan

222 3317 339 3370 deceret.
371 3311 424 3368 Sed
440 3312 531 3367 miultis
546 3313 618 3366 inter
632 3328 661 3366 se
678 3309 773 3365 habitis
794 3310 936 3384 colloquiis
953 3312 1142 3385 sapientissimi
1158 3327 1250 3366 corum
1266 3311 1350 3366 satius
1366 3311 1475 3374 duxere,

223 3403 304 3473 ipsum
318 3398 464 3453 admonere
475 3396 634 3456 Udalricum.
650 3412 684 3451 ne
700 3397 779 3450 vitam
794 3395 827 3450 ad
844 3397 916 3451 hunc
930 3395 999 3451 diem
1016 3395 1139 3451 omnihus
1155 3386 1313 3451 ¹celebratam
1330 3397 1378 3451 hac
1393 3398 1475 3452 mani·

223 3485 285 3540 testa
300 3499 431 3539 mnonum
455 3481 600 3537 violatione
615 3480 742 3536 inlasoari
757 3482 872 3536 sineret:
889 3485 939 3553 qui
953 3497 1073 3553 semper,
1091 3482 1225 3554 inquiunt,
1242 3484 1344 3537 coliem
1356 3485 1474 3537 rectitu-

222 3572 289 3625 dinis
309 3569 463 3625 ambulasti
481 3584 537 3622 non
559 3568 706 3630 deviando,
730 3584 786 3623 non
807 3568 897 3635 dccet,
920 3573 951 3622 ut
965 3584 1043 3622 nianc
1057 3571 1140 3622 istam
1156 3570 1238 3636 oiarrr,
1261 3584 1346 3639 picam
1362 3583 1476 3638 semper

221 3659 336 3723 tenuisti,
353 3657 492 3720 omittens,
516 3655 700 3707 seminarium
715 3668 754 3707 erc
769 3657 796 3706 te
810 3658 904 3706 sternat
920 3654 987 3708 tatis
1002 3668 1095 3720 error,
1120 3659 1151 3707 nt
1171 3655 1247 3707 alius
1262 3655 1290 3706 in
1305 3653 1368 3708 loco
1384 3659 1432 3707 tuo
1448 3660 1475 3707 te

223 3743 323 3796 orente
337 3740 489 3797 ordinetur
494 3761 503 3800 ,ι
525 3741 593 3809 quia
613 3739 639 3792 si
659 3752 698 3792 cx
714 3745 740 3791 tc
756 3740 822 3792 tulis
838 3738 1012 3792 consuetudo
1027 3740 1128 3809 incipit
1141 3739 1318 3808 perpetrari,
1335 3739 1364 3791 in
1377 3744 1473 3808 paste-

223 3844 277 3880 rum
291 3827 387 3881 miultis
402 3822 570 3880 reverendis
586 3829 612 3877 ct
627 3823 708 3877 bonis
722 3825 866 3893 episcopis
881 3822 917 3877 ab
938 3837 1036 3877 corum
1058 3822 1208 3893 nepotibus
1229 3828 1257 3876 ct
1272 3823 1387 3877 clericis
1403 3824 1474 3877 talio

221 3910 443 3967 eleridcrantibus
461 3904 551 3963 multa
573 3914 765 3963 concrescunt
786 3907 920 3963 adversa.
958 3906 1021 3960 'lam
1042 3905 1142 3961 salubri
1164 3905 1276 3961 corrsilio
1299 3904 1374 3961 facile
1397 3904 1475 3960 ohse-

221 4004 293 4051 mtms
307 4004 350 4050 est
366 3993 512 4053 Udalricus‚
533 3993 624 4065 pergit
639 4000 734 4047 auctor
748 3993 853 4054 citatus,
870 3990 918 4046 sod
935 3990 1007 4047 brevi
1023 3990 1102 4061 hujus
1119 4008 1204 4046 noxae
1218 4008 1333 4064 poenam
1349 3990 1473 4053 exsolvit,

221 4080 301 4136 subita
316 4088 405 4134 morte
421 4086 515 4150 erepto
531 4076 709 4132 Arlalberouo.
741 4076 815 4132 liudo
831 4085 951 4131 incestus
967 4093 1058 4140 serres,
1074 4078 1139 4146 beu,
1155 4078 1220 4146 lieu,
1237 4074 1333 4147 ajebat,
1350 4077 1426 4148 qnasi
1441 4076 1474 4131 dc

220 4169 288 4239 gru-i
307 4181 404 4220 somno
430 4162 644 4236 expergefactus,
667 4164 744 4235 quod
756 4164 836 4217 illum
851 4168 980 4232 nepotem
995 4178 1085 4218 meum
1101 4161 1309 4217 adalberonem
1325 4179 1474 4233 rrairtpuam

221 4254 277 4320 ridi,
294 4254 362 4324 quia
373 4266 432 4320 pro
454 4264 495 4316 eo,
518 4248 595 4320 quad
614 4251 641 4303 ci
659 4249 815 4303 secundum
836 4262 918 4303 sacram
939 4249 1109 4303 desiderium
1131 4246 1352 4306 consentiebam,
1375 4249 1474 4301 erodunt

220 4352 258 4391 eae
271 4340 299 4392 in
315 4352 398 4392 suum
413 4336 547 4404 recipere
562 4335 753 4388 consortium!
781 4331 866 4386 Porro
886 4333 908 4386 is
925 4330 1055 4386 hdalbero
1076 4331 1176 4387 ibidem
1197 4330 1366 4405 praedicatur
1381 4331 1474 4384 isaaritis

219 4429 243 4475 et
256 4420 373 4494 egregiis
395 4426 507 4474 umatus
529 4414 637 4472 dotibus
658 4416 751 4480 luisse,
778 4417 818 4472 uti
839 4424 865 4471 ot
880 4416 1012 4478 irenaeus,
1035 4433 1114 4490 quem
1130 4416 1240 4489 llispani
1262 4415 1295 4471 oh
1316 4416 1410 4470 merita
1425 4431 1474 4469 sua

218 4503 442 4561 commendabant.
475 4500 578 4569 Quanta
594 4503 678 4576 igitur
692 4504 709 4557 ii
725 4501 884 4575 impendunt
899 4501 976 4564 strala,
994 4503 1039 4574 qui
1054 4502 1115 4557 solo
1132 4503 1218 4557 carnis
1237 4501 1331 4557 all'cctu
1347 4516 1401 4554 nori
1418 4516 1474 4554 arro-

218 4608 271 4646 mm
286 4591 428 4646 honestate
440 4597 485 4643 aut
497 4589 625 4642 virtutum
638 4588 828 4661 experimentis
839 4586 941 4641 inducti
953 4585 1081 4642 benelicia
1097 4587 1276 4643 ecclesiastica
1288 4594 1315 4640 et
1328 4586 1473 4639 aninmrum

216 4692 301 4731 raram
316 4684 347 4730 nt
363 4672 556 4729 haereditatem
576 4674 712 4747 propriam
734 4671 891 4745 dispensant
910 4688 940 4725 ac
955 4688 1035 4745 saepe
1050 4671 1166 4746 indignis
1182 4670 1363 4745 prostituunt!
1396 4658 1473 4736 Quod

216 4763 302 4817 sitium
318 4777 353 4815 ne
369 4761 396 4814 ha
418 4757 558 4813 ecclesiam
579 4766 710 4830 serperet,
733 4756 839 4812 llilarus
861 4772 910 4829 pro
927 4757 995 4811 virili
1010 4758 1091 4819 cavit;
1113 4766 1141 4812 et
1161 4756 1240 4812 iidem
1261 4755 1341 4810 iaciat
1356 4771 1473 4827 sequens

213 4846 356 4908 decretum,
373 4860 423 4917 per
439 4859 500 4899 enm
516 4859 571 4898 aon
586 4844 703 4905 stetisse,
721 4843 785 4916 quin
801 4840 928 4897 radicitus
945 4841 1114 4898 evelleretur.
