3450 5678
641 322 842 372 anserinus
865 324 898 369 v.
1042 356 1044 361 .
1342 309 1403 373 591

138 476 273 558 proximi
296 474 478 558 sanctitati,
512 496 578 539 non
605 475 689 558 quod
714 475 783 559 jam
810 476 872 560 ipsi
901 476 1031 560 propria
1058 475 1314 540 sanctificatione
1341 499 1407 541 non

143 564 318 662 egeant²⁰)3
341 598 422 662 quae
444 577 564 661 utique,
588 577 671 641 sicut
685 577 792 641 nullus
808 575 1008 642 Christianus
1030 577 1208 660 addubitat,
1233 578 1302 641 sine
1317 599 1406 663 rege-

140 679 314 744 nerationis
336 701 446 744 sacrae
469 681 621 763 mysterio
642 702 703 744 neo
725 680 860 744 sumitur
882 701 942 744 neo
964 679 1115 744 habetur:
1138 680 1221 744 sicut
1243 684 1275 743 et
1289 702 1407 764 pareus

140 802 246 846 eorum
266 780 406 846 infidelis
427 781 474 846 sic
496 782 715 847 sanctificatus
738 781 855 846 dicitur
876 803 934 865 per
955 780 1091 864 fidelem,
1119 784 1155 845 ut
1177 781 1202 845 si
1226 784 1337 846 tamen
1359 783 1406 846 in-

138 887 247 968 gestae
269 883 331 947 sibi
353 904 411 969 per
432 882 558 947 fidelem
574 871 744 969 conjugem
759 883 1025 948 sanctificationis
1048 883 1116 968 ipse
1137 883 1319 969 legitimum
1342 907 1405 948 non

138 985 277 1070 suscepit
298 985 457 1068 effectum,
481 985 618 1050 infidelis
640 986 739 1051 fuerit
760 988 974 1070 nuncupatus.
1009 986 1099 1049 Sicut
1114 1007 1190 1070 ergo
1206 1008 1288 1069 eum,
1313 1008 1407 1071 quem

138 1108 193 1172 per
214 1087 341 1151 fidelem
364 1088 534 1172 conjugem
556 1088 792 1153 sanctificatum
812 1088 902 1173 dixit,
925 1090 1037 1170 postea
1053 1092 1219 1172 nuncupat
1233 1088 1405 1171 infidelem,

138 1190 210 1273 quia
232 1189 360 1274 proprie
383 1189 451 1273 ipse
473 1190 524 1253 vel
548 1190 618 1273 ipsa
641 1212 707 1255 non
730 1190 880 1272 credidit,
903 1191 949 1254 sic
972 1194 1005 1253 et
1026 1190 1100 1273 filii,
1125 1191 1179 1274 qui
1201 1212 1259 1274 per
1281 1190 1406 1254 fidelem

138 1294 303 1375 parentem
325 1313 363 1356 eo
385 1292 478 1356 modo
501 1292 712 1376 sanctificati,
747 1315 808 1378 quo
838 1294 969 1377 conjux,
1003 1293 1107 1357 sancti
1136 1292 1291 1376 appellati
1319 1296 1404 1374 suat,

138 1393 198 1456 nisi
221 1393 283 1477 ipsi
310 1416 435 1480 quoque
463 1394 592 1479 proprio
621 1395 769 1479 credant,
803 1395 948 1459 infideles
978 1397 1209 1479 consequenter
1236 1394 1404 1458 exsistunt.

138 1494 221 1560 Satis
255 1496 340 1559 enim
376 1499 525 1580 apparet,
561 1497 735 1562 secundum
763 1498 932 1581 quemdam
961 1496 1089 1561 modum
1117 1496 1405 1561 sanctificationem

138 1596 221 1662 hanc
243 1598 389 1683 conjugis
412 1599 618 1683 appellatam,
642 1599 698 1684 qni
720 1601 832 1683 postea
854 1605 983 1675 infidelis
1005 1599 1173 1681 asseritur3
1207 1598 1252 1662 sic
1275 1620 1351 1684 ergo
1374 1601 1406 1661 et
1456 1684 1460 1689 η

138 1699 174 1762 de
196 1699 272 1763 filiis
294 1699 541 1784 intelligendum
564 1704 622 1765 est.
656 1700 817 1786 Numquid
840 1701 949 1786 igitur,
973 1701 1056 1786 quod
1078 1722 1174 1785 saepe
1196 1700 1405 1784 repetendum

138 1808 200 1885 est,
235 1801 358 1870 soboles
390 1802 599 1886 profanorum
632 1802 850 1886 hujuscemodi
878 1803 1061 1867 sanctitatis
1096 1803 1202 1887 aliqua
1236 1802 1405 1885 cujuslibet

138 1903 280 1987 parentis
301 1904 448 1988 portione
471 1903 729 1990 contingitur⁷¹),
754 1904 804 1968 vel
827 1905 984 1990 aliquibus
1007 1904 1188 1988 hujusmodi
1214 1904 1403 1988 disciplinis,

138 2005 293 2090 precibus,
319 2005 596 2072 adhortationibus
619 2007 797 2091 cujuspiam
816 2008 1098 2091 participationem
1120 2006 1170 2071 vel
1185 2006 1334 2071 notitiam
1354 2008 1404 2072 vel

138 2107 278 2172 auditum
300 2109 351 2172 vel
373 2108 583 2173 eruditionem
605 2108 788 2173 sanctitatis
812 2109 955 2193 assumit,
979 2130 1060 2194 quae
1083 2112 1131 2173 est
1153 2108 1212 2172 sub
1228 2109 1404 2173 immundo

138 2231 203 2274 arm
226 2210 396 2295 spirituum
418 2211 636 2276 dominatione
660 2212 849 2296 consistens,
880 2214 912 2276 et
934 2211 1100 2276 diabolicis
1122 2212 1404 2296 praevaricationi-

138 2311 192 2375 bus
214 2316 248 2377 et
271 2313 429 2398 contagiis
451 2313 660 2397 mancipata?
702 2313 773 2379 Hoc
795 2315 887 2379 modo
910 2336 1035 2399 semper
1056 2314 1221 2377 immunda
1243 2317 1307 2398 est,
1343 2335 1404 2399 quo

138 2418 297 2499 parentes,
320 2415 473 2500 quamdiu
495 2416 529 2479 in
553 2415 662 2479 eadem
684 2417 895 2500 perversitate
918 2416 1076 2481 consistit.

222 2517 270 2581 19.
300 2516 489 2603 Plerumque
513 2520 619 2582 autem
642 2521 675 2582 et
695 2540 753 2603 per
771 2520 1047 2604 anticipationem,
1071 2518 1154 2602 quod
1169 2519 1204 2582 in
1220 2518 1404 2602 Scripturae

138 2623 266 2684 sanctae
287 2623 379 2684 textu
401 2619 607 2705 frequentius
621 2620 799 2705 invenitur,
829 2623 899 2705 jam
924 2643 992 2685 esse
1019 2620 1136 2684 dicitur
1158 2621 1240 2704 quod
1262 2621 1404 2684 futurum

138 2725 193 2806 est,
216 2722 330 2786 sicut
321 2744 357 2786 m
380 2722 547 2806 evangelio
568 2721 720 2806 legimus:
746 2729 822 2798 Quia
842 2729 930 2789 Jesas
952 2730 1042 2787 raorr't
1042 2746 1115 2788 urus
1136 2734 1205 2786 erat
1222 2744 1284 2802 pro
1303 2735 1422 2801 perite,

138 2835 163 2889 rt
183 2846 245 2889 non
268 2836 384 2890 tanturn
403 2846 464 2904 pro
482 2838 583 2906 pente,
606 2831 661 2889 sat
682 2837 714 2889 ut
731 2832 811 2901 lilios
834 2831 898 2903 aer,
934 2833 988 2904 qai
1007 2836 1096 2890 eram
1117 2831 1254 2906 dispersi,
1278 2846 1403 2902 conpre-

138 2937 225 3005 aarct
253 2933 285 2991 in
314 2948 419 2991 anam:
450 2933 531 3004 filios
553 2933 610 2991 Det
637 2931 722 2992 certe
746 2928 816 3010 jam
843 2949 1049 3041 nuncupans,
1083 2926 1137 3012 qui
1165 2925 1269 2990 adhuc
1297 2930 1405 2990 essent

138 3027 250 3092 diffusa
272 3028 396 3112 gratiae
419 3030 604 3094 evocatione
625 3052 683 3114 per
697 3030 852 3094 mundum
866 3029 965 3094 sacris
988 3028 1165 3093 innovandi
1187 3029 1378 3112 mysteriis
1369 3051 1402 3091 111

138 3129 193 3194 Dei
209 3129 294 3194 filios
316 3130 505 3215 adoptandi3
529 3132 578 3195 vel
594 3154 691 3215 quum
706 3131 837 3196 dicitur:
862 3137 954 3196 Beati
973 3138 1027 3211 qui
1047 3153 1106 3196 non
1130 3136 1269 3195 arderent
1289 3142 1318 3194 et
1339 3152 1403 3194 cre
1416 3095 1503 3229 gill,

1416 2705 1479 2758 loli.
1488 2714 1526 2772 ll,

1392 2774 1462 2827 ’.51
1474 2781 1515 2826 52.

138 3238 293 3310 diderant,
324 3232 393 3315 jam
421 3239 503 3298 beuti
529 3233 683 3318 appellati
711 3237 803 3317 sunt,
839 3234 892 3319 qui
921 3234 1024 3298 adhuc
1047 3237 1125 3297 tunc
1147 3233 1197 3295 fut
1183 3232 1248 3295 turi
1276 3210 1406 3296 fierunt

138 3334 236 3418 beati,
260 3356 357 3418 quum
380 3340 488 3400 essent
510 3358 590 3420 quae
613 3358 679 3400 non
701 3336 849 3400 viderant
868 3336 1035 3419 credituri,
1058 3336 1142 3399 sicut
1164 3337 1197 3398 et
1217 3334 1404 3418 plerumque

138 3458 192 3520 pro
213 3435 371 3501 faciendis
390 3437 459 3520 jam
480 3437 569 3502 facta
591 3438 784 3521 referuntur,
808 3442 859 3503 ut:
879 3442 1028 3516 foderant
1047 3459 1154 3502 manas
1168 3458 1250 3501 niens
1271 3448 1300 3500 et
1311 3443 1405 3516 pedes
1416 3427 1438 3480 P
1440 3425 1517 3480 ⁸³¹¹st

138 3560 224 3604 meos.
263 3538 346 3603 Item
368 3542 532 3623 tamquam
554 3541 734 3623 profitendo
756 3542 922 3624 delinitur,
951 3540 1034 3625 quod
1056 3561 1123 3604 non
1145 3539 1188 3602 sit
1211 3560 1307 3602 causa
1328 3561 1404 3622 qua·
1421 3502 1508 3561 Μ’
1579 3508 1620 3545 ²²
1660 3498 1702 3547 ‘i

138 3640 213 3706 libet
235 3641 470 3706 interveniente
493 3641 690 3706 faciendum:
719 3644 803 3707 sicut
824 3644 937 3708 beatus
966 3642 1129 3726 apostolus
1154 3663 1213 3725 pro
1236 3641 1403 3705 devotione
1417 3658 1494 3712 Rom,

138 3744 383 3827 praedicationis
410 3745 576 3827 injunctae
605 3743 644 3807 ad
672 3744 849 3828 Hispanias
879 3768 913 3810 se
946 3746 1114 3828 profitetur
1146 3744 1281 3827 iturum,
1320 3743 1403 3828 quod
1419 3734 1504 3794 ¹⁵²²*-

138 3850 243 3911 tamen
267 3849 354 3910 certa
376 3847 615 3931 dispensatione
631 3847 771 3910 Deitatis
794 3848 876 3931 quod
900 3848 991 3911 fieret
1012 3869 1076 3911 non
1093 3845 1251 3930 provenit.
1286 3845 1402 3929 Aliter,

138 3970 232 4033 quam
247 3948 429 4034 appellatur
443 3950 562 4033 aliquid
586 3971 665 4032 esse,
689 3949 772 4035 quod
795 3950 855 4014 hoc
876 3950 982 4034 ipsmn
1005 3972 1073 4014 esse
1096 3948 1247 4032 cessavit,
1272 3948 1322 4012 vel
1339 3970 1403 4012 ces-

138 4051 431 4116 saturamesthoc
453 4052 558 4136 ipsum
581 4053 755 4138 essequod
784 4053 915 4117 dicitur:
948 4055 984 4115 ut
1004 4051 1106 4116 dudae
1134 4051 1314 4134 apostolus,
1349 4052 1403 4134 qui

138 4261 438 4270 ——-.--.-.——-..

200 4377 233 4445 10)
253 4372 387 4431 Similiter
404 4375 441 4430 ad
459 4374 586 4430 eumdem
605 4375 726 4446 apostoli
744 4376 835 4431 locum
847 4375 1017 4445 Augustinus
1034 4376 1069 4430 de
1087 4393 1162 4446 pecc.
1181 4392 1249 4430 mer.
1269 4375 1285 4428 l.
1300 4382 1316 4428 3
1335 4392 1355 4426 c.
1372 4380 1403 4427 12

138 4461 277 4516 observat:
303 4466 372 4516 Illud
393 4474 475 4516 tamen
496 4470 550 4516 siae
573 4468 728 4516 dubitatione
750 4469 883 4517 tenendam
906 4475 955 4523 est,
984 4483 1146 4532 quaecunque
1169 4469 1213 4516 illa
1234 4466 1403 4527 sanctificatio

138 4554 180 4615 rit,
199 4568 249 4602 non
267 4556 351 4602 ualere
369 4554 405 4602 ad
417 4552 574 4603 Christianos
590 4553 725 4613 faciendos
743 4560 818 4617 atque
836 4554 872 4601 ad
888 4553 1037 4602 dimittenda
1052 4560 1174 4616 peecata,
1194 4553 1242 4600 nisi
1259 4551 1403 4600 Ciaistiana

138 4644 160 4687 rt
177 4639 351 4688 ecclesiastica
369 4641 524 4688 institutione
544 4639 710 4687 sacramentis
727 4637 875 4699 efficiantur
892 4639 990 4699 fideles.
1028 4638 1091 4687 Nara
1111 4653 1156 4686 aec
1174 4637 1296 4699 conjapes
1314 4635 1402 4697 infide-

138 4725 170 4773 les
187 4723 322 4789 quamlibet
338 4725 436 4773 sanctis
453 4731 478 4772 et
494 4725 575 4787 justia
596 4723 746 4787 conjapibas
767 4724 902 4783 haereant,
927 4723 960 4772 ab
982 4724 1114 4790 iniquitate
1137 4722 1296 4772 mandantur.
1332 4713 1402 4769 Vide

192 4805 198 4814 '
223 4847 229 4858 .
300 4810 334 4857 ,2
354 4848 359 4857 .

138 4802 235 4960 Pthii)
247 4810 297 4945 iti
315 4810 495 4959 cdrreximus,
514 4890 563 4945 ubi
581 4890 615 4945 G'
634 4896 778 4961 contipr'tur,
797 4889 844 4945 alii
861 4896 1010 4961 contepitar.
