3450 5678
593 358 788 409 urrsronss
811 340 970 420 93-955,
1032 350 1035 355 ’

639 546 822 653 Epistola
848 547 907 631 95.

330 705 543 771 Hormisdao
565 720 676 786 papae
701 702 746 769 ad
767 700 1018 768 {lastinianum
1038 702 1218 767 comitem.
1419 678 1548 818 (3323

10 856 41 909 [r-
56 842 125 893 114·
174 846 246 897 Illius
261 846 370 897 studium
387 862 451 911 erpo
468 846 665 896 ecclesiasticam
681 859 770 909 pacem
787 844 883 895 laudat.
914 842 948 893 Ut
960 842 1044 900 Elias,
1067 842 1175 893 Tdomac
1193 848 1219 891 ct
1232 841 1377 892 Nicostrati

488 932 657 996 patrocinium
673 931 809 995 suscipiat,
827 931 905 979 cuiae
919 934 1052 993 precatur.

291 1064 501 1129 Hormisda
521 1064 543 1129 J
550 1064 761 1129 nstiniano
782 1062 986 1149 illustri¹).

226 1184 255 1249 1.
297 1184 445 1250 Studium
472 1187 613 1248 vestrum
642 1205 720 1268 erga
748 1182 998 1247 eeclesiasticam
1031 1202 1143 1266 pacem
1176 1183 1210 1245 et
1242 1180 1411 1244 danmatos

138 1286 319 1351 haereticae
348 1286 564 1351 contentionis
593 1307 714 1349 errores
742 1284 820 1369 ipsis
847 1306 954 1348 rerum
982 1283 1146 1349 effectibus
1180 1283 1411 1367 approbamus3

140 1390 232 1472 cujus
252 1410 308 1453 vos
335 1389 440 1473 operis
469 1410 589 1473 magna
615 1389 834 1471 immensaque
863 1386 932 1451 siue
961 1384 1057 1450 dorbio
1084 1407 1205 1450 merces
1233 1386 1409 1470 exspectat.

138 1490 226 1556 Hine
248 1493 313 1574 cst,
342 1491 425 1575 quod
447 1490 599 1575 quidquid
621 1513 680 1574 pro
709 1511 867 1554 canonum
894 1489 1047 1553 firmitate
1075 1491 1108 1553 et
1132 1510 1191 1572 pro
1219 1485 1412 1570 apostolicae
1469 1538 1474 1551 .

139 1593 224 1658 sedis
246 1592 426 1657 reverentia
448 1594 663 1657 necessarium
685 1593 882 1675 (luxerimus,
911 1590 1130 1676 magnitudini
1153 1592 1277 1655 vestrae
1299 1611 1412 1653 secura

138 1695 358 1780 peragendum
385 1694 532 1778 protinus
559 1694 820 1778 praesumptione
848 1694 1053 1776 mandamus,
1087 1692 1163 1777 quia
1191 1714 1262 1756 eum
1292 1713 1412 1777 magno

137 1819 196 1861 vos
218 1797 335 1881 gaudio
368 1818 416 1861 oro
445 1797 548 1861 causis
575 1797 693 1860 talibus
721 1799 850 1880 sperata
877 1796 1055 1881 suscipere,
1083 1793 1276 1878 multiplicia
1302 1794 1412 1877 hujus-

138 1898 225 1963 modi
247 1921 392 1983 exempa
414 1902 586 1962 testantur.
631 1898 736 1974 Quare
759 1898 884 1962 omissis
907 1899 941 1962 iu
963 1899 1062 1983 longa
1085 1897 1271 1962 circuitione
1294 1896 1411 1980 prinei-

138 2001 202 2087 piis
224 2001 264 2065 ad
286 2022 355 2065 rem
376 2000 479 2084 ipsam
501 2001 680 2084 praesentis
702 2000 843 2086 paginae
864 2000 963 2064 verba
985 2000 1208 2064 convertimus,

223 2102 255 2166 2.
289 2102 413 2167 Moeret
433 2101 590 2185 Ecclesia,
618 2103 706 2166 etin
728 2123 847 2187 magno
875 2102 1001 2167 votivae
1029 2102 1165 2167 unitatis
1192 2101 1321 2165 exordio
1346 2102 1411 2166 frui

138 2204 297 2289 praestita
318 2226 385 2268 non
408 2208 514 2288 potest
539 2226 597 2288 pro
624 2205 719 2268 unius
748 2226 861 2268 cavasae
889 2203 1065 2269 afflictione
1093 2203 1234 2268 laetitia:
1262 2202 1348 2267 hanc
1375 2206 1413 2267 ut

138 2306 232 2373 uobis
255 2305 503 2371 sollicitudinem
517 2306 673 2371 beneficia
694 2311 801 2370 vestra
815 2307 1036 2390 submoveant,
1061 2328 1126 2370 nou
1142 2306 1249 2391 parvis
1264 2305 1412 2389 precibus

138 2430 317 2473 exoramus.
362 2409 468 2493 Angli
488 2431 547 2472 nos
571 2410 657 2473 euim
680 2414 712 2473 et
733 2430 885 2492 praesens
908 2408 997 2473 dolor
1019 2413 1051 2473 et
1078 2410 1258 2472 futurorum
1286 2408 1412 2472 occasio

140 2513 312 2596 procurata
342 2512 570 2594 certaminum,
605 2533 779 2595 perquam
807 2516 839 2574 et
865 2510 1096 2575 venerabilium
1121 2514 1252 2595 'patrum
1281 2508 1411 2595 regulae

138 2612 365 2699 negliguntur,
395 2617 427 2676 et
450 2613 643 2697 apostolicae
666 2613 749 2677 sedis
771 2616 906 2697 putatur
927 2612 1101 2677 auctoritas
1124 2634 1216 2696 posse
1240 2612 1412 2678 contemni.

138 2714 225 2780 Nam
246 2737 343 2800 quum
365 2715 474 2778 divino
497 2715 798 2799 clementissimique
820 2715 977 2800 principis
998 2715 1153 2779 beneficio
1176 2716 1231 2779 sed
1253 2717 1286 2779 et
1306 2718 1412 2779 vestro

138 2817 234 2881 simul
257 2817 376 2881 adnixu
398 2819 432 2882 hi
455 2818 514 2881 soli
538 2818 709 2882 credantur
731 2838 800 2881 esse
822 2816 992 2901 pontifices
1014 2820 1047 2880 et
1065 2818 1138 2900 jure
1161 2817 1312 2881 ecelesias
1338 2840 1412 2882 con·

138 2920 252 3002 tinere,
277 2920 331 3004 qui
355 2920 394 2983 ad
418 2920 673 2985 commmrioucm
696 2923 839 2983 nostram
863 2919 1023 2983 dunruatis
1044 2918 1203 2983 eructibus
1220 2919 1322 3005 redire
1339 2940 1412 2983 con-

138 3022 299 3086 sentiunt:
326 3022 434 3104 Eliae,
464 3022 613 3086 'Plromati
643 3024 738 3106 atque
760 3020 945 3085 Nicostrato
972 3020 1127 3085 fratribus
1155 3023 1188 3083 et
1216 3021 1412 3105 coepiscopis

138 3124 268 3207 nostris,
292 3125 346 3208 qui
369 3124 488 3187 bonrum
512 3146 625 3188 canisae
649 3124 747 3187 etiam
763 3124 821 3187 sul]
838 3124 969 3187 adverso
987 3123 1180 3205 imperatore
1196 3122 1310 3187 dedere
1324 3124 1412 3207 prin·

139 3226 268 3310 cipium,
293 3248 359 3290 non
382 3226 485 3291 solum
499 3226 582 3290 nihil
605 3227 644 3289 ad
660 3231 844 3309 provectum
860 3226 944 3289 bona
959 3225 1064 3289 studia
1080 3225 1279 3309 profuerunt,
1302 3247 1412 3289 verum

138 3330 237 3393 etiam
261 3329 396 3393 collatae
418 3329 480 3393 sibi
502 3352 521 3392 a
536 3328 675 3392 Domino
694 3329 840 3392 obtinere
862 3330 1025 3412 nequeunt
1047 3328 1155 3392 officia
1175 3327 1355 3411 diguitatis,
1380 3331 1413 3391 et

138 3434 281 3495 extorres
304 3453 323 3494 a
346 3431 522 3494 etruunissis
545 3430 606 3493 sibi
629 3430 782 3514 gregibus
805 3430 911 3494 subire
935 3433 1094 3514 cogamur
1113 3430 1258 3493 miserius
1281 3430 1412 3495 ‹latuma-

137 3538 253 3598 torrmr.
305 3532 506 3616 Quapropter
533 3554 724 3617 quaesumus
752 3536 785 3596 et
813 3553 870 3616 per
898 3532 1040 3596 divinam
1073 3554 1128 3596 vos
1161 3531 1410 3596 misericordiam

137 3636 347 3717 obtestamur,
377 3638 544 3698 uteorum
568 3657 692 3717 caussae,
719 3656 800 3719 quiae
818 3635 909 3718 justa
930 3637 989 3717 est,
1013 3656 1172 3699 smummn
1194 3632 1409 3717 patrocinium

138 3741 172 3801 ct
193 3738 346 3821 probatae
371 3737 550 3800 vivacitatis
580 3736 771 3820 impendatis
801 3739 967 3819 atl'ectum,
996 3737 1131 3821 piissimi
1154 3736 1309 3821 principis
1337 3737 1411 3801 hae-

137 3840 272 3927 rcudol)
295 3839 458 3922 vestigiis:
487 3843 644 3923 quodenus
667 3861 720 3903 eos
742 3840 872 3904 tandem
897 3839 962 3902 suis
985 3839 1127 3904 eeclesiis
1151 3843 1183 3903 et
1204 3840 1336 3923 pietatis
1362 3840 1411 3903 iu-

137 3941 223 4006 tuitu
251 3944 283 4005 ct
309 3941 456 4024 justitiae
485 3942 757 4025 corrtemplatione
784 3942 949 4023 restituat,
979 3942 1054 4025 quia
1081 3942 1117 4005 in
1144 3942 1272 4006 illorum
1301 3945 1410 4006 coutu-

137 4044 266 4127 melial)
295 4044 335 4107 ab
357 4044 497 4108 inimicis
526 4044 679 4108 asseritur
706 4047 851 4128 optatum
880 4046 1010 4107 nostrae
1040 4044 1272 4109 commimionis
1302 4043 1409 4128 displi-

139 4146 241 4211 cuisse
265 4145 469 4210 consortium.

137 4391 171 4439 95
209 4388 226 4453 ¹)
245 4384 296 4438 Ed.
315 4390 370 4438 ciro
388 4390 495 4445 illustri;
513 4402 566 4439 vox
583 4391 637 4438 citu
656 4384 817 4438 constanter
835 4383 915 4437 abest
929 4400 946 4438 a
958 4382 1002 4438 G¹.

206 4473 228 4537 ²)
246 4470 306 4525 Hoc
324 4471 366 4523 est
383 4468 500 4524 demisse
519 4487 552 4524 ac
570 4469 733 4539 suppliciter
751 4486 814 4521 eum
832 4469 979 4523 exorando.

206 4560 228 4619 ³)
247 4559 273 4609 ο8
290 4572 347 4623 seq.
367 4562 546 4611 controuelr'uru.
587 4552 700 4607 Rectius
719 4554 752 4607 G¹
767 4558 793 4607 a'
813 4561 969 4609 contumelio.
1009 4554 1069 4608 Hoc
1087 4555 1161 4608 euim
1179 4554 1232 4608 sibi
1250 4554 1323 4607 vult:
1347 4569 1410 4607 con-

137 4639 255 4693 turuclia
271 4640 332 4706 illa,
353 4657 409 4709 qua
426 4657 444 4693 a
462 4639 574 4693 sedibus
593 4639 648 4693 suis
666 4639 790 4692 extorres
807 4639 951 4699 tenentur,
975 4638 1148 4693 occasionem
1165 4637 1241 4703 dari,
1264 4655 1320 4705 qua
1337 4638 1410 4692 sodis

138 4723 310 4794 apostolicae
328 4723 481 4779 adversarii
495 4724 641 4792 jactitent,
659 4723 859 4778 communionis
877 4724 938 4793 ejus
955 4724 992 4781 ab
1009 4722 1064 4779 illis
1077 4726 1222 4793 susceptae
1236 4722 1409 4795 displicuisse
1495 4734 1503 4747 “

138 4807 317 4862 consortium.
585 4818 587 4822 '
