3412 5664
719 328 890 379 arissam
913 321 943 380 6.
1407 318 1469 383 333

220 481 298 567 tiam,
318 483 418 548 eodem
440 482 586 567 apostolo
608 503 667 546 nos
689 482 838 547 docente:
870 489 1114 548 Misericordiam
1136 495 1408 569 consecuturam,
1438 501 1469 552 ut
1482 505 1576 554 assa.

227 591 306 662 idelis
323 593 425 651 ecam?
447 583 518 650 Nee
540 585 626 649 aliud
649 588 699 649 est
719 585 938 651 misericordia
960 586 1070 649 divina
1091 609 1186 670 quam
1209 589 1326 672 gratia.
1352 590 1470 653 Audia—
1484 586 1565 641 ¹001-
1575 595 1598 655 l,

173 756 175 765 ,
231 710 288 753 nus
304 690 396 772 etam,
419 686 686 774 quemadmodum
707 688 862 752 informat
884 687 1078 753 Ecclesiam:
1108 676 1230 768 Gratia,
1252 691 1378 775 inquit,
1392 699 1472 756 sulci
1484 656 1609 790 titulis,

234 794 296 868 secti
310 799 366 856 atu
380 813 441 872 per
459 795 561 872 fidem,
591 792 628 853 ut
649 790 845 874 principium
867 789 980 854 salutis
1006 793 1039 854 et
1061 790 1134 854 fidei
1157 814 1176 855 a
1199 793 1306 876 gratia
1328 795 1469 878 coepisse
1494 796 1533 855 13,
1546 798 1584 845 16-

238 892 380 977 tuamet,
403 893 489 958 sicut
510 895 638 956 secutus
660 892 819 957 adnectit:
850 899 888 958 El
914 899 971 957 boc
1000 900 1234 985 concavatis,
1261 901 1316 959 sed
1337 902 1396 960 Dei
1416 902 1608 979 do-Eph.a‚8.

239 1017 288 1060 suu
304 1008 351 1071 ed:
381 1017 442 1060 non
464 1017 505 1061 ex
527 1001 678 1076 operibus,
703 1018 741 1060 ne
763 1002 829 1075 quis
851 1003 1027 1062 extollatur.
1072 994 1162 1059 Idem
1183 996 1252 1080 ipse
1275 997 1351 1061 alibi
1373 1020 1469 1083 gene·

240 1095 318 1163 niter
339 1102 367 1163 et
392 1084 538 1162 absolute
565 1097 771 1183 pronuntiat,
802 1097 926 1162 dicens:
962 1103 1041 1173 Ouid
1066 1105 1145 1162 enim
1172 1104 1264 1162 babes
1296 1105 1378 1179 quod
1408 1124 1468 1166 non

240 1208 360 1280 nepai?
400 1206 462 1266 Aut
482 1207 510 1264 si
530 1207 684 1288 accepisti,
715 1206 790 1279 quid
809 1207 956 1278 plurimis
977 1206 1066 1279 quusi
1086 1222 1148 1265 non
1170 1209 1348 1281 acceperis?
1391 1202 1619 1283 Quintanas.

240 1299 340 1365 sulficut
357 1302 485 1388 singula
507 1302 698 1366 recensere?
720 1300 842 1376 Quibus
865 1302 1028 1366 evidenter
1051 1307 1196 1386 apparet,
1222 1325 1289 1367 non
1311 1306 1468 1369 naturalis

241 1398 356 1492 lberletis
376 1404 546 1470 arbitrium
568 1404 707 1489 gratiam
731 1405 915 1488 promereri,
945 1403 999 1467 sed
1021 1401 1127 1487 potius
1149 1427 1207 1488 per
1228 1407 1368 1491 gratiam
1388 1408 1466 1472 reci-

241 1520 299 1586 pere,
317 1509 345 1569 ut
365 1529 382 1569 a
404 1505 569 1589 servitute,
601 1528 697 1590 quam
719 1507 882 1590 peccando
904 1510 1074 1589 meruerat,
1103 1506 1351 1573 misericorditer
1377 1510 1466 1574 abso-

173 1670 178 1705 ,
240 1598 312 1671 llum
328 1612 412 1673 emet.
457 1607 565 1693 Hujus
587 1609 781 1673 sacramenti
803 1608 1023 1693 redemptione
1046 1612 1122 1673 aute
1144 1611 1256 1674 mundi
1270 1611 1466 1696 principium

173 1732 180 1799 q
239 1707 389 1790 sempiterna
409 1711 614 1796 providentia
636 1712 830 1795 praeparati,
855 1712 920 1777 sive
942 1711 1084 1776 nondum
1100 1712 1226 1796 prolata
1249 1712 1320 1797 lege
1336 1735 1391 1776 seu
1406 1713 1466 1777 sub

173 1826 176 1833 ·
237 1802 416 1877 abenatione
438 1812 546 1898 legali,
571 1813 761 1898 figuralibus
783 1813 886 1898 signis
909 1817 1004 1897 atque
1027 1814 1194 1878 sacrificiis
1221 1815 1364 1878 omnium
1393 1838 1466 1879 san-

190 1922 195 1937 ·
236 1907 327 1976 brom
343 1915 480 1979 virorum
507 1915 762 1999 feminarumque
790 1918 974 1979 sanctarum
1002 1919 1094 1980 vetus
1116 1917 1207 2000 origo
1229 1917 1383 1981 mundata
1406 1923 1464 2001 est,

233 2007 413 2101 luteumque
431 2017 530 2100 justis
551 2038 609 2102 per
631 2019 756 2102 gratiae
772 2016 928 2102 Spiritum
949 2016 1010 2081 hoc
1033 2018 1072 2081 de
1094 2019 1192 2103 longe
1215 2019 1377 2084 adorando
1400 2028 1465 2104 my·

229 2109 305 2180 seio
321 2117 424 2183 salutis
447 2123 599 2185 aeternae
621 2119 762 2183 remedia
785 2121 1006 2205 contigerunt3
1037 2121 1127 2204 cujus
1148 2121 1183 2183 in
1207 2119 1335 2186 Christo
1364 2123 1465 2185 mani-

226 2206 321 2283 seue
338 2220 487 2306 gentibus
508 2221 674 2306 plenitudo
696 2223 851 2286 mundum
872 2228 993 2307 purgat
1015 2227 1047 2286 et
1069 2227 1213 2308 renovat,
1243 2223 1465 2288 beatitudinis-

224 2330 269 2393 luo
289 2327 449 2408 perpetuae
470 2345 545 2388 vere
566 2325 647 2389 facit
669 2346 737 2388 esse
758 2324 942 2408 participes.
1195 2356 1224 2406 g

291 2423 318 2489 9.
355 2424 556 2511 Quapropter
582 2427 678 2492 nimis
701 2427 884 2491 incusamus
906 2427 1023 2491 fratres
1047 2432 1080 2492 et
1102 2430 1304 2514 coepiscopos
1327 2435 1464 2514 nostros,

220 2523 338 2591 mixime'
353 2550 409 2613 per
436 2527 548 2594 Piceni
570 2529 753 2621 provincias
778 2529 958 2594 Ecclesiam
986 2529 1115 2596 Domini
1146 2532 1381 2617 gubernantes,
1411 2535 1465 2618 qui

219 2636 271 2687 n⁰¹¹
296 2629 384 2695 solum
404 2631 600 2716 ineptissimi
635 2631 721 2695 senis
749 2632 956 2718 abjectaeque
983 2655 1139 2717 personae
1163 2656 1296 2717 pravum
1325 2657 1391 2699 non
1413 2635 1465 2698 de-

218 2722 339 2797 lfffuerc
373 2733 580 2818 colloquium,
620 2755 730 2797 verum
764 2735 861 2798 etiam
889 2757 945 2799 suo
979 2736 1141 2800 nutrivere
1175 2758 1341 2800 consensu.
1388 2736 1466 2811 Quis

217 2822 324 2918 Miri,
348 2835 417 2921 quis
438 2836 539 2919 ferat,
568 2857 678 2920 passos
707 2858 775 2900 esse
802 2837 982 2920 pontifices,
1020 2840 1056 2901 ut
1084 2839 1219 2903 cadaver
1246 2839 1354 2902 nescio
1382 2839 1466 2922 quod

217 2918 366 3019 lffigcum
392 2937 616 3023 presbyterum
648 2938 709 3002 sibi
741 2961 808 3002 non
836 2940 1091 3023 acquiescentem
1120 2941 1298 3026 auderet²⁰)
1328 2961 1465 3004 eommu-

215 3022 304 3103 ll⁰1re
318 3038 463 3124 privare?
484 3038 647 3116 Quomodo
669 3040 743 3104 telis
767 3039 816 3104 vel
845 3046 1011 3126 susceptus
1035 3041 1075 3105 ab
1098 3040 1281 3125 uliquouel
1304 3043 1465 3126 patienter

214 3126 328 3205 “ditos
346 3141 419 3207 est?
440 3141 502 3218 Qui
524 3141 654 3227 insuper
682 3143 769 3228 leges
798 3144 885 3207 dedit
912 3143 1051 3207 libenter
1079 3145 1286 3228 acceptas²'),
1319 3149 1356 3209 ut
1382 3147 1464 3209 servi

213 3218 262 3294 Μ
299 3263 358 3308 cum
390 3243 506 3329 puellis
544 3245 644 3309 sacris
684 3247 934 3331 congregatione
967 3244 1211 3323 dedecorissima
1241 3246 1462 3312 miscerentur.

211 3319 295 3405 *lun
310 3366 400 3431 quum
414 3344 576 3432 spiritales
599 3347 710 3429 animi,
734 3348 831 3412 etiam
847 3371 945 3433 quum
957 3348 1063 3412 desint
1077 3349 1141 3411 ista
1157 3349 1326 3434 consortia,
1351 3350 1464 3436 imagi-

209 3436 305 3509 “fiir
321 3447 513 3513 infestentur
527 3448 697 3534 illecebris,
721 3451 987 3534 quemadmodum
1008 3450 1124 3514 alterni
1139 3472 1234 3515 sexus
1255 3452 1386 3536 intuitu,
1410 3453 1464 3538 qui

208 3522 300 3611 lh(tit
310 3548 381 3634 et²²)
396 3549 554 3634 nolentes,
578 3574 644 3617 non
659 3554 880 3619 vehementius
895 3553 1095 3618 incitentur?
1110 3553 1226 3617 Adhuc
1240 3555 1345 3638 majus
1361 3554 1464 3618 scelus

209 3647 359 3742 Quat,
380 3657 419 3719 ut
439 3655 500 3718 sub
523 3643 696 3740 conspectu
720 3661 752 3720 et
773 3657 957 3740 praesentia
979 3656 1181 3721 sacerdotum
1210 3656 1323 3723 beatae
1348 3678 1464 3721 memo

208 3747 273 3805 Μ
294 3749 517 3840 Hieronymum
537 3761 633 3842 atque
656 3758 885 3843 Augustinum,
910 3759 1197 3823 ecclesiasticorum
1218 3757 1341 3823 lumina
1364 3760 1464 3845 magi·

209 3834 344 3939 mrum,
365 3880 471 3924 musca
492 3868 650 3942 moritura,
674 3861 758 3924 sicut
780 3861 935 3945 scriptum
957 3865 1016 3943 est,
1045 3868 1251 3926 exterminans
1279 3867 1376 3926 oleum
1397 3884 1463 3927 sua-
1477 3848 1580 3970 Efclffl·
1690 3934 1693 3938 ,

212 3941 312 4042 Μ,
335 3958 477 4026 lacerare
505 3962 722 4027 contenderet.
768 3961 830 4026 Sed
851 3962 927 4047 quid
955 3963 1107 4027 miremur
1140 3962 1346 4027 ecelesiarum
1373 3984 1463 4048 prae·
1485 3924 1552 3983 1⁰''

217 4122 498 4163 X*-
527 4103 535 4109 .

173 4258 178 4391 p
222 4224 545 4404 mmm
563 4252 674 4323 dogma,
693 4270 748 4323 quo
767 4254 888 4324 gratiam
907 4270 924 4309 a
941 4254 1021 4309 nobis
1038 4255 1196 4325 praeveniri
1208 4271 1240 4309 ac
1252 4254 1463 4324 praevenientes

318 4335 482 4395 'volebant

173 4412 178 4523 l
272 4437 299 4501 'l
313 4438 343 4493 ln
360 4439 483 4511 vulgatis
500 4448 592 4497 aridire
609 4450 777 4498 communione
794 4450 939 4512 priorum·

270 4540 298 4609 “l
313 4541 355 4597 lle
367 4541 401 4598 (Ρ
416 4546 551 4614 (accepi’),
564 4544 606 4599 ed
621 4558 746 4614 exceptus
759 4548 795 4612 (ε’
808 4545 844 4600 ad
856 4563 944 4616 marg.
959 4546 1039 4614 „fort
1053 4550 1214 4615 exceptus“).
1246 4544 1281 4599 Et
1298 4546 1370 4600 hanc
1381 4544 1463 4598 licen·

221 4616 270 4677 firm
284 4623 388 4699 Pelagii
408 4626 521 4700 placitis
543 4633 757 4685 consentaneam
780 4648 840 4686 esse
862 4630 987 4687 Nor-isius
1008 4631 1071 4687 hist.
1096 4631 1189 4702 Pelag.
1213 4631 1261 4684 lib.
1279 4631 1306 4684 II
1324 4647 1346 4685 c.
1361 4635 1392 4684 1⁷
1415 4629 1463 4684 ob·

214 4714 295 4767 msc
331 4710 414 4768 Certa
430 4712 615 4784 Hieronymus
633 4715 764 4771 adraim
782 4714 878 4786 Pelag.
896 4714 944 4771 lib.
959 4716 971 4769 l
989 4715 1063 4772 circa
1080 4717 1152 4771 med.
1170 4717 1249 4771 illum
1267 4714 1369 4785 arguit,
1388 4714 1464 4784 quod

208 4795 303 4853 minu
320 4797 406 4855 efiam
423 4804 449 4853 in
465 4804 738 4873 frequentissimorum
756 4813 781 4856 et
799 4808 995 4872 conprepuiione
1013 4807 1143 4858 turbarum
1158 4808 1271 4872 psallere
1287 4806 1427 4871 persciscat.

261 4901 292 4969 Ι1)
311 4899 356 4957 lu
367 4900 423 5011 ⁸G¹3
442 4900 511 4957 editi
530 4909 574 4973 qui
589 4909 674 4959 illicite
693 4912 815 4960 nolenter.
