3412 5664
678 343 848 394 aursnonn
873 335 901 392 1.
1348 326 1411 391 619

183 475 344 564 Proverbiis:
363 503 469 565 Odium
480 506 605 565 suscitat
616 505 764 563 contentia
773 498 829 583 19),·
846 519 946 562 omnes
957 509 1065 575 antem,
1079 505 1133 577 qai
1146 519 1205 562 non
1217 502 1408 576 contendunt,
1422 496 1458 555 (a.
1469 497 1540 562 496.)

183 603 449 680 lrotepit'amicitia.
499 601 584 665 Nam
606 603 639 664 et
661 599 822 684 apostolus
849 600 889 662 ad
912 599 1108 665 Corinthios:
1138 604 1232 676 (laam
1254 605 1332 663 enim
1352 605 1412 662 sim
1422 563 1511 695 ἓξὲξ

183 698 237 763 tter
253 725 302 769 nos
323 710 538 768 aemulationes
558 714 588 766 et
609 710 821 780 contentiones,
846 723 944 767 nonne
964 708 1105 767 carnales
1125 710 1195 767 estis
1208 713 1237 767 et
1250 706 1559 798 secandamffiffiss¹

183 811 296 869 ominem
318 811 499 871 ambulatis?
535 805 617 870 Item
640 804 679 868 ad
701 803 940 888 Philippenses:
963 808 1078 883 Siqua
1100 825 1173 883 erpo
1194 808 1360 868 consolatio
1380 808 1413 866 in
1424 814 1543 885 Philipp.

183 908 284 985 imno,
318 907 388 990 si²,⁰)
412 928 473 987 aaa
495 914 635 972 allocutio
656 913 810 983 caritatis,
839 914 868 971 si
892 927 952 984 aaa
974 914 1101 971 societas
1122 912 1263 986 spiritns,
1296 911 1324 969 si
1349 925 1411 983 aaa
1427 889 1532 950 ΞΗ·

183 1028 267 1072 sera
295 1021 324 1074 et
350 1017 570 1086 miserationes,
610 1017 728 1089 implete
759 1014 908 1088 paediam
935 1029 1045 1091 meam,
1084 1020 1116 1073 at
1144 1013 1274 1087 idipsum
1303 1012 1413 1071 dicatis

183 1131 265 1190 nes,
288 1118 421 1176 eamdem
442 1119 601 1177 caritatem
616 1117 771 1189 latentes,
797 1116 873 1175 nibil
885 1132 942 1190 per
955 1111 1217 1196 contentionem²¹)
1241 1129 1336 1188 nepae
1352 1129 1412 1188 per

183 1220 428 1294 nemptonum,
452 1219 506 1279 secl
527 1221 557 1278 in
579 1219 745 1278 bumilitate
766 1220 872 1277 mentis
893 1219 1016 1277 inuicem
1039 1220 1229 1281 aestimantes
1249 1216 1412 1291 semetipsis

183 1320 328 1395 mores,
352 1336 412 1381 non
433 1337 490 1381 saa
510 1322 624 1395 sinpali
643 1323 844 1396 respicientes,
868 1320 923 1380 sed
943 1322 1081 1380 aliorum.

709 1485 791 1552 Cae.
814 1485 855 1551 V.
911 1531 914 1538 -

218 1586 264 1653 6.
300 1586 371 1654 Hoc
393 1591 502 1652 tamen
525 1589 695 1673 praecipue
722 1589 850 1653 insinno
873 1588 1038 1653 serenitati
1065 1591 1155 1670 tuae,
1185 1585 1411 1671 gloriosissime

183 1685 448 1755 clementissime
470 1690 517 1753 fili
539 1692 701 1775 Auguste,
729 1694 766 1754 ut
787 1712 884 1775 quum
907 1712 1020 1754 causae
1043 1687 1334 1753 Alexandrinorum
1357 1712 1411 1773 pa-

183 1787 272 1856 rint
293 1791 443 1876 piissimis
467 1792 595 1856 auribus
617 1793 747 1875 vestris,
783 1793 823 1856 ad
852 1792 1011 1855 sinceram
1037 1795 1070 1855 ct
1098 1790 1289 1856 catholicam
1316 1792 1411 1856 fidem

216 1894 445 1976 anctoritate,'
466 1893 624 1977 sapientia
652 1894 831 1980 divinisque
859 1894 972 1958 vestris
994 1893 1125 1958 monitis
1146 1892 1249 1957 redire
1270 1893 1409 1958 faciatis.

183 2009 224 2053 m
254 1994 330 2080 quid
356 1996 531 2060 tenendum
558 1996 600 2060 sit
626 1996 661 2060 in
688 1996 844 2080 religione
873 1996 1043 2079 catholica,
1078 1995 1251 2060 secundum
1279 1995 1412 2061 definita

183 2110 276 2161 mm
298 2101 330 2162 et
351 2097 621 2180 praedicationem
643 2100 785 2162 omnium
808 2097 1016 2183 sacerdotum,
1039 2098 1094 2183 qui
1109 2098 1144 2161 in
1159 2096 1304 2161 Ecclesia
1318 2096 1411 2160 floru-

183 2197 259 2279 nt,
285 2199 314 2263 si
335 2199 397 2263 hoc
419 2221 542 2284 quoque
564 2200 806 2283 praeceperitis,
837 2201 1011 2265 scientibus
1039 2200 1074 2264 in
1102 2199 1288 2264 memoriam
1308 2201 1411 2263 trans-

183 2293 304 2364 tiendo
326 2301 561 2384 renovabimus,
585 2302 811 2387 ignorantibus
834 2303 873 2366 ad
889 2303 1074 2367 discendum
1089 2324 1147 2386 pro
1162 2301 1268 2370 officio
1283 2303 1425 2378 nostrae,

183 2395 369 2467 tructionis
392 2404 621 2489 offeremusw),
649 2403 795 2469 utnulla
818 2408 908 2469 extra
930 2404 1009 2469 haec
1031 2404 1233 2488 ingeniorum
1251 2403 1412 2486 jactantia
1452 2396 1457 2408 ⁸

183 2544 186 2555 ι
213 2504 409 2589 pravitas²³)
433 2504 589 2569 audiatur.

696 2641 777 2708 Car.
800 2642 857 2707 VI.

229 2740 262 2807 7.
300 2742 383 2807 Illud
404 2765 479 2807 vero
502 2743 693 2828 peculiarius
721 2766 779 2829 pro
807 2767 913 2809 amore
940 2744 1066 2829 imperii
1094 2744 1191 2808 vestri
1221 2746 1254 2807 et
1275 2742 1411 2807 beat'tn-

183 2855 237 2923 10,
268 2867 349 2930 quae
371 2845 568 2932 consequi²⁴)
591 2847 710 2930 poterit
730 2869 882 2932 regnum,
916 2869 973 2930 pro
995 2845 1170 2931 apostolico
1194 2845 1299 2910 officio
1321 2867 1411 2929 prae-

188 2995 329 3013 Χ-η
340 3007 384 3012 -,.

213 3098 247 3167 ¹⁸)
264 3101 298 3154 n
310 3103 338 3155 a¹
351 3103 376 3154 ε’
390 3103 427 3155 c¹⁰
444 3107 631 3157 contentiones:
650 3101 832 3156 renitentibus
844 3099 905 3156 aliis
922 3100 1009 3154 libris.
1040 3101 1072 3154 In
1083 3100 1207 3170 Vulgata
1218 3099 1332 3168 quidem
1343 3098 1410 3167 legi-

183 3189 188 3202 '
206 3187 300 3245 rixas.-
317 3186 367 3240 sed
385 3201 487 3254 gracco
505 3184 597 3241 haesit
613 3187 785 3251 Anastasius,
803 3185 833 3239 in
851 3201 905 3255 quo
923 3186 1055 3240 habetur:
1079 3191 1161 3252 μῖσος
1184 3180 1288 3254 ἐγείρει
1306 3190 1409 3251 νεῖκος,

184 3278 259 3334 ’τας
281 3269 313 3326 cli
336 3266 403 3334 τούς
418 3266 464 3339 ’μὴ
488 3275 725 3338 φιλονεικοῦντας
744 3268 882 3327 καλύπτει
901 3275 1000 3338 φιλίας
1024 3271 1102 3340 cnjus
1123 3288 1219 3327 versus
1240 3270 1411 3339 postremam

183 3345 258 3435 fieus
274 3354 397 3423 Vulgata
423 3354 516 3410 reddit
537 3355 579 3409 his
596 3355 701 3409 verbis:
725 3363 842 3410 universa
861 3362 954 3410 delicta
971 3361 1056 3424 operit
1074 3362 1178 3412 caritas.
1211 3355 1252 3409 Ex
1270 3369 1325 3423 quo
1341 3353 1411 3407 illud

183 3431 238 3520 {ter
261 3440 464 3495 observandum
485 3439 573 3507 venit,
596 3441 709 3495 Petrum
731 3441 768 3495 ad
786 3441 913 3496 eumdem
935 3440 1149 3496 Proverbiornm
1170 3441 1262 3496 locum
1279 3439 1410 3506 alludere,

183 3526 193 3563 ¹
210 3520 255 3578 sit
272 3529 305 3591 (l.
318 3526 393 3580 Petr.
407 3532 436 3592 i,
449 3529 488 3592 8):
508 3521 606 3596 ἀγάπη
625 3522 763 3581 καλύπτει
780 3530 895 3595 πλῆθος
913 3522 1060 3595 ἁμαρτιῶν
1077 3530 1185 3594 (caritas
1202 3531 1288 3594 operit
1303 3530 1410 3579 multita-

183 3613 229 3656 ie.
247 3613 430 3679 peccatoram),
449 3610 574 3678 adeoque
593 3610 735 3680 apostolos
753 3627 770 3665 a
787 3611 860 3665 LXX
876 3611 1076 3682 interpretibus
1091 3610 1232 3669 interdum
1244 3611 1409 3665 discessisse.

183 3694 228 3776 ¹¹30
246 3694 384 3750 Ausetani
400 3695 492 3748 locum
509 3695 551 3749 ita
567 3694 692 3750 imitatus
711 3699 766 3762 est,
791 3696 838 3765 qui
857 3695 1028 3767 capitularis
1044 3713 1143 3765 regum
1161 3695 1329 3751 Francorum
1348 3713 1411 3750 con-

183 3760 234 3838 fflss,
250 3782 280 3832 ut
293 3779 509 3834 Proverbiornm
525 3781 613 3834 verba
631 3781 705 3835 velut
722 3780 868 3850 ipsiusmet
879 3781 1018 3836 Anastasii
1036 3781 1112 3836 dieta
1123 3781 1261 3851 accepisse
1273 3781 1409 3836 videatur.

183 3861 256 3927 0me
272 3862 318 3919 lib.
338 3869 353 3918 6
371 3882 394 3919 c.
413 3871 463 3919 Sti
485 3865 583 3919 habet:
612 3869 701 3920 Omnes
718 3877 745 3919 ut
763 3887 811 3921 non
829 3874 984 3922 contendant
1004 3879 1125 3936 protepat
1148 3873 1266 3920 ansicitia.
1303 3871 1368 3920 Nam
1386 3878 1410 3920 el

183 3951 278 4002 mnan
295 3955 330 4003 ad
347 3954 491 4004 Corinthios
509 3956 628 4018 scripsit:
655 3955 731 4016 Qunam
753 3958 805 4005 sint
822 3958 889 4005 inter
907 3972 950 4006 sos
967 3962 1032 4012 ctc.,·
1055 3953 1083 4005 et
1100 3951 1147 4006 lib.
1166 3958 1180 4006 'l
1200 3969 1221 4006 c.
1242 3957 1303 4005 ⁸247:
1328 3955 1411 4005 Omnis

183 4026 263 4086 ΙΙἐιοιι
283 4040 413 4089 contendit
435 4041 547 4104 protepil
569 4042 708 4090 amicitiam.
745 4041 810 4090 Nam
828 4047 853 4090 et
873 4044 1003 4105 aposlolus
1025 4042 1061 4090 ad
1079 4041 1222 4092 Corinthios
1240 4048 1288 4090 etc.
1318 4039 1410 4105 Atque

183 4106 266 4201 {locas
283 4119 359 4173 bret
376 4117 424 4173 uui
435 4119 485 4185 11³,
503 4119 532 4173 in
545 4136 600 4187 quo
613 4121 777 4175 offendimus
793 4133 932 4190 protepant
949 4126 1093 4185 asianam,
1113 4121 1160 4175 ubi
1179 4121 1208 4176 in
1225 4120 1286 4177 aliis
1299 4121 1412 4191 quinde-
1448 4164 1455 4173 ‚

183 4210 214 4248 lm
227 4208 252 4255 nt
268 4203 296 4257 in
313 4203 395 4258 editis
413 4203 559 4259 exhibetur
575 4215 689 4274 proteptl
706 4212 824 4260 amicilia.

222 4287 292 4355 ’ἤι’
311 4292 341 4342 Si
358 4294 427 4358 quod
442 4296 556 4343 solatium
573 4298 697 4347 caritatis.

219 4374 249 4441 ²¹)
265 4373 299 4427 E’
316 4380 489 4429 contentiones
506 4390 625 4444 moxque
644 4392 705 4428 cum
723 4375 848 4445 pluribus
863 4380 1042 4447 sibimetipsos,
1062 4377 1110 4432 ubi
1128 4377 1175 4433 alii
1186 4383 1347 4447 sibimetipsis
1359 4377 1411 4444 (ita

183 4466 199 4523 t,
212 4464 377 4527 semetipsum.
396 4465 544 4529 semetipsas
562 4460 612 4527 (ita
629 4461 684 4529 H‘t.

215 4545 249 4612 η)
265 4543 302 4597 H⁵
313 4543 331 4597 J
342 4543 371 4597 b¹
384 4544 405 4597 i¹
423 4551 559 4614 opinans.
595 4546 679 4600 Plura
696 4549 808 4616 patrum
825 4546 985 4602 testimonia
1001 4548 1036 4603 de
1054 4567 1096 4615 re,
1118 4566 1189 4617 quae
1207 4548 1235 4602 in
1254 4550 1410 4604 controver-

183 4648 217 4686 ιω
229 4629 395 4696 iocabatur,
413 4629 469 4684 Leo
487 4629 524 4685 ad
542 4630 646 4685 calcem
658 4631 792 4701 epistolae
812 4632 1038 4688 incatenatus
1055 4635 1106 4688 sub
1125 4637 1207 4689 tinem
1224 4635 1360 4688 tractatus
1371 4634 1409 4689 111

183 4713 333 4785 bjecsruut.

209 4802 247 4866 ¹⁸)
265 4802 293 4853 a¹
306 4800 324 4853 b
337 4802 363 4854 ιι*
380 4817 420 4869 sq.
438 4806 583 4869 pravitatis.

208 4886 247 4955 ἰ)
265 4887 305 4939 c¹⁰
321 4884 400 4940 addit
416 4898 536 4951 nestram,
555 4888 585 4943 et
601 4903 665 4941 mox
682 4887 717 4942 E²
734 4886 822 4943 omitt.
840 4909 899 4959 pro.
935 4889 1041 4947 Ibidem
1059 4893 1119 4947 00¹
1138 4898 1257 4963 repinen.
