3450 5678
474 330 477 334 ’
517 344 689 394 nrls'rona
713 335 753 392 26
777 328 837 413 (ax
860 345 953 394 arur.
979 330 1192 414 canaram).
1241 394 1249 402 ,
1429 334 1492 398 415

199 488 221 497 ”
232 502 313 564 rator
326 499 506 582 exsisteret,
522 497 695 583 principali
710 500 873 564 sententia
888 499 1105 565 damnationis
1121 499 1190 584 ejus
1205 503 1291 564 esset
1304 500 1493 587 obstrictus3
1506 528 1531 567 a.
1542 520 1600 570 aso.

225 602 373 686 quoniam
408 600 580 666 manifeste
613 601 749 687 quilibet
781 602 830 666 vel
857 603 1057 687 professione
1090 624 1147 667 sua
1186 602 1237 668 vel
1270 604 1493 670 communione

223 707 326 788 posset
349 704 493 789 agnosci.
772 772 778 781 ,

301 805 348 870 Et
379 809 416 870 ut
447 806 616 871 brevitatis
645 828 740 871 causa
768 807 876 891 priora
903 810 1082 892 taceamus,
1117 829 1199 893 quae
1221 807 1359 893 diligens
1387 809 1492 895 inqui-

221 909 297 973 sitor
330 908 427 974 facile
464 909 584 994 poterit
615 910 791 995 vestigare:
825 909 999 975 Sabellium
1032 910 1199 974 damnavit
1235 911 1390 995 synodus,
1431 935 1492 978 nec

221 1011 280 1076 luit
306 1032 448 1096 necesse,
478 1014 517 1076 ut
537 1011 607 1095 ejus
628 1015 802 1077 sectatores
829 1016 941 1097 postea
968 1012 1214 1096 damnarentur,
1245 1013 1390 1098 singulas
1417 1014 1491 1079 viri-

220 1114 277 1179 tim
297 1113 437 1199 synodos
460 1113 631 1199 celebrari,
661 1115 716 1178 sed
746 1137 804 1198 pro
831 1119 944 1179 tenore
967 1116 1206 1180 constitutionis
1234 1116 1386 1200 antiquae
1415 1139 1490 1181 cun-

222 1221 296 1301 ctos,
313 1218 369 1302 qui
390 1216 439 1282 vel
460 1216 629 1301 pravitatis
662 1217 749 1281 illius
781 1217 831 1281 vel
867 1218 1099 1282 communionis
1127 1218 1278 1282 exstitere
1303 1219 1488 1303 participes,

222 1319 408 1386 universalis
430 1318 577 1384 Ecclesia
599 1319 692 1383 duxit
712 1341 781 1383 esse
803 1319 1001 1384 refutandos.
1039 1318 1093 1385 Sic
1115 1323 1246 1404 propter
1274 1319 1490 1405 blasphemias

222 1423 288 1488 Arii
318 1423 423 1488 foruna
449 1421 524 1486 fidei
553 1422 846 1506 communionisque
869 1421 1062 1511 catholicae,
1096 1421 1241 1502 Nicaeno
1264 1422 1389 1506 prolata
1417 1446 1490 1489 oon·

222 1528 332 1608 ventu,
371 1525 509 1590 Arianos
542 1545 667 1607 omnes,
706 1523 756 1588 vel
783 1525 926 1610 quisquis
958 1524 993 1587 in
1026 1524 1111 1588 hanc
1144 1527 1267 1608 pestem
1300 1527 1366 1590 sive
1394 1549 1490 1591 sensu

221 1628 282 1692 sive
312 1627 536 1692 communione
563 1626 732 1709 deciderit,
762 1627 831 1690 sine
853 1627 1081 1691 retractatione
1105 1625 1279 1715 ,conclusit
1307 1626 1360 1692 Sic
1383 1628 1489 1695 lluno

222 1731 335 1813 mium,
368 1714 609 1811 Macedonium,
638 1727 824 1792 Nestorium
845 1729 984 1813 synodus
1007 1728 1104 1792 semel
1137 1732 1230 1813 gesta
1259 1729 1487 1816 condemnans,

224 1833 356 1897 ulterius
383 1831 423 1895 ad
450 1853 534 1895 nova
562 1829 698 1895 concilia
719 1831 829 1894 venire
856 1852 923 1895 non
950 1831 1040 1914 sivit3
1073 1831 1129 1894 sed
1157 1830 1321 1896 universos
1348 1855 1488 1918 quocun·

221 1956 277 2020 que
298 1933 393 1998 modo
413 1930 454 2006 in
477 1933 536 1997 has
563 1932 779 2016 blasphemias
811 1933 1006 2015 recidentes,
1035 1932 1155 1997 tradito
1176 1934 1236 1997 sibi
1265 1934 1368 1999 limite
1395 1958 1488 2020 syno
1547 1974 1551 1981 ·

221 2037 279 2101 ‹lali
302 2036 458 2101 refutavit
479 2035 637 2117 Ecclesia,
665 2057 725 2100 nec
753 2057 894 2119 unquam
921 2038 1009 2098 recte
1038 2037 1170 2100 cessisse
1196 2036 1403 2101 manifestum
1426 2043 1486 2122 est,

221 2139 359 2224 qnalibet
386 2139 579 2202 necessitate
608 2140 759 2222 cogente,
793 2138 919 2202 noviter
945 2158 1027 2221 quae
1059 2137 1190 2200 fuerant
1215 2137 1387 2202 salubriter
1414 2161 1487 2205 con·

221 2242 345 2325 stituta,
374 2243 557 2305 temerasse.
602 2239 676 2304 Non
705 2243 811 2304 autem
840 2261 899 2304 nos
927 2240 1023 2322 latet,
1058 2239 1093 2303 in
1121 2232 1314 2324 tempestate
1340 2263 1486 2325 persecu-

220 2344 313 2410 tionis
335 2342 480 2408 Arianae
508 2342 661 2427 plurimos
688 2341 873 2426 pontifices,
902 2342 941 2406 de
969 2341 1089 2406 exsiliis
1124 2363 1204 2426 pace
1231 2342 1356 2407 reddita
1388 2346 1486 2429 respi-

222 2451 337 2532 rantes,
366 2466 426 2530 per
451 2448 555 2509 certas
582 2444 763 2529 provincias
775 2445 995 2530 «congregatis
1024 2466 1131 2509 secum
1158 2444 1313 2510 fratribus
1336 2445 1486 2512 ecclesias

222 2547 430 2635 composuisse
452 2547 615 2630 turbatas3
643 2568 709 2611 non
731 2550 841 2612 tamen
867 2551 904 2610 ut
930 2548 1016 2611 illius
1043 2548 1156 2631 synodi
1184 2547 1363 2630 Nicaenae,
1398 2549 1486 2633 quid·

222 2651 291 2735 qnid
314 2651 354 2715 de
380 2650 442 2714 tide
466 2652 498 2713 et
520 2650 742 2713 communione
765 2649 924 2713 catholica
944 2649 1142 2731 definiverat,
1173 2650 1395 2732 immutarent,
1425 2672 1483 2717 nea

221 2773 298 2817 nova
319 2773 513 2840 quemquam
540 2751 723 2835 prolapsum
752 2751 959 2815 damnatione
987 2750 1208 2834 percellerent,
1237 2752 1293 2816 sed
1321 2752 1406 2816 illius
1434 2753 1485 2817 de-

221 2857 429 2924 cretitenore
451 2853 515 2918 nisi
537 2855 733 2937 resipuisset,
758 2854 942 2937 judicavere
970 2852 1173 2937 damnatum,
1203 2856 1348 2938 essetque
1377 2875 1485 2923 canse-

220 2978 325 3042 quens,
349 2960 385 3021 ut
405 2956 470 3021 nisi
492 2956 678 3041 corrigeret,
702 2955 902 3020 damnationi
924 2954 1036 3039 procul
1058 2955 1153 3020 dubio
1175 2955 1367 3038 subjaceret.

297 3061 329 3125 3.
367 3057 490 3135 Quibus
512 3059 750 3140 convenienter,
783 3061 820 3121 nt
841 3057 961 3121 dictum
984 3061 1052 3139 est,
1082 3079 1120 3121 ex
1147 3061 1284 3142 paterna
1311 3058 1486 3123 traditione

220 3160 382 3247 perpensis
405 3159 603 3251 confidimus,
628 3161 711 3245 quod
733 3160 840 3224 nullus
858 3160 928 3243 jam
949 3159 1106 3223 veraciter
1121 3158 1322 3225 Christianus
1344 3161 1483 3245 ignoret,

219 3263 464 3348 uniuscujusque
486 3263 601 3348 synodi
624 3263 846 3345 constitutum,
870 3262 954 3346 quod
976 3262 1167 3326 universalis
1183 3260 1349 3326 Ecclesiae
1371 3264 1485 3346 proba·

218 3365 261 3429 rit
288 3386 453 3449 asseram,
488 3366 612 3430 nullam
643 3365 748 3450 magis
782 3364 912 3450 exsequi
940 3364 1047 3428 sedem
1074 3369 1219 3449 oportere
1247 3385 1324 3447 prae
1359 3365 1483 3448 ceteris,

218 3489 311 3551 quam
331 3468 480 3552 primam,
503 3489 585 3552 quae
607 3470 640 3532 et
661 3489 916 3552 unamquamque
938 3466 1095 3551 synodum
1117 3488 1174 3531 sua
1196 3466 1388 3530 auctoritate
1411 3487 1485 3531 eon·

217 3569 332 3654 firmat,
356 3573 389 3634 et
411 3571 600 3636 continuata
628 3569 846 3633 moderatione
870 3569 1023 3653 custodit5
1053 3591 1112 3653 pro
1135 3590 1191 3633 suo
1214 3567 1339 3633 scilicet
1364 3569 1484 3652 princi-

217 3677 303 3757 patu,
327 3693 422 3759 quem
445 3672 558 3737 beatus
580 3670 743 3757 apostolus
766 3671 880 3736 Petrus
902 3671 1033 3735 Domini
1056 3693 1132 3737 voce
1153 3673 1350 3757 perceptum,
1374 3671 1485 3736 Eccle-

217 3776 262 3838 sia
282 3772 495 3840 nihilominus
517 3775 742 3858 subsequente,
767 3777 800 3837 et
820 3774 927 3837 tenmt
948 3796 1074 3859 semper
1096 3778 1129 3839 et
1150 3774 1279 3838 retinet.

194 3912 199 3918 ·
298 3874 390 3942 Haec
417 3875 494 3941 dum
520 3876 675 3941 Acacium
704 3876 799 3939 certis
827 3877 1034 3960 comperisset
1060 3876 1189 3940 indiciis
1218 3897 1237 3938 a
1270 3876 1404 3940 veritate
1433 3876 1484 3942 de·

216 3981 328 4062 vissae,
352 3979 474 4044 diutius
496 3979 560 4044 ista
581 4000 647 4043 non
670 3978 813 4061 credens,
843 3979 961 4062 quippe
989 4000 1084 4063 quem
1105 3981 1240 4042 noverat
1266 3981 1484 4043 exsecutorem
1582 4028 1586 4038 ,

216 4103 310 4168 saepe
332 4081 531 4146 necessariae
555 4081 772 4165 dispositionis
795 4102 871 4144 suae
894 4084 1007 4145 contra
1027 4079 1205 4144 haereticos
1227 4081 1398 4162 exstitisse,
1426 4102 1485 4164 per

214 4184 392 4249 triennium
412 4184 481 4249 fere
502 4183 619 4248 litteris
642 4181 812 4247 destinatis
834 4183 980 4247 eumdem
1001 4203 1131 4247 monere
1153 4203 1219 4247 non
1241 4181 1375 4264 destitit,
1400 4181 1485 4245 sicut

158 4332 161 4337 ‚
214 4307 273 4371 par
293 4286 435 4351 disemos
456 4287 554 4351 missa
575 4284 778 4349 familiariter
800 4284 921 4368 scripta
942 4287 1113 4348 testantur.
1140 4282 1261 4358 Quibus
1276 4282 1330 4347 ille
1345 4284 1484 4367 primurn

213 4393 380 4475 tamquam
408 4387 516 4453 dedito
543 4388 672 4451 silentio
704 4387 787 4452 nihil
820 4387 1011 4471 respondere
1038 4407 1236 4471 proponens,
1270 4385 1400 4447 tandem
1428 4383 1484 4448 ali·

213 4490 343 4577 quando
365 4490 471 4555 missis
492 4490 609 4555 litteris
630 4490 809 4575 profitetur,
840 4512 874 4553 se
897 4488 1117 4553 Alexandrino
1139 4488 1245 4570 Petro,
1274 4508 1369 4571 quem
1391 4506 1483 4570 expe·

212 4593 276 4658 tite
303 4592 499 4678 apostolicae
526 4592 610 4658 sedis
643 4595 809 4658 exsecutor
842 4592 911 4676 ipse
943 4612 1068 4676 quoque
1104 4590 1328 4671 damnaverat,
1364 4589 1484 4673 absque

213 4695 412 4780 apostolicae
433 4695 518 4760 sedis
539 4695 656 4759 notitia
679 4677 912 4759 communione*
924 4693 1126 4777 permixtum.
1156 4691 1250 4756 Beati
1272 4694 1380 4754 autem
1394 4689 1483 4754 Petri

212 4797 317 4881 aedes,
345 4817 429 4882 quas
450 4797 707 4862 Alexandrinum
729 4796 860 4860 Petrum
887 4818 921 4859 se
949 4795 1171 4860 tantummodo
1199 4794 1387 4874 damnasse,
1416 4813 1483 4857 non

212 4900 313 4965 etiam
336 4898 469 4964 solvisse
491 4904 635 4984 noverat,
658 4921 724 4964 non
746 4900 883 4986 recepit5
911 4903 1006 4984 atque
1029 4897 1111 4986 ideo,
1135 4918 1176 4962 nc
1197 4917 1256 4983 per
1270 4894 1427 4962 Acacium
1446 4895 1483 4960 in
