3450 5678
225 212 246 241 N

227 293 290 358 350
704 308 732 355 s.
750 304 890 355 auuasrr
912 306 1028 354 Paean

100 473 213 538 (anu)
228 461 269 525 ad
290 438 412 525 Urbem
434 460 552 524 reversi
576 458 779 523 clementiam
807 458 955 524 vestram‘
969 461 1131 545 quaesisse
1154 460 1350 548 dixerunt³),
1380 484 1440 527 eur
1461 462 1503 527 ad

226 585 282 628 vos
304 580 393 627 meae
415 561 619 626 salutationis
648 561 769 645 scripta
796 584 863 626 non
891 562 1043 626 miserim.
1096 561 1172 627 Non
1194 584 1281 646 meo,
1305 563 1429 647 fateor,
1452 564 1503 630 in·

226 666 355 747 stitut03
378 664 433 729 sed
456 686 553 748 quum
576 663 691 727 directi
714 664 832 727 dudum
855 663 893 728 de
915 664 1062 748 partibus
1079 664 1222 729 Orientis
1237 664 1288 730 vel
1303 665 1435 731 videndi
1448 688 1503 731 me

226 768 391 833 licentiam
419 766 479 830 sibi
508 766 623 829 vestris
645 765 925 850 praeceptionibus
949 766 1144 851 abnegatam
1171 769 1240 831 tota
1263 766 1350 832 Urbe
1379 767 1504 853 disper·

192 930 196 941 ,
226 870 338 952 serint,
363 892 382 933 a
404 867 521 932 litteris
545 867 665 932 credidi
687 867 942 952 temperandum,
967 890 1008 932 ne
1031 889 1183 933 onerosus
1205 869 1312 952 potius
1334 890 1435 954 quam
1455 870 1504 935 of·

123 2070 135 2115 1
147 2062 208 2115 (lor.

133 2135 203 2196 ars.

225 972 352 1036 ficiosus
379 971 575 1034 exsisterem.
614 968 739 1033 Videtis
761 970 877 1054 igitur,
912 991 979 1035 non
1007 991 1079 1035 mea
1107 970 1360 1035 dissimulatione
1389 993 1504 1055 prore

226 1074 312 1137 nisse
318 1123 327 1157 ,
351 1073 407 1136 sed
430 1071 641 1156 competentis
663 1071 762 1135 fuisse
785 1072 945 1155 cautelae,
974 1094 1016 1136 ne
1039 1072 1264 1156 respuentibus
1285 1072 1407 1138 animis
1436 1096 1504 1139 mo

225 1175 334 1239 lestias
358 1175 544 1259 irrogarem.
590 1173 652 1237 Sed
680 1173 733 1237 ubi
764 1174 947 1238 serenitatis
974 1178 1050 1238 tuae
1079 1174 1336 1240 benevolentiam
1358 1179 1503 1261 oomperi

224 1277 380 1362 praefatis
407 1275 625 1340 indicantibus
651 1274 842 1339 humilitatis
870 1298 959 1340 meae
988 1276 1163 1341 clementer
1191 1278 1351 1361 expetisse
1380 1299 1503 1343 sermo·

224 1402 313 1461 nem,
344 1379 412 1462 jam
442 1399 552 1442 revera
581 1378 752 1460 perpendi,
786 1379 1034 1463 reputanduml)
1061 1378 1140 1442 mihi
1168 1401 1235 1444 non
1256 1379 1437 1463 immerito,
1474 1381 1502 1445 si

224 1485 379 1562 taceren13
415 1480 507 1564 quia,
536 1479 674 1564 gloriose
701 1479 763 1562 tili,
794 1481 859 1566 etl)
888 1480 972 1544 sieut
999 1479 1164 1545 Romanus
1191 1485 1288 1546 natus
1316 1480 1502 1547 Romanum

223 1585 403 1668 principem
426 1604 508 1664 arno,
533 1580 612 1665 colo,
637 1581 820 1667 suspicioss),
845 1586 878 1645 et
900 1583 984 1646 sicut
1004 1582 1206 1647 Christianus
1235 1583 1342 1669 euml)
1365 1605 1416 1666 eo,
1444 1585 1501 1670 qui

223 1686 326 1751 zelum
349 1685 409 1749 Dei
432 1684 546 1765 habet,
576 1684 752 1747 secundum
774 1684 943 1748 scientiam
967 1685 1111 1748 veritatis
1133 1684 1252 1749 habere
1274 1685 1439 1769 desidero,
1468 1690 1503 1751 et

224 1788 453 1873 qualiscunque
470 1785 663 1869 apostolicae
684 1786 767 1849 sedis
783 1787 930 1869 vicarius,
954 1786 1071 1871 quedl)
1095 1787 1277 1871 ubicunque
1290 1786 1410 1872 plenae
1425 1787 1499 1853 fidei

225 1890 401 1955 catholicae
424 1889 534 1952 deesse
558 1909 750 1973 comperero,
776 1911 834 1972 pro
855 1910 925 1952 meo
948 1888 1075 1952 modulo
1097 1888 1359 1973 suggestionibus
1382 1910 1500 1975 oppor-

222 1993 310 2056 tunis
333 1990 480 2075 supplere
504 1990 672 2055 contendo.
710 1990 959 2074 Dispensatione
981 1991 1101 2054 etenim
1123 1989 1203 2054 mihi
1219 1991 1320 2055 divini
1335 1992 1499 2057 sermonis

223 2094 383 2176 injmrcta,
408 2114 463 2156 vae
484 2098 558 2157 miti
578 2104 631 2170 est,
655 2099 683 2158 si
703 2114 762 2157 reon
777 2101 1049 2171 matruelizaverc!
1071 2091 1159 2168 Quod
1176 2115 1273 2177 quum
1287 2113 1345 2157 vas
1368 2092 1499 2159 electio

223 2197 274 2260 nis
295 2195 408 2260 beatus
430 2193 550 2258 Paulus
573 2193 736 2277 apostolus
760 2195 911 2259 formidet
938 2198 972 2258 et
993 2194 1125 2279 clamet,
1155 2195 1256 2259 multo
1282 2196 1391 2281 magis
1418 2194 1499 2261 milri

223 2300 338 2383 exiguo
360 2297 566 2361 metuendum
588 2300 646 2379 est,
671 2297 699 2360 si
721 2296 873 2362 divinitus
896 2297 1087 2383 inspirat09)
1110 2300 1143 2360 et
1164 2301 1301 2381 paterna
1323 2297 1498 2363 devotione

222 2400 412 2465 transmisso
434 2399 622 2464 subtraxero
645 2398 859 2464 ministerium
881 2399 1099 2486 praedicandi.

307 2504 337 2566 2.
376 2503 535 2567 Pietatem
557 2507 647 2566 tuam
669 2523 793 2586 precor,
816 2525 858 2567 ne
876 2503 1095 2586 arrogantiam
1113 2502 1239 2585 judices
1254 2502 1384 2567 divinae
1399 2500 1498 2569 ratio·

222 2607 272 2670 nis
295 2605 447 2669 officium.
493 2605 599 2685 Absit,
623 2626 751 2689 quaeso,
776 2605 956 2669 aRornano
979 2604 1135 2688 principe,
1160 2608 1196 2668 ut
1218 2604 1407 2669 intimatam
1429 2606 1497 2671 suis

221 2708 367 2772 sensibus
390 2708 558 2771 veritatem
582 2706 755 2772 arbitretur
776 2708 939 2792 injuriam.
977 2707 1046 2771 lluo
1068 2707 1186 2790 quippe
1208 2710 1294 2789 sunt,
1317 2706 1498 2791 imperator

288 2918 308 2982 ³)
327 2915 360 2967 0¹
375 2912 410 2966 0²
422 2916 446 2966 c¹
466 2919 591 2967 dicuntur.
627 2912 746 2980 Moxque
768 2912 915 2981 sequentia
932 2928 988 2965 uon
1008 2911 1050 2965 ita
1068 2909 1244 2981 accipienda,
1268 2910 1349 2978 quasi
1367 2909 1499 2967 Gelenius

220 3000 337 3055 necdum
357 2998 430 3063 ullis,
449 3015 482 3051 ex
501 3012 556 3063 quo
575 2999 685 3050 creatus
703 3002 745 3051 est
763 2997 901 3067 pontifex,
924 2996 1025 3051 litteris
1043 2996 1243 3066 imperatorem
1261 2994 1424 3061 salutassem
1442 2994 1499 3051 hoo

219 3085 293 3137 enim
311 3083 402 3137 officio
421 3099 450 3136 se
474 3083 536 3150 jam
558 3082 735 3151 perfunctum
754 3100 813 3136 esse
831 3083 891 3153 ipse
910 3082 989 3151 epist.
1010 3082 1264 3136 renasceretur:
1285 3078 1336 3134 sed
1353 3078 1431 3149 quod
1448 3096 1500 3135 no-

220 3186 272 3223 vae
291 3166 439 3237 legationis
459 3166 671 3237 opportunitate
690 3166 786 3221 oblata
803 3167 892 3221 nullas
910 3166 946 3220 ad
964 3165 1055 3234 ipsum
1072 3165 1181 3219 litteras
1198 3163 1329 3219 dedisset.

288 3256 310 3321 ⁴)
330 3254 372 3307 lta
389 3270 453 3306 mss.
473 3252 569 3320 (etiam
587 3252 621 3305 Fe
634 3252 675 3305 F·
688 3252 720 3305 0¹
734 3241 781 3319 V¹)
800 3256 829 3305 et
846 3252 888 3316 d²;
907 3251 955 3305 alii
973 3250 1042 3305 editi
1060 3255 1238 3320 impulsum
1314 3296 1322 3311 ,

287 3344 307 3406 ³¹)
325 3337 401 3391 Editi
423 3340 536 3407 praeter
555 3338 584 3390 d²
603 3349 627 3391 le
645 3344 717 3391 sicut.
746 3337 866 3404 Moxque
884 3335 916 3391 0¹
932 3336 967 3390 0²
978 3336 1014 3391 Κ1
1033 3340 1126 3390 Romae
1143 3345 1231 3395 natue.
1249 3332 1285 3388 (le
1302 3334 1382 3405 enjus
1398 3334 1497 3393 rectio

218 3422 260 3476 nis
278 3423 397 3477 veritate
414 3423 437 3476 si
456 3423 608 3485 constaret,
632 3421 790 3491 abjicienda
807 3424 881 3476 esset
898 3420 1020 3491 vulgaris
1039 3420 1132 3490 opinio
1158 3437 1214 3475 una
1235 3418 1301 3473 libri
1323 3418 1497 3491 ponh'tlmlis

218 3508 385 3562 auctoritate
403 3508 486 3573 fulta,
510 3524 565 3575 qua
583 3506 709 3561 Gelasius
728 3506 793 3560 Afer
812 3506 942 3560 ereditur.
980 3506 1058 3560 Hanc
1075 3506 1170 3559 autem
1188 3503 1348 3574 opinionem
1366 3521 1432 3559 eum
1451 3522 1496 3573 eo,

218 3592 293 3659 quod
310 3611 382 3645 nunc
395 3592 520 3646 Gelasius
538 3596 716 3645 salicastrum
735 3603 818 3644 aarum
835 3591 993 3661 praedicat,
1013 3590 1089 3644 haud
1100 3606 1186 3659 aegre
1198 3588 1342 3659 componit
1351 3588 1494 3645 Berenice

218 3677 344 3746 exemplo
367 3677 457 3744 Pauli,
482 3678 528 3745 qui
552 3694 637 3744 quum
655 3675 736 3729 Tarsi
760 3678 834 3730 esset
850 3677 1026 3746 procreatus,
1045 3673 1223 3727 nihilominus
1240 3676 1294 3729 aet.
1313 3680 1360 3743 22,
1377 3678 1413 3729 28
1429 3690 1495 3731 sese

218 3767 353 3816 liemarum
376 3769 451 3816 civem
474 3774 558 3815 nalum
581 3778 641 3815 esse
663 3761 799 3830 gloriatus
823 3762 872 3816 est.
909 3760 1001 3815 Exeo
1024 3758 1136 3828 quidem
1158 3757 1333 3828 probabilior
1350 3762 1396 3815 αἰ
1416 3758 1494 3815 illiu!

216 3846 424 3916 interpretatio,
444 3847 517 3913 qnod
537 3851 565 3899 et
582 3846 664 3899 simul
680 3846 870 3912 Anastasiunr,
894 3845 942 3915 qui
959 3842 1141 3915 Dyrrhaochii
1159 3844 1241 3899 natus
1259 3844 1333 3911 crat,
1350 3846 1493 3901 Ronm-

215 3937 356 4000 prr'ure'pem
375 3930 502 3984 Gelenius
520 3931 652 4000 appellat.

285 4020 305 4083 1)
326 4016 368 4069 lta
385 4016 420 4069 01
433 4015 469 4067 01
481 4016 517 4068 01
530 4016 557 4068 d¹
572 4016 613 4081 el²3
632 4017 668 4069 01
680 4016 715 4069 1¹¹d
727 4016 768 4070 Fm
781 4016 813 4071 0¹
829 4016 864 4070 0²
876 4015 911 4070 V¹
925 4032 955 4070 ce
973 4021 1091 4084 erracipio.

284 4105 304 4168 ⁷)
324 4102 366 4155 lta
378 4099 454 4154 0101
466 4119 492 4165 ο;
504 4100 746 4155 Β101Ε1Ρ11Ν1ἀ1
758 4122 811 4156 cam
823 4122 884 4161 eam,
898 4101 934 4154 01
945 4120 999 4155 eum
1011 4121 1068 4156 uno.
1086 4099 1231 4155 Mallemus
1247 4097 1414 4170 simpliciter
1425 4122 1491 4167 en,

217 4189 248 4241 ut
264 4186 293 4241 in
305 4186 342 4240 Ι)’
359 4185 486 4241 secundis
504 4186 584 4241 curis.
614 4186 790 4256 Quamquam
807 4186 959 4241 modestius
977 4188 1032 4253 est,
1055 4185 1130 4254 quod
1143 4183 1269 4239 Gelenius
1282 4184 1374 4239 selum
1391 4202 1492 4243 seeun-

216 4272 281 4327 dum
299 4271 443 4327 scientiam
461 4272 625 4341 imperatori
643 4273 737 4327 deesse
754 4271 836 4327 facile
853 4271 982 4339 innuens,
1000 4271 1039 4326 sic
1055 4272 1187 4341 precatur
1203 4270 1257 4326 lroc
1274 4286 1389 4337 munus,
1408 4272 1492 4341 qnasi

215 4376 271 4413 non
288 4358 340 4422 iui,
359 4357 408 4411 sed
419 4357 472 4410 sibi
485 4357 580 4412 deesse
592 4357 715 4412 sentiret.
747 4358 838 4422 Quare
851 4375 902 4412 nec
913 4356 1069 4412 necessaria
1081 4357 1242 4426 conjectura
1254 4352 1402 4425 Harduini,
1414 4356 1491 4413 torte

213 4465 303 4513 parem
320 4448 413 4497 datm
431 4443 581 4511 legendum
593 4443 629 4497 ad
642 4461 729 4513 marg.
749 4443 879 4499 notantis.
910 4443 1006 4498 Potius
1023 4450 1101 4497 zelum
1112 4444 1178 4497 ante
1192 4445 1287 4496 laten
1297 4440 1490 4511 supplendum

213 4528 294 4583 foret.

282 4620 302 4683 ⁸)
322 4616 347 4669 u'
367 4632 398 4669 ce
420 4618 591 4685 paedoremque
607 4619 711 4683 plenae,
735 4614 768 4669 01
793 4621 861 4685 quod
878 4620 1062 4685 quodcumque,
1086 4610 1491 4685 Diei-²0¹V1N1d1qma

213 4705 360 4771 ubicunque.

280 4788 302 4849 ⁰)
320 4787 363 4839 lta
381 4800 443 4839 mss.
463 4783 496 4838 D¹
510 4781 547 4837 N³
559 4784 587 4837 d'
601 4784 642 4851 d²,
659 4805 695 4841 sc.
715 4792 844 4855 conspetu»
856 4790 900 4854 (ex
913 4788 1138 4855 errunpelr'zanero),
1157 4783 1190 4838 1³³
1203 4782 1243 4837 F*
1256 4790 1389 4855 expirato,
1401 4784 1437 4839 01
1451 4784 1489 4841 01

214 4888 228 4923 e
246 4876 396 4940 inspiratum
458 4877 635 4924 narratarum.
666 4870 784 4938 Moxque
803 4893 822 4925 α
834 4872 869 4925 01
882 4872 917 4925 u·
930 4877 1040 4941 judicet.
