3450 5678
680 352 875 403 massonis
898 342 949 402 49.
974 343 1024 402 50.
1423 336 1484 404 841

221 514 259 576 ut
269 510 293 596 ¹)
315 531 373 595 per
393 530 450 573 vos
471 509 576 593 potius
600 508 748 573 credatur
761 508 900 573 delatum
923 507 1049 572 eulmen
1070 505 1206 591 imperii,
1231 528 1329 593 quam
1349 529 1407 593 per
1428 509 1486 573 im-
1501 516 1615 586 (aare.)

221 613 345 699 perium
374 634 429 677 vos
458 611 571 696 aliquis
594 610 680 676 dicat
702 610 844 696 agnosci.
889 608 1020 676 Certum
1048 611 1097 674 est
1127 609 1270 695 quidem,
1304 609 1485 695 hujusmodi

221 714 427 801 provectione
454 716 561 778 vestra
592 714 728 798 pristino
754 711 916 798 splendori
950 711 1121 777 accessisse
1154 712 1275 778 decoris
1309 713 1486 798 cumulum3

221 817 310 905 sed²)
332 816 482 884 tenuistis
504 816 580 880 olim
600 817 741 881 moribus
769 815 995 900 principatum.
1041 813 1127 900 sio)
1156 837 1253 900 quum
1275 836 1330 880 vos
1352 837 1487 900 perora

221 919 370 1005 gentium
391 918 564 1003 impatiens
586 919 700 983 secreti
715 917 904 1004 magnitudo
918 916 1090 1001 diffuderit,
1115 917 1155 981 ad
1171 938 1230 983 nos
1245 938 1379 1003 quoque,
1403 918 1487 983 sicut

220 1021 357 1106 mystice
378 1020 553 1106 loquuntur
567 1019 761 1105 Scripturas,
785 1019 977 1085 testimoniis
1000 1019 1169 1085 suavitatis
1191 1021 1316 1085 vestrae
1339 1018 1416 1084 odor
1431 1020 1486 1085 ad·

220 1123 321 1188 venit.
365 1121 410 1188 Et
433 1127 518 1187 certe
540 1145 636 1208 quum
664 1124 729 1189 late
755 1123 962 1208 prudentium
989 1121 1154 1187 hominum
1177 1122 1339 1187 sententia
1359 1121 1486 1208 religio·

220 1247 276 1290 sae
297 1226 383 1290 vitae
405 1228 530 1290 vestrae
557 1225 679 1290 fuerint
705 1225 855 1289 instituta
884 1225 1043 1309 dispersa,
1077 1226 1195 1290 habere
1225 1246 1292 1288 non
1324 1225 1486 1310 potuimus

219 1327 440 1413 incognitum,
464 1328 617 1414 quidquid
639 1328 678 1392 de
700 1327 790 1393 vobis
812 1327 918 1391 suerat
938 1327 1050 1393 mundi
1073 1327 1280 1392 attestatione
1302 1327 1485 1413 vulgatum:

220 1430 297 1516 quia
319 1430 404 1494 sicut
424 1430 575 1495 mediocri
597 1431 691 1495 laude
712 1431 812 1516 digna
840 1430 875 1494 in
905 1430 1095 1494 immensum
1117 1430 1179 1496 sibi
1200 1433 1364 1515 nequeunt
1385 1429 1486 1494 vindi·

221 1552 294 1597 care
315 1533 498 1618 praeconia,
521 1533 568 1597 ita
589 1533 659 1598 sine
673 1533 738 1597 fine
759 1530 1009 1616 praedicandum
1023 1533 1147 1617 rapitur
1161 1533 1196 1596 in
1211 1531 1374 1616 populum,
1398 1531 1486 1616 quid·

220 1635 299 1721 quid
321 1635 405 1699 bono
427 1634 526 1699 fuerit
548 1634 768 1700 admirationis
790 1636 948 1699 ornatum.
993 1634 1147 1699 Vindicat
1169 1633 1254 1698 enim
1277 1634 1338 1698 sibi
1360 1635 1485 1718 quanti-

218 1737 297 1801 tatis
326 1757 403 1801 suae
427 1737 500 1822 jure
526 1738 716 1823 magnitudo
742 1737 848 1801 famae
876 1735 1077 1819 testimonia,
1108 1735 1182 1821 quia
1209 1736 1358 1801 nesciunt
1385 1735 1486 1801 latere

219 1838 377 1903 miranda.
422 1837 510 1904 Hinc
533 1841 598 1923 est,
621 1840 704 1924 quod
725 1839 927 1923 principatus
948 1838 1038 1903 vobis
1067 1838 1231 1922 adoreas⁴)
1259 1837 1388 1923 publica
1410 1837 1485 1922 jura

221 1941 459 2006 commiserunt.
489 1940 559 2006 Nae
582 1942 665 2026 quod
686 1942 872 2005 meritorum
893 1941 1038 2026 insignia
1055 1940 1277 2025 generalitatis
1300 1940 1388 2005 facta
1409 1943 1486 2005 sunt

219 2047 304 2127 vota,
328 2064 423 2109 nemo
440 2043 487 2107 ite
502 2065 608 2108 rerum
623 2044 742 2108 arbiter
758 2043 886 2127 iniquus
902 2042 1085 2126 arsabir),
1109 2042 1163 2128 qui
1186 2041 1306 2127 passim
1319 2063 1376 2107 vos
1391 2043 1485 2108 aesti-

219 2148 287 2210 met
309 2145 420 2210 arches
442 2145 574 2210 inclitae
605 2145 765 2230 accepisse
793 2145 920 2229 titulos,
956 2166 1052 2229 quum
1081 2145 1194 2230 negari
1221 2147 1360 2230 nequeat
1388 2144 1485 2231 digne

217 2269 274 2312 vos
296 2248 449 2312 meruisse
477 2249 604 2332 imperii
612 2251 656 2336 ⁰),
687 2269 820 2333 quorum
847 2247 1041 2332 probitatem
1069 2246 1205 2311 mundus
1234 2247 1377 2332 agnovit.
1423 2246 1485 2312 Sed

217 2372 333 2435 parum
355 2353 414 2434 est,
438 2351 582 2434 quamvis
600 2351 722 2435 judicio
744 2350 974 2433 universitatis,
998 2348 1158 2434 suscipere
1172 2349 1243 2414 loco
1257 2348 1392 2433 praemii
1410 2345 1509 2434 jura

220 2451 391 2537 regnandi.
421 2451 505 2517 Illud
519 2453 623 2538 magis
646 2456 695 2518 est
717 2452 914 2536 admirabile,
938 2451 1022 2537 quod
1043 2453 1090 2516 ita
1112 2472 1167 2516 ros
1189 2451 1354 2516 hominum
1376 2451 1485 2517 lauda-

217 2553 345 2620 bilitate
367 2554 510 2621 firmatos
533 2556 713 2640 suscipiunt
734 2555 878 2640 imperia,
902 2556 939 2618 ut
957 2553 1081 2640 judicia
1102 2553 1168 2618 sint
1190 2553 1308 2620 divina.

217 2885 251 2934 50
286 2879 307 2946 ¹)
326 2877 376 2933 Ed.
396 2891 519 2947 utsuper
537 2898 592 2941 cos,
611 2879 645 2934 <3¹
665 2898 815 2947 supervos,
841 2879 1006 2945 amasos
1019 2880 1056 2947 (ut
1066 2898 1116 2948 per
1128 2880 1189 2948 cos).
1221 2876 1310 2943 Quum
1327 2877 1381 2933 hoc
1399 2877 1485 2932 mani-

217 2964 288 3019 feste
313 2962 366 3018 sibi
388 2963 455 3018 velit
476 2964 637 3031 Hormisda,
663 2963 811 3034 imperium
833 2964 924 3033 magis
944 2965 1043 3018 notum
1066 2961 1126 3018 fieri
1146 2979 1198 3032 per
1220 2962 1372 3029 Jmtinum,
1400 2979 1485 3031 qnam

215 3048 355 3103 iustinum
372 3065 424 3118 per
440 3049 600 3120 imperium,
624 3048 756 3104 orationis
775 3049 859 3105 series
875 3049 999 3119 postulat
1021 3066 1142 3118 percos,
1166 3064 1219 3102 nec
1238 3046 1378 3118 permittit
1395 3053 1486 3102 dilata·

217 3145 267 3188 trun
288 3134 350 3188 loco
373 3133 452 3189 verbi
475 3140 583 3189 delatum
602 3134 648 3202 (0³
666 3138 777 3204 dilutam)
792 3152 858 3189 cum
875 3135 996 3189 Batonio
1015 3131 1151 3188 substitui.
1193 3132 1267 3187 Nam
1284 3132 1359 3186 istud
1375 3152 1485 3202 percos

216 3234 273 3273 non
291 3218 327 3273 ad
345 3224 453 3273 delatum
470 3219 520 3274 sed
537 3219 573 3273 ad
590 3219 707 3273 verbum
724 3226 830 3287 apnoscr'
846 3219 973 3274 refertur.

285 3303 457 3372 ²)1taGa1.
498 3304 564 3358 boc
586 3310 635 3359 ced
655 3311 719 3357 sicul
740 3311 864 3359 tenuistis.
900 3304 992 3358 Antea
1010 3303 1100 3373 magis
1121 3302 1258 3357 arrideret
1274 3314 1358 3357 vestm
1373 3309 1485 3371 pristino

215 3393 363 3458 splendori,
388 3405 472 3458 quam
494 3401 589 3446 uestra.
630 3389 766 3455 Justinus,
789 3390 820 3443 ut
840 3388 1003 3443 Theodorus
1024 3389 1111 3443 lector
1132 3399 1198 3458 pag.
1217 3393 1266 3444 165
1283 3386 1362 3442 testis
1380 3388 1434 3454 est,
1456 3387 1485 3441 in

217 3473 293 3528 omni
315 3479 366 3528 cito
383 3481 499 3543 eprepi'us
517 3494 616 3544 semper
634 3481 780 3532 exstiterat,
824 3474 990 3544 Hujusmodi
1012 3472 1185 3539 testimonio,
1208 3472 1283 3540 quod
1301 3472 1485 3543 Theophanes

215 3576 282 3629 pag.
302 3565 348 3612 141
368 3559 421 3627 (ed.
441 3560 528 3614 Bonn.
548 3563 608 3628 254)
627 3558 756 3614 eumdem
777 3570 864 3614 rectae
879 3566 943 3628 fidei
958 3565 1106 3622 atridiosum,
1124 3579 1209 3613 rerum
1227 3563 1389 3626 experientia
1405 3578 1482 3626 prae-

215 3655 336 3710 stantem,
356 3655 381 3698 et
398 3648 457 3699 belli
472 3650 556 3714 pluria
572 3651 733 3712 praeclarum
750 3644 913 3713 praedicans
931 3645 1088 3711 confirmat,
1107 3642 1257 3714 Procopius
1274 3642 1337 3697 hist.
1357 3659 1411 3697 arc.
1432 3648 1484 3697 c.6

215 3729 382 3799 refragatur.

285 3817 305 3884 ⁸)
323 3816 367 3870 Ita
385 3814 419 3870 G¹
434 3814 477 3883 G³,
494 3814 547 3870 nisi
565 3816 641 3885 quod
659 3818 787 3886 corrupte
806 3815 930 3870 scribant
947 3820 1063 3884 diffucrit
1081 3813 1158 3882 (boc
1176 3815 1313 3882 delubra).
1344 3814 1371 3869 a¹
1390 3817 1421 3868 Si
1431 3833 1484 3868 aaa

215 3920 260 3956 coa
332 3906 445 3968 defuerit
515 3908 638 3968 lepunaeur.

284 3986 306 4054 4)
324 3986 368 4040 Ita
386 3984 458 4040 Ga¹.
495 3986 562 4041 boo
579 4007 610 4041 uc
627 3991 744 4045 honores.
785 3985 907 4041 Subinde
926 3986 960 4041 (³¹
980 4006 1010 4040 ne
1029 3991 1101 4055 quid.
1127 3983 1201 4040 G³a¹
1221 4004 1252 4038 ne
1270 3990 1349 4054 quod,
1373 3985 1408 4040 al.
1428 4006 1484 4040 nom

216 4075 293 4140 quod.
328 4069 490 4125 Ratinemus
508 4075 548 4124 Ne
566 4071 610 4125 vel
628 4077 697 4134 Nae,
715 4072 769 4126 hoc
787 4079 829 4126 est
846 4076 930 4127 Certe.

285 4157 305 4220 δ)
324 4154 359 4209 G¹
372 4158 399 4209 a¹
419 4160 550 4210 exarabit.
579 4156 646 4211 bec
664 4162 771 4211 exstitit.
806 4157 922 4226 Propius
941 4174 958 4211 a
975 4156 1118 4226 primaeva
1134 4153 1254 4208 lectione
1270 4154 1351 4209 abest
1362 4159 1483 4210 exstuat.

284 4242 306 4307 θ)
325 4238 428 4309 Supple
450 4246 545 4295 titulos.
581 4240 672 4305 Quare
689 4241 728 4295 nil
746 4257 856 4296 necessa
879 4243 933 4302 est,
956 4243 988 4295 ut
1010 4258 1072 4296 cum
1093 4241 1161 4293 bac
1179 4239 1276 4292 contra
1294 4238 1318 4293 G
1336 4237 1484 4306 adjiciatur

215 4331 320 4380 wlmari.
356 4323 457 4379 Verbis
475 4326 569 4380 autem
587 4332 677 4380 arctes
694 4331 796 4379 inclitae
822 4342 855 4380 ea
871 4325 1055 4395 intelligenda
1072 4326 1117 4379 est
1134 4323 1268 4393 dignitas,
1287 4340 1342 4391 qua
1359 4321 1483 4377 Justinus

217 4410 364 4464 decoratus
382 4412 454 4475 erat,
474 4427 558 4477 quum
576 4411 610 4465 ad
629 4410 777 4480 imperium
794 4411 952 4481 assumptus
970 4413 1019 4465 est.
1055 4409 1097 4464 De
1115 4410 1168 4464 hac
1180 4409 1333 4476 Procopius
1350 4407 1412 4462 hist.
1427 4424 1482 4462 arc.

216 4512 277 4565 cap.
292 4499 308 4547 6
325 4493 366 4548 ita
383 4494 515 4562 loquitur:
536 4493 564 4558 ἐς
582 4490 656 4566 μέγα
674 4491 823 4567 δυνάμεως
842 4487 924 4559 οὗτος
939 4492 1092 4558 Ἰουστῖνος
1111 4491 1258 4565 ἐχώρησεν.
1282 4492 1416 4564 Ἄρχοντα
1428 4490 1483 4562 γὰρ

217 4573 307 4635 αὐτὸν
329 4575 508 4642 Ἀναστσὶσιος
531 4577 666 4651 βασιλεὺς
689 4577 881 4651 κατεστήσατο
904 4583 960 4637 τῶν
982 4577 1012 4636 ἐν
1030 4583 1161 4654 scaturigo
1185 4575 1331 4649 φυλάκων.
1364 4573 1485 4648 'Emeda'

216 4683 247 4720 τε
266 4661 281 4719 ὁ
303 4658 438 4734 βασιλεῦς
456 4661 486 4732 ἒξ
505 4660 668 4737 ἀνθρώπων
686 4661 844 4736 η’φσὶτιστσ,
863 4661 951 4730 αὐτὸς
969 4667 1003 4736 τῇ
1021 4668 1071 4736 τῆς
1089 4660 1179 4734 ἀρχῆς
1198 4659 1322 4732 δυνάμει
1335 4665 1483 4732 βασιλείαν

215 4743 388 4819 παρέλαβεν.
417 4749 493 4805 Voce
512 4746 601 4821 ἀρχῆς
619 4769 667 4807 seu
685 4756 777 4806 arctes
790 4752 851 4820 jam
869 4770 933 4806 usus
951 4749 1245 4818 estHormisdaepist.
1260 4754 1300 4804 32.
1331 4747 1483 4818 Procopius

215 4835 345 4890 laudatus
368 4835 441 4890 bello
459 4836 533 4890 Pers.
553 4837 577 4903 Ι,
596 4843 611 4892 8
634 4836 719 4892 etiam
743 4836 871 4906 magistri
888 4837 1044 4892 officiorum
1060 4835 1226 4905 dignitatem
1243 4850 1292 4890 seu
1313 4834 1482 4907 potestatem

216 4914 309 4992 ἀρχήν
326 4922 415 4977 vocat.
