3450 5678
257 299 321 365 474
600 306 602 311 '
730 316 757 363 s.
776 315 916 363 senisu
940 314 1054 362 rurus

151 477 239 527 24⁹5
255 468 307 535 άελ
329 467 349 555 ἡ
373 473 484 547 πίστις
498 466 536 534 rii
552 474 656 552 κῦρος
671 472 746 552 ἔχει.
778 474 864 553 Διη-
916 468 1096 551 peritissimi
1130 470 1263 551 fratres,
1306 469 1359 553 qui
1388 492 1407 532 u
1437 470 1531 534 vobis

148 546 240 595 ‘⁴⁹⁶'
254 573 401 656 νήσαντο
428 568 494 656 γάρ
521 569 602 656 ἡμῖν
624 570 781 655 Ἰωάννης
809 572 865 635 καὶ
917 571 956 634 ad
984 593 1042 635 nos
1071 575 1244 655 venerunt,
1274 572 1346 636 fidei
1369 572 1532 638 Romano

255 676 394 758 Σέργιος
422 675 457 738 ολ
482 672 743 738 σπουδαιότατοι
765 671 865 739 άδελ-
917 674 1022 758 rum⁷)
1051 673 1207 737 invictum
1240 673 1353 756 robur,
1388 696 1533 741 amorem

256 777 331 860 φοί,
369 777 405 840 ot
434 774 494 859 ἀφ’
531 773 627 859 ὑμῶν
665 773 748 858 πρὸς
780 774 866 861 ἡμᾶς
917 798 995 860 erga
1017 776 1116 858 filios,
1147 776 1354 841 ecclesiarum
1376 777 1533 843 sollicitu-

255 878 535 962 παραγενόμενοι,
559 882 617 962 τῆς
639 882 782 955 πίστεως
795 884 864 943 τῶν
916 878 1032 942 dinem.
1066 877 1141 943 Non
1164 879 1250 943 enim
1271 882 1437 963 tamquam
1460 903 1534 966 spe-

250 977 504 1066 “Ρωμαίων7)τδ
520 977 695 1064 ἀήττητον,
709 977 771 1065 την
786 981 864 1061 περὶ
917 981 1074 1045 eulatores
1097 981 1268 1064 parvitatis
1278 983 1304 1066 8)
1327 983 1459 1047 nostrae
1483 1006 1533 1048 re-

253 1080 416 1147 τὰτέκνα
439 1086 694 1165 φιλοστοργίαν,
720 1080 783 1166 την
804 1084 861 1167 μέ·
917 1084 1003 1166 cepti
1027 1083 1169 1165 fuerunt,
1193 1083 1248 1147 sed
1271 1069 1308 1148 ut
1327 1085 1532 1152 fortitudinis

254 1208 378 1269 ριμναν
399 1188 469 1248 τῶν
492 1184 691 1269 ἐκκλησιῶν.
733 1183 784 1249 Οὐ
798 1182 863 1268 γάρ
916 1189 1040 1249 vestrae
1068 1187 1182 1267 testes;
1219 1208 1322 1269 neque
1354 1190 1391 1250 ut
1412 1188 1532 1274 impro-

253 1283 299 1363 ὡς
319 1286 525 1352 κατάσκοποι
545 1291 603 1371 τῆς
625 1287 861 1372 ἐλαφρίαςθ)
915 1287 1037 1351 habiles
1052 1287 1173 1371 repulsi
1188 1292 1274 1371 sunt,
1298 1288 1354 1353 scd
1368 1292 1405 1353 ut
1419 1292 1531 1357 nuntii

251 1385 348 1475 ἡμῶν
372 1389 570 1473 ἐδέχθησαν,
594 1387 665 1454 ἀλλ’
688 1387 733 1466 τάς
754 1413 862 1475 μηνυ-
902 1389 1102 1460 concordiae
1124 1393 1249 1454 vestrae
1271 1391 1403 1475 recepti.
1438 1392 1530 1459 Nun-

252 1492 305 1556 ταλ
327 1495 386 1575 τῆς
407 1489 564 1575 ἀνδρείας
587 1489 697 1577 ὑμῶν·
722 1490 803 1557 οὐδὲ
818 1489 864 1569 ὠς
914 1492 1039 1555 tiarunt
1068 1491 1153 1554 enim
1182 1495 1215 1556 et
1237 1497 1455 1576 exposuerunt
1477 1497 1530 1561 fir·

252 1592 407 1677 άδόκιμοι
429 1591 710 1679 ἀπεπέμφθησαν,
733 1591 804 1658 ἀλλ’
818 1591 864 1671 αἱς
914 1616 1001 1657 mum
1024 1597 1163 1658 vestrum
1181 1594 1354 1679 judicium,
1390 1597 1528 1664 haereti·

253 1693 486 1779 εὐαγγελισταλ
527 1701 586 1780 τῆς
623 1694 861 1781 ὁμοφροσύνης
913 1718 1022 1760 corum
1057 1696 1306 1781 impudentiam,
1346 1699 1527 1783 patientiae

252 1796 363 1883 ὑμῶν·
389 1796 596 1883 ἀπήγγειλαν
620 1796 685 1883 γάρ
708 1799 764 1864 καλ
786 1799 861 1883 διη,
913 1802 1038 1863 vestrae
1061 1800 1296 1883 constantiam,
1319 1803 1353 1864 et
1374 1802 1528 1884 pessimo

251 1900 483 1986 γήσαντοτην
506 1898 732 1986 recantando
747 1903 861 1984 κρίσιν
882 1940 892 1947 —
912 1924 982 1966 rurn
1005 1901 1182 1966 saevitiam.
1223 1902 1332 1986 Atque
1355 1902 1435 1968 haec
1458 1925 1525 1970 ore

251 2001 359 2088 ὑμῶν,
397 2003 453 2068 καὶ
485 2008 555 2068 τῶν
588 2004 767 2088 αίρετικων
799 2000 860 2086 τὴν
911 2008 1224 2096 λωιαεωεττοεααλε
1257 2008 1327 2068 tum
1354 2006 1525 2071 veritatem

251 2103 443 2189 ἀναίδειαν,
475 2110 534 2189 τῆς
561 2102 735 2191 ὑπομονῆς
762 2104 859 2190 ὑμῶν
912 2107 1143 2171 confirmarunt
1170 2106 1279 2171 libello
1306 2128 1326 2170 a
1354 2108 1446 2173 vobis
1468 2131 1533 2196 per¹

250 2207 288 2273 τὸ
302 2205 579 2292 καρτερικὸν,καλ
594 2214 663 2273 τῶν
679 2210 860 2292 αἰσχίστων
911 2209 1077 2294 religiosos
1104 2209 1277 2273 monachos
1304 2212 1427 2275 vestros
1450 2211 1524 2275 mis-

251 2310 312 2396 την
334 2314 544 2397 μιαιφονίαν.
581 2315 687 2376 Τοῦτο
703 2310 766 2396 μὲν
781 2311 858 2376 στό-
911 2334 963 2394 εο,
1002 2311 1169 2393 docentes,
1207 2315 1286 2396 quot
1321 2315 1524 2398 quantusque

250 2437 327 2498 ματι
350 2412 601 2500 διηγησάμενοι,
624 2416 670 2497 τῷ
687 2413 724 2478 δὲ
740 2410 863 2497 ἀληθεῖ
911 2414 1012 2478 malas
1034 2435 1199 2496 pressuras
1220 2414 1365 2498 perpessi
1384 2415 1524 2500 fueritis,

251 2615 406 2702 εὐλαβων
437 2623 595 2704 μοναχων
627 2618 861 2703 διαπεμφθέν-
911 2618 988 2683 rint.

250 2745 306 2798 τος
321 2721 527 2803 διδάξαντες,
541 2718 622 2798 ὅσας
630 2726 765 2800 θλίψεις
777 2726 860 2786 πολ-

250 2821 311 2901 λάς
325 2825 381 2889 καί
399 2820 503 2900 κακάς
519 2823 691 2909 διήλδατε,
707 2821 784 2888 ὅσαι
799 2828 861 2888 τοῦ

249 2931 336 2991 θεοῦ
360 2927 398 2990 αί
416 2923 611 3011 ἀντιλήψεις
629 2927 858 2992 ἐπανέτειλαν.
975 2928 1004 2990 3.
1043 2926 1155 3010 Neque
1191 2927 1223 2990 id
1259 2927 1391 3010 mirnm3
1435 2927 1526 2994 haud

314 3031 345 3094 3.
381 3029 447 3093 Καὶ
469 3024 514 3094 ov'
533 3028 748 3114 θαυμαστόν·
780 3026 860 3095 οὐδὲ
912 3030 998 3092 euim
1021 3029 1055 3092 in
1076 3029 1187 3112 primis
1210 3029 1294 3093 fiunt
1310 3029 1462 3112 luporum
1477 3030 1527 3096 in·

250 3126 315 3216 γάρ
345 3131 383 3196 έν
411 3132 556 3211 πράτοις
583 3136 652 3197 τῶν
683 3130 798 3196 λύκων
826 3133 864 3195 αί
912 3131 1090 3213 cursiones,
1127 3153 1253 3215 semper
1284 3134 1395 3196 tamen
1424 3133 1527 3198 assul-

252 3234 442 3319 έπιδρομαλ,
469 3232 545 3299 ἀλλ’
568 3232 620 3300 aa
642 3233 705 3319 μέν
729 3233 861 3313 ἕπιτρί-
911 3235 1000 3315 tant,
1039 3253 1225 3317 semperque
1258 3233 1400 3299 vicissim
1433 3235 1528 3301 cleve

251 3354 389 3420 χονσιν,
420 3334 472 3402 ciel
500 3335 536 3402 dt
564 3341 612 3423 τῷ
634 3336 770 3423 ῥοπάλῳ
797 3340 860 3400 τοῦ
912 3336 988 3399 boui
1022 3336 1160 3418 pastoris
1193 3336 1379 3421 abigrurtur.
1431 3336 1527 3404 Tunc

251 3442 358 3503 καλοῦ
395 3441 551 3523 ποιμένος
588 3438 856 3524 έκ(βάλλ)ονται·
911 3439 988 3502 fides
1025 3438 1141 3520 vincit,
1185 3441 1262 3502 tunc
1296 3436 1416 3502 bellum
1458 3462 1526 3505 nou

251 3540 325 3605 τότε
342 3546 420 3626 νικᾷ
435 3539 455 3625 ἡ
471 3545 592 3624 πίστις,
615 3541 690 3606 τότε
705 3539 769 3606 οὐκ
783 3541 858 3619 ε’ξα-
911 3540 1093 3624 consurgit:
1127 3542 1228 3625 nons')
1256 3539 1291 3604 iu
1320 3541 1432 3624 (pace)
1461 3541 1526 3606 for·

251 3647 357 3728 ναστῇ
380 3643 538 3729 πόλεμος·
563 3641 626 3709 οὐκ
651 3644 722 3728 ε’ν9)
817 3643 857 3708 τά
910 3643 1057 3708 titudinis
1079 3643 1233 3722 facinora,
1257 3642 1312 3706 sed
1332 3643 1368 3706 iu
1384 3643 1526 3730 (pupae)

250 3742 491 3830 τηςάνδρείας,
515 3744 590 3811 ἀλλ’
608 3746 647 3811 έν
665 3742 858 3830 ...τδλαμ-
910 3745 1060 3830 splendor
1103 3744 1242 3809 virtutis.
1307 3743 1391 3820 Quid
1436 3746 1525 3811 eninr

250 3950 312 4005 adv.
332 3951 408 4005 haer.
427 3951 474 4012 lll.
487 3959 511 4017 8,
533 3964 643 4021 propter
659 3959 827 4020 potentiorem
849 3957 1064 4020 principalitatem
1083 3970 1185 4004 neeesse
1208 3962 1246 4003 erl
1269 3969 1364 4003 omnen
1386 3956 1525 4006 τοιινειίττ

251 4039 400 4099 Ecclesium,
420 4053 491 4104 quae
510 4037 554 4090 est
571 4037 779 4106 προκαθημένη
800 4040 850 4106 τῆς
869 4033 983 4107 άηάπης
1003 4037 1074 4105 (lgn.
1093 4034 1129 4090 ad
1147 4035 1248 4097 Rom).

318 4125 338 4188 ²)
358 4127 483 4176 Ιλοπιααοε
500 4140 551 4192 per
568 4120 724 4191 emphasim
747 4140 794 4176 cos
812 4121 904 4176 dicere
922 4121 1045 4186 videtur,
1072 4120 1120 4189 qui
1143 4120 1225 4174 tidem
1243 4119 1400 4174 Itomunam
1423 4119 1454 4175 in
1475 4120 1527 4176 ule

251 4208 364 4277 regione
382 4209 493 4262 strenue
512 4208 610 4262 contra
631 4207 835 4262 haereticorum
858 4206 932 4261 nisus
955 4206 1139 4260 sustinebant.
1175 4206 1286 4260 Revera
1303 4203 1455 4259 orthodoxi
1472 4204 1525 4259 ibi·

250 4293 313 4347 dem
331 4308 396 4347 mox
413 4291 496 4346 simili
513 4291 621 4345 ratione
640 4293 675 4346 ab
694 4291 843 4347 haereticis
861 4296 998 4346 llerelricue
1016 4290 1168 4360 nuncupati
1186 4291 1259 4345 sunt.

317 4382 338 4446 ⁸)
356 4377 461 4432 Vocem
478 4376 507 4430 in
525 4376 619 4431 codice
637 4378 809 4446 antiquitate·
823 4395 895 4447 pena
913 4376 1048 4432 abolitam
1065 4374 1178 4452 nonnisi·
1192 4374 1221 4428 in
1238 4376 1312 4430 hunc
1323 4374 1441 4431 modum
1459 4392 1526 4432 enu-

250 4463 334 4518 cleari
351 4461 439 4532 potui.
477 4462 568 4530 Majus
585 4461 713 4518 lacunam
732 4459 774 4529 (ἒλ
786 4507 791 4517 .
804 4507 809 4518 .
822 4507 826 4516 .
839 4467 897 4531 ιας)
915 4463 1017 4532 posuit.

316 4553 339 4617 ο)
356 4549 484 4604 Lacones
503 4549 650 4616 sequentes
673 4547 846 4603 saeculorum
868 4548 952 4604 dente
978 4548 1007 4602 in
1029 4545 1124 4602 codice
1141 4546 1233 4601 factes
1252 4545 1381 4601 resarciri
1398 4564 1458 4602 non
1475 4566 1526 4619 pe

249 4636 370 4689 tuerunt.
407 4634 437 4688 Si
454 4633 607 4704 expleveris
627 4630 663 4688 έν
682 4630 801 4703 εἰρήνη
874 4628 910 4688 έν
927 4629 1019 4703 μάχη
1089 4629 1123 4686 οί
1140 4625 1334 4700 οὖδαμινοί
1350 4630 1406 4696 (rel
1422 4628 1526 4688 οδιά-

249 4724 359 4789 &opor
378 4720 421 4774 vel
439 4715 640 4788 οὐλόμεναι)
659 4719 703 4773 vel
721 4718 789 4788 quid
806 4718 907 4784 simile,
930 4717 1040 4786 integer
1062 4735 1157 4772 seusus
1175 4716 1236 4771 orit.
1273 4715 1356 4771 Certe
1373 4715 1418 4771 ite
1433 4717 1527 4774 nuno

249 4804 426 4859 reddidimus.
463 4805 554 4875 Mrrjus
577 4804 672 4860 vertit:
696 4817 753 4858 lune
774 4809 936 4871 sor-riouu'm‘s
960 4809 1093 4870 sucirroru,
1121 4813 1180 4856 ίατιο
1206 4807 1342 4871 splendida
1370 4806 1526 4859 docmata

249 4896 356 4945 uirtutis.
