3412 5664
271 330 334 393 ooo
715 347 743 395 s.
760 346 967 395 noanrsous
988 345 1103 394 siena

272 499 436 563 venditum
451 499 500 562 vel
524 499 693 580 aoracum,
721 503 754 562 et
776 499 833 562 snb
857 499 966 562 eadem
991 500 1041 562 via
1064 498 1293 563 alienationem
1316 499 1509 566 ecclesiastico·

272 623 342 663 runr
366 601 566 684 praediorum
590 600 725 664 decretis
749 601 972 683 praesentibus
995 599 1181 665 exhibemus
1189 601 1227 686 ⁷).
1257 599 1347 676 Quod
1367 624 1508 684 persaccr·

272 703 360 766 «tutes
388 725 498 766 omnes
527 702 566 765 ad
594 702 737 766 caritatis
766 706 889 766 vestrae
918 703 1086 767 dioecesim
1119 703 1321 787 pertinentes
1349 704 1403 781 sub
1428 711 1508 770 restra

272 805 479 888 dispositione
501 805 691 889 perierte⁸);
726 826 861 887 aequum
891 808 940 867 est
967 805 1068 886 enim,
1099 807 1238 888 atquae
1267 805 1429 869 salubriter
1447 808 1507 871 ‹udi-

272 910 406 989 uantur‚
435 906 630 991 generaliter
652 906 813 970 obediant.
859 905 945 970 Deus
968 910 999 970 te
1021 907 1213 971 incolumem
1238 907 1407 991 custodiat,
1432 910 1508 972 trata

273 1008 487 1092 carissimell)
1008 1074 1009 1079 ,

356 1109 572 1174 Marcellus
601 1110 812 1194 episcopus
846 1110 972 1195 relegi
1006 1113 1043 1174 et
1076 1113 1273 1175 consensi.
1333 1111 1508 1175 lohannes

207 1213 213 1231 '
273 1213 454 1276 consensi
479 1215 517 1275 et
539 1211 774 1296 subscripsi.
828 1212 993 1277 Severus
1022 1214 1209 1277 consensi
1240 1218 1277 1276 et
1306 1214 1508 1297 subscripsi.

272 1315 492 1397 Cyprianus
520 1313 649 1397 relegi
673 1318 711 1378 et
734 1315 928 1378 consensi.
985 1315 1309 1379 Contumeliosus
1332 1317 1509 1400 episeopus

272 1416 398 1496 relegi
428 1419 466 1478 et
494 1417 686 1479 consensi.
746 1417 959 1480 Montanus
987 1417 1198 1500 episcopus
1227 1417 1352 1501 relegi
1381 1422 1416 1479 et
1439 1440 1510 1480 cuu-

272 1518 389 1580 sensi.
436 1517 574 1581 Petrus
596 1517 636 1580 in
659 1510 812 1587 Christi
835 1518 993 1582 nomine
1016 1519 1144 1603 relegi
1166 1522 1204 1583 et
1228 1520 1418 1583 consensi.

474 1859 835 1943 APPENDIX¹l
878 1860 1331 1945 EPISTOLARUM

637 2016 672 2088 S.
700 2014 977 2088 Honinsoan
1003 2016 1171 2089 PAPAE.

543 2198 725 2281 Epistulae
747 2198 791 2264 ad
812 2198 1039 2266 Hormisdam
1060 2199 1260 2266 diaconum.
1341 2274 1346 2284 ¹

780 2369 961 2473 Epistola
987 2372 1017 2454 1.

136 2503 241 2561 pnnod.
423 2521 626 2587 Ennodius
649 2521 895 2588 Hormisdae.

118 2596 160 2645 ψ’
173 2577 262 2643 W’ffl'
354 2642 527 2725 Postquam
556 2642 661 2705 votiva
689 2642 767 2706 mihi
795 2643 970 2707 necessitas
998 2645 1105 2707 vestra
1137 2643 1296 2707 beneficio
1321 2643 1519 2727 proximitatis

269 2743 416 2807 desiderii
438 2744 542 2828 coepit
563 2744 717 2828 spondere
739 2745 902 2828 effectum,
927 2745 1034 2808 animo
1057 2745 1097 2809 ad
1119 2745 1267 2829 longiora
1288 2745 1469 2828 transiistis3
1492 2748 1517 2807 et

336 2951 357 3015 ⁷)
376 2949 410 3000 0¹¹
431 2947 467 3000 ad
484 2965 573 3017 marg.
594 2949 683 3014 „forte
701 2952 865 3009 tentemus&
885 2966 970 3018 quum
983 2965 998 3004 e
1011 2948 1150 3004 centrario
1166 2948 1244 3003 hisee
1256 2948 1454 3003 condifionibus
1463 2947 1514 3001 aliu·

268 3032 344 3086 natio
362 3032 411 3086 illa
427 3032 463 3086 ab
481 3031 630 3087 Hormisda
647 3033 814 3088 coucedatur
832 3050 865 3088 ae
883 3034 946 3088 rata
962 3033 1107 3089 habeatur.

336 3121 356 3185 8)
374 3117 406 3169 ld
424 3120 640 3171 cousentaneum
658 3122 701 3171 cst
719 3117 844 3180 decreto,
863 3134 919 3187 quo
936 3118 1048 3174 Hilarus
1064 3136 1141 3189 papa
1158 3119 1188 3172 in
1205 3118 1327 3188 epistola
1344 3118 1379 3173 ad
1390 3118 1512 3188 episcopos

268 3202 376 3257 Galliae
394 3220 420 3255 n.
440 3209 454 3256 7
473 3201 558 3256 cavit:
581 3223 612 3256 nc
632 3207 743 3270 praedia
765 3223 830 3272 quoe
848 3209 884 3257 cd
901 3210 1032 3258 ecelesiam
1052 3211 1182 3273 pertinent
1203 3211 1289 3274 atiquo
1305 3210 1369 3270 jure
1385 3210 1410 3257 in
1425 3211 1511 3256 utinm

268 3293 469 3354 rruruferoarur,
494 3293 544 3341 nisi
564 3293 636 3356 prius
653 3295 723 3357 apud
739 3295 869 3342 concilium
885 3293 1046 3342 alienationis
1063 3293 1144 3357 ipsius
1160 3307 1240 3342 caiisa
1258 3294 1391 3349 doceatur,
1412 3287 1474 3341 adeo
1488 3292 1510 3337 ut

267 3373 366 3427 saltem
384 3374 448 3442 post
465 3371 662 3426 alienationem
680 3372 803 3442 suppleri
820 3373 939 3428 voluerit
949 3372 1109 3439 Hermisda,
1129 3372 1205 3441 quod
1221 3379 1296 3441 prius
1312 3373 1371 3427 fieri
1387 3373 1502 3426 debuerat

267 3458 333 3525 Itjus
351 3459 444 3512 autem
462 3456 598 3511 voluntati
617 3455 776 3511 Caesarium
793 3459 916 3527 paruisse
934 3457 1150 3527 subscriptiones
1162 3457 1303 3512 subnexae
1320 3458 1400 3512 fidem
1417 3456 1506 3510 iaciunt

268 3544 402 3606 Quocirca
419 3543 465 3612 pio
484 3540 524 3595 illi
541 3541 663 3611 praesuli
679 3541 708 3595 in
726 3543 895 3597 testamento
908 3559 957 3597 suo
970 3542 1062 3596 dicere
1074 3541 1165 3609 licuit,
1182 3541 1213 3596 id
1224 3542 1314 3613 egisse
1326 3560 1354 3598 se
1371 3549 1435 3614 quor
1443 3546 1509 3595 :auru

266 3648 352 3696 pupae
370 3632 487 3681 urbicus!
501 3632 582 3681 errarit
600 3633 747 3681 arroteritae.
783 3627 863 3682 Unde
881 3631 910 3682 et
927 3626 1142 3697 subscriptiones
1160 3627 1368 3698 episcoporum,
1388 3626 1507 3682 anabau

266 3713 295 3765 in
313 3712 428 3766 dubium
445 3713 574 3777 vocatae,
593 3709 697 3781 optime
716 3711 768 3764 toti
786 3712 922 3780 epistolae
940 3711 1114 3766 conveniunt.

333 3800 354 3861 ⁹)
373 3797 455 3867 Apud
472 3796 637 3851 Bollandum
659 3797 813 3865 sequuntur
834 3796 1051 3867 subscriptiones
1070 3803 1084 3850 7
1106 3797 1301 3868 episcoporum
1318 3798 1427 3861 Galliac,
1450 3812 1505 3864 qim·

268 3900 352 3950 quum
369 3882 398 3935 in
415 3880 476 3935 aliis
493 3881 606 3951 regulae
619 3880 740 3935 Caesarii
758 3881 973 3952 exemplaribus,
991 3881 1020 3936 in
1038 3880 1138 3951 quibus
1151 3882 1232 3938 deest
1243 3881 1374 3953 epistola,
1391 3881 1506 3936 iurentur

267 3971 325 4033 tur,
352 3983 407 4020 non
425 3966 573 4036 epistolam
591 3965 640 4020 sed
658 3966 783 4036 regulam
806 3968 932 4037 spectare
955 3967 1069 4037 ejusque
1091 3967 1331 4023 confirmationem
1352 3966 1507 4022 continear

267 4052 374 4106 barbato
393 4054 546 4106 censentur.

336 4139 355 4206 ¹)
375 4137 413 4191 Ut
429 4137 482 4190 hoc
493 4136 554 4190 loco
566 4136 709 4206 productis
722 4135 845 4206 epistolis
857 4138 1046 4192 Romanorum
1057 4137 1219 4207 pontificum
1239 4138 1320 4192 simut
1336 4140 1422 4193 totam
1439 4139 1506 4189 rem

267 4222 377 4275 illorum
393 4221 606 4287 illustraremus,
633 4222 792 4277 eorumdem
810 4223 833 4276 si
852 4240 907 4290 qua
923 4221 1047 4276 iuvenire
1065 4224 1146 4277 crant
1168 4222 1273 4292 scripta
1290 4226 1355 4277 autc
1372 4226 1508 4291 susceptum

267 4307 459 4375 pontificatum
481 4307 627 4377 concepta,
659 4307 757 4361 eedem
781 4307 877 4362 ordine
906 4307 1087 4362 exhibuimus.
1135 4306 1225 4361 Simili
1248 4309 1356 4363 ratione
1378 4307 1456 4362 etiam
1474 4305 1508 4357 bic

266 4392 359 4460 plures
376 4392 506 4462 epistolas
523 4391 641 4445 Ennodii
660 4392 696 4446 ad
713 4392 889 4447 Hormisdam
907 4392 1054 4447 diaconum
1076 4393 1173 4447 missas
1195 4409 1231 4447 ex
1253 4392 1374 4447 editione
1391 4390 1511 4446 Sirmoudr

267 4480 393 4546 (tipum.
412 4478 432 4541 I,
445 4480 550 4546 801ss.)
568 4479 694 4546 repetere
713 4492 815 4546 operae
833 4477 954 4547 pretium
972 4477 1106 4545 duxImns,
1117 4476 1249 4532 videlicet
1265 4478 1339 4532 illius
1352 4478 1512 4549 epistolatim

289 4561 326 4615 IV
344 4580 386 4631 ep.
400 4569 441 4628 34,
460 4561 514 4615 l.V
532 4579 574 4631 ep.
590 4569 629 4625 13,
647 4562 664 4615 I.
675 4561 713 4614 VI
732 4580 774 4631 ep.
784 4570 826 4629 33,
844 4562 860 4615 l.
872 4562 924 4616 VII
942 4579 985 4632 ep.
1001 4569 1040 4629 12,
1058 4563 1075 4617 l.
1086 4561 1151 4616 VIII
1168 4566 1301 4631 epsitet-
1312 4570 1354 4621 39,
1370 4564 1389 4618 I.
1399 4563 1434 4618 IX
1447 4570 1507 4633 epe

266 4648 339 4711 Qrias
363 4647 413 4700 etsi
436 4647 464 4700 iu
486 4647 597 4701 lectoris
620 4647 795 4701 commodum
822 4647 989 4702 continuatis
1015 4647 1150 4711 numeris,
1179 4651 1278 4703 tamen
1303 4666 1356 4719 pro
1378 4648 1516 4720 appendia·

266 4732 387 4798 ‘laedam
406 4731 576 4800 adjiciendas
594 4732 648 4785 rati
666 4750 772 4799 smnus,
796 4733 899 4803 quippe
917 4749 1013 4787 omues
1033 4750 1089 4787 non
1111 4731 1162 4786 nisi
1179 4732 1293 4802 private
1310 4735 1444 4805 scriptam.
1464 4733 1518 4788 nihl

265 4835 376 4871 causum
394 4817 555 4871 inrisersalis
573 4817 710 4872 Ecclesnie
733 4820 863 4872 tractant.
904 4818 1078 4886 Quamquam
1100 4819 1129 4872 et
1150 4818 1229 4888 ipsae
1249 4834 1305 4889 pro
1328 4820 1446 4876 historia
1466 4818 1521 4872 llor-

265 4903 369 4957 misdac
389 4905 417 4957 et
434 4902 519 4973 ipsius
537 4902 694 4972 Symmachi
711 4903 786 4959 haud
803 4921 902 4974 parum
920 4905 1072 4959 conferunt.
