3412 5664
277 291 341 356 944
717 306 746 354 s.
762 303 969 353 soanrsusn
991 302 1106 350 iuras

171 477 264 526 abac.
278 458 496 524 rentissimum
523 457 707 543 episcopum
730 430 931 543 dirigendam
952 457 1043 522 vobis
1064 455 1100 520 in
1120 457 1286 540 praesenti
1306 456 1412 521 meritc
1432 458 1501 525 sedi·

277 562 395 645 dimus,
424 563 461 625 ut
488 563 634 625 svestra
661 560 734 625 sede
759 560 858 625 etiam
884 563 978 624 tenor
1006 559 1075 643 ejus
1097 557 1254 623 admissus
1282 558 1322 622 ad
1348 556 1502 644 colligendas

276 663 424 749 proficiat
446 665 479 727 et
500 661 686 727 adunandas
708 662 826 747 ubique
848 661 1046 726 venerabiles
1069 659 1236 743 ecclesias,
1260 663 1294 724 et
1314 659 1502 745 Ierosolynita

276 788 352 830 nam
374 764 555 850 praecipue,
580 764 630 829 cui
651 765 828 852 tantum²⁰)
851 785 961 828 omnes
981 762 1124 828 favorem
1138 761 1332 847 impendunt
1344 763 1425 848 quasi
1435 765 1503 829 matri

277 865 452 933 Christiani
473 865 624 948 nominis,
648 869 685 931 ut
705 888 800 931 nemo
823 867 939 932 audeat
961 866 1001 931 ab
1024 887 1062 930 ea
1083 887 1153 930 sese
1174 865 1364 930 discernere.
1400 863 1503 932 Comen·

276 991 347 1033 sum
368 968 476 1054 itaque
498 967 672 1053 propitium
693 972 783 1034 tuam
804 968 1056 1034 sanctitudinem
1082 967 1248 1052 epistolari
1275 988 1395 1053 quoque
1417 968 1504 1052 pagina

278 1072 428 1135 convenit
450 1069 627 1135 declarare:
649 1073 687 1135 ut
708 1071 838 1156 cognito
860 1071 1008 1136 omnibus
1030 1073 1125 1155 atque
1150 1069 1331 1154 patefacto,
1352 1068 1503 1149 bnoun²¹j

277 1172 419 1256 ejusdem
441 1172 605 1237 chartulae
628 1195 647 1237 a
668 1173 758 1237 vobis
781 1172 879 1236 etiam
900 1171 1025 1237 laudari
1047 1175 1080 1237 et
1100 1172 1260 1237 tenaciter
1288 1170 1439 1252 custodiri,
1458 1169 1504 1234 lae

276 1275 339 1339 tior
360 1275 497 1339 mundus
520 1274 663 1339 exsistat.
708 1269 894 1359 Data²²)'V
915 1273 992 1339 Idus
1014 1272 1212 1359 Septembris
1234 1272 1435 1355 Calchedona,
1457 1270 1504 1335 liu·

276 1376 357 1441 atico
386 1374 453 1440 viro
482 1376 657 1441 clarissimo
680 1375 818 1441 consule.
865 1376 1009 1461 Accepta
1036 1375 1140 1460 pridie
1167 1374 1326 1442 Calendss
1346 1373 1504 1453 Decembris,

277 1479 405 1542 consule
428 1479 655 1563 suprascripto.

753 1653 918 1731 Exemplar
937 1670 1073 1731 precum.

427 1767 506 1832 Deo
528 1766 692 1832 amabili
715 1788 758 1831 ae
780 1766 961 1852 piissimo
986 1768 1223 1853 imperatori
1246 1789 1290 1833 ex
1310 1766 1387 1832 Deo
1405 1766 1506 1851 Augu·

522 1872 585 1934 stc
608 1871 645 1933 et
674 1868 850 1953 principi
872 1867 1084 1952 Juscinoe)
1107 1868 1445 1936 Christianissimc
1461 1866 1507 1930 de·

521 1971 700 2056 precatio
722 1973 761 2034 et
786 1970 1034 2056 supplicatio
1062 1971 1109 2035 ab
1131 1969 1465 2057 lerosolymitanis
1480 1970 1508 2032 et

520 2070 785 2137 Antiochenis
821 2075 860 2136 et
896 2073 1090 2138 secundae
1127 2072 1268 2158 Syriae
1308 2070 1455 2138 clericis
1480 2071 1508 2133 et

521 2173 735 2240 abbatibus
758 2177 797 2238 et
818 2174 1115 2258 possessoribus
1137 2173 1277 2260 Syriae
1298 2173 1506 2259 provinciae

123 2309 178 2365 Jes.
191 2315 230 2376 12,
239 2317 263 2365 3.
361 2294 392 2359 5.
426 2292 562 2359 Haurite
578 2315 688 2374 uquam
711 2315 778 2359 cum
793 2300 910 2360 laetitio
924 2316 965 2360 ex
982 2298 1072 2372 sonte
1084 2301 1201 2375 solatis,
1224 2293 1411 2360 vociferator
1422 2291 1508 2357 nm

275 2395 433 2481 propheta
456 2396 624 2479 exclamat,
647 2395 754 2460 fontes
776 2395 890 2460 salutis
905 2396 1111 2481 evangelicae
1126 2397 1273 2461 veritatis
1291 2395 1508 2481 praedicationes

275 2498 446 2562 manifeste
467 2498 655 2580 ostendens,
684 2518 722 2561 er
744 2498 859 2583 quibus
880 2498 967 2563 beati
989 2497 1126 2583 apostoli
1148 2501 1181 2563 et
1203 2519 1313 2563 eorum
1335 2497 1387 2582 qui
1412 2517 1460 2581 per
1474 2516 1507 2559 or·

276 2599 384 2664 dinem
409 2599 541 2664 fuerunt
569 2598 715 2683 discipuli
743 2603 775 2664 et
803 2600 964 2684 sapientes
986 2598 1150 2666 Ecclesiae
1179 2600 1342 2684 doctores,
1369 2597 1507 2664 salutarem

275 2723 390 2786 squam
412 2701 486 2766 fidei
507 2700 709 2784 haurientes,
739 2723 865 2767 omnem
888 2706 1034 2768 sanctam
1055 2701 1163 2787 Dei²⁴)
1186 2701 1366 2768 Ecclesiam
1388 2699 1507 2785 irrigare

275 2807 361 2887 runt,
385 2803 516 2889 quaein
530 2807 623 2889 petra
637 2803 753 2868 summi
768 2805 984 2889 apostolorum
998 2805 1135 2870 subnixa
1150 2807 1273 2869 rectam
1288 2808 1322 2869 et
1335 2801 1508 2869 inflexibilem

276 2907 509 2972 confessionem
532 2906 728 2989 custodiens,
757 2905 948 2971 fiducialiter
973 2928 1046 2971 cum
1068 2927 1105 2970 ec
1132 2906 1173 2970 ad
1200 2907 1401 2992 unigenitum
1419 2902 1506 2968 lilim

89 2993 95 3007 ’
161 2988 261 3112 Ἢ·
274 3007 335 3073 Dei
357 3008 445 3073 omni
465 3011 609 3092 tempore
631 3007 804 3092 exclamat,
835 3008 960 3074 dicens:
991 3012 1036 3073 Tu
1062 3030 1094 3073 es
1117 3012 1441 3074 consternasset
1456 3010 1505 3071 esa

201 3099 207 3125 ’
248 3100 369 3176 'Hanc
395 3110 569 3176 salutarem
598 3109 878 3198 confessionem²⁵)
907 3133 926 3175 a
959 3110 1080 3175 sanctis
1111 3113 1249 3196 quatuor
1282 3109 1420 3195 synodis,
1448 3126 1506 3192 quae

274 3213 468 3298 evangelicis
495 3211 676 3297 praeceptis
703 3216 779 3277 sunt
804 3212 996 3296 honoratae,
1027 3211 1257 3296 suscipientes,
1291 3232 1445 3298 nunquam
1466 3226 1506 3292 per

274 3312 394 3380 Christi
416 3314 556 3400 gratiam
577 3335 596 3377 a
617 3314 745 3379 traditis
766 3315 859 3380 nobis
881 3314 977 3379 rectis
999 3313 1202 3399 dogmatibus
1225 3313 1425 3396 deviavimus,
1447 3309 1505 3375 sicu

273 3437 378 3481 rerum
399 3418 539 3481 testatur
558 3415 705 3502 probatio
711 3467 720 3501 ,
745 3420 778 3481 et
798 3420 941 3501 tempore
962 3415 1164 3482 necessitatis
1184 3415 1260 3481 fidei
1284 3414 1455 3482 comtantia
1469 3409 1505 3473 de

272 3506 441 3583 monstrat.
487 3517 521 3583 si
542 3517 642 3603 igitur
663 3521 700 3582 ut
721 3516 898 3584 Christiani
919 3518 1098 3605 rationis²⁶)
1126 3517 1201 3583 fidei
1223 3540 1334 3583 sumus
1354 3515 1504 3604 participe,

273 3678 398 3685 ----.—
415 3678 424 3683 .

270 3762 402 3825 politanae
419 3761 529 3811 auratis
551 3762 707 3826 episcopum.
731 3756 779 3825 qni
801 3756 949 3827 legationis
971 3757 1007 3813 ab
1024 3756 1181 3828 Epiphanio
1205 3757 1236 3812 et
1257 3756 1363 3827 synodo
1379 3754 1435 3825 ejus
1447 3746 1505 3807 dull·

272 3842 368 3907 natae,
387 3843 419 3895 ut
434 3841 521 3912 ipsius
537 3840 688 3912 Epiphanii
705 3840 909 3896 ordinationem
925 3840 1097 3898 sollemniter
1113 3841 1270 3909 nuntiaret,
1293 3841 1348 3896 dux
1364 3842 1393 3896 et
1407 3838 1504 3910 prim

271 3925 325 3979 fuit
342 3928 396 3996 (ep.
412 3933 459 3981 131
478 3945 504 3980 n.
519 3934 543 3993 3,
561 3927 632 3981 conf.
651 3943 694 3996 ep.
710 3933 758 3981 130
774 3944 801 3980 n.
814 3930 850 3995 2).
877 3926 945 3996 lidus
961 3943 1047 3998 porro
1064 3925 1214 3996 aegritudo
1231 3925 1307 3982 haud
1319 3925 1503 3981 dubieincsmt

271 4009 336 4075 fuit,
355 4028 404 4065 cur
422 4009 594 4081 Epiphanius
611 4010 676 4066 huic
693 4010 798 4079 officio,
816 4012 891 4081 quod
908 4012 945 4067 ab
962 4011 1010 4066 illo
1022 4011 1172 4066 Hormisda
1189 4014 1335 4082 exegerat,
1351 4001 1503 4067 tardius&

272 4094 377 4150 fecerit.

340 4182 372 4249 ²⁰)
390 4183 417 4235 a'
440 4198 497 4251 seq.
522 4188 563 4236 cui
585 4194 665 4237 tornea
688 4203 782 4240 omnes.
823 4182 860 4236 ΗΒ
881 4189 1006 4238 sicimam
1028 4202 1112 4237 omnes
1132 4187 1186 4250 sao.
1211 4189 1272 4252 imp.
1289 4193 1314 4237 et
1336 4187 1406 4253 quusi
1420 4194 1501 4244 ..W

268 4273 361 4334 priuis.

339 4353 372 4420 ²¹)
390 4353 416 4406 a*
437 4363 519 4407 tenor.
556 4351 662 4407 clarius
683 4351 725 4407 ita
746 4353 800 4408 hcc
822 4353 1024 4409 enuntiaretur:
1047 4365 1074 4407 ut
1095 4373 1168 4424 pause
1186 4357 1299 4409 omnibu
1319 4356 1432 4422 monitu
1447 4356 1501 4413 ’Ψ

269 4441 425 4504 patefactam
440 4442 533 4505 fucrit,
552 4449 663 4493 tenorem
681 4449 728 4494 etc.

338 4523 371 4589 ²¹)
389 4521 457 4575 bec
474 4528 543 4577 Data
561 4526 660 4578 Idibus.

338 4608 360 4640 ²³
389 4606 426 4659 H⁶
441 4613 631 4676 ploriosissimo.
667 4607 732 4662 Mox
749 4608 786 4663 H⁸
802 4614 915 4675 sontibus
932 4616 1077 4665 saluatoris.

338 4692 359 4725 ²⁴
388 4690 426 4745 Η8
444 4692 533 4748 omitt
553 4698 610 4747 Dei.
647 4693 684 4747 Hl
701 4705 801 4762 petrum
873 4700 1092 4764 inconflexibilem.
1168 4730 1174 4742 ·

337 4777 359 4810 ²⁵
387 4776 437 4830 11¹⁰
454 4777 517 4833 add.
537 4784 680 4834 custodiens
694 4785 857 4848 fiducialiter.

337 4863 359 4896 ²⁰
388 4862 425 4914 11⁶
443 4869 544 4918 ratione
558 4870 621 4932 fidei
692 4870 787 4920 (Istrus.
