3450 5678
152 521 177 556 a.
186 501 235 549 tbi

147 2809 238 2862 Matth

151 2883 190 2944 18,
200 2884 240 2929 aa.

260 316 322 380 150
745 330 772 376 s.
791 325 913 372 niuniu
936 321 1050 369 inens

238 487 344 551 ¹enim
372 488 481 549 nostro
504 483 638 547 Leorrtio
666 481 746 545 nihil
775 479 942 544 constituti
970 502 989 543 a
1017 481 1149 542 sanotae
1172 477 1343 542 memoriae
1365 476 1537 542 decessore

258 611 328 653 meo
348 586 430 672 juris
453 585 559 671 potuit
581 584 789 669 abrogari¹⁰),
813 581 895 646 nihil
917 581 1029 663 valuit,
1053 581 1136 665 quod
1158 579 1272 644 honori
1294 580 1364 663 ejus
1385 579 1535 663 debetur,

259 689 394 754 aufcrri:
428 688 502 771 quia
532 686 785 751 Christianorum
815 705 939 768 quoque
967 683 1150 767 principum
1177 681 1249 768 lege
1278 682 1445 747 decretum
1473 685 1535 765 est,

259 796 294 856 ut
317 789 469 876 quidquid
492 788 634 854 ecclesiis
657 808 828 871 earumque
850 785 1027 850 rectoribus
1048 808 1107 869 pro
1121 784 1228 869 quiete
1243 783 1386 849 omnium
1401 784 1537 850 Domini

259 894 457 958 sacerdotum
486 893 581 975 atque
610 889 710 973 ipsius
738 888 943 953 observantia
971 887 1161 972 disciplinae
1188 887 1222 950 in
1251 886 1439 951 auferendis
1461 910 1537 953 con·

259 995 439 1060 fusionibus
462 991 655 1076 apostolicae
678 991 761 1055 sedis
792 990 928 1054 antistes
951 1011 1008 1054 suo
1030 988 1273 1074 pronuntiasset
1294 990 1454 1072 examine,
1484 1012 1537 1055 ve-

259 1098 411 1162 neranter
434 1094 536 1178 accipi
559 1093 778 1177 tenaciterque
801 1093 920 1156 servari
944 1114 1016 1156 cum
1039 1092 1103 1155 suis
1126 1090 1274 1176 plebibus
1292 1090 1411 1156 caritas
1427 1094 1538 1157 restra

260 1199 483 1283 cognosceret,
506 1217 729 1279 necunquam
751 1198 884 1279 possent
905 1192 1052 1277 convelli,
1076 1215 1157 1278 qnae
1180 1198 1213 1258 et
1227 1192 1419 1259 sacerdotali
1435 1194 1536 1259 eccle-

259 1300 388 1365 siastica
410 1297 636 1383 praeceptione
664 1297 856 1362 fulcirentur
884 1299 916 1362 et
938 1297 1038 1382 regia.
1084 1295 1189 1378 Unde,
1219 1294 1336 1360 fratres
1363 1296 1535 1380 carissimi,

259 1402 552 1488 praesumptionem
574 1398 741 1483 praedicti,
766 1421 847 1483 quae
869 1399 903 1463 iu
918 1397 1029 1462 fratris
1045 1402 1078 1462 et
1093 1398 1271 1482 coepiscopi
1286 1399 1390 1462 nostri
1406 1398 1537 1465 Iaeoutii

259 1505 414 1589 processit
435 1503 599 1586 iujuriam,
623 1502 671 1566 ita
694 1501 845 1566 convenit
865 1501 994 1566 tolerari
1017 1501 1136 1586 dignae
1151 1523 1239 1565 nunc
1253 1499 1385 1565 interim
1400 1501 1537 1567 ultionis

259 1608 444 1688 immunem,
468 1609 505 1669 ut
517 1605 544 1668 si
559 1608 779 1689 transgressor
793 1603 941 1689 remediis
957 1602 1101 1667 abutitur
1113 1602 1343 1667 satisfactionis
1359 1607 1393 1667 et
1407 1603 1534 1687 veniae,

259 1731 319 1773 nec
343 1709 469 1792 culpam
493 1707 672 1791 praesentis
695 1728 841 1770 excessus
865 1706 1039 1770 curandam
1061 1706 1188 1769 futurae
1204 1705 1429 1770 observantiae
1444 1706 1536 1771 sedu-

259 1812 352 1875 litate
374 1810 546 1895 promittit,
570 1809 724 1872 redeunte
747 1808 947 1893 querimonia
969 1830 1007 1873 eo
1037 1807 1208 1893 privilegia
1223 1796 1421 1873 Viennensis
1436 1807 1535 1873 eccle

259 1913 325 1976 siae
348 1911 387 1975 ad
404 1910 628 1976 Arelatensem
650 1910 829 2002 antistitem
845 1911 1084 1975 transferantur
1098 1910 1253 1995 exemplo,
1277 1931 1339 1995 quo
1354 1911 1536 1996 migravere

261 2013 429 2098 principio.

344 2320 374 2383 5.
420 2318 513 2384 Unde
541 2321 670 2383 nostrae
703 2318 930 2383 moderationis
960 2341 1076 2383 nomen
1105 2323 1270 2403 tenentes,
1300 2320 1341 2384 ad
1368 2319 1537 2387 Veranum

259 2423 395 2486 fratrem
424 2425 456 2484 et
487 2422 709 2506 coepiscopum
738 2423 889 2485 nostrum
910 2421 1031 2505 scripta
1053 2421 1241 2505 direximus,
1270 2426 1308 2487 ut
1334 2423 1537 2507 praedictum

260 2547 297 2587 ex
334 2526 443 2587 nostra
471 2523 673 2608 delegatione
702 2524 887 2606 conveniat,
922 2528 1081 2608 quatenus
1108 2524 1184 2608 quid
1217 2523 1256 2587 de
1289 2546 1326 2589 eo
1358 2524 1538 2591 retuleritis

261 2629 432 2709 agnoscat:
466 2624 541 2710 quia
569 2646 739 2689 onerosum
767 2646 924 2690 essenon
950 2626 1060 2710 debet,
1085 2626 1372 2712 delinquentem¹¹)
1400 2627 1537 2693 fratrem

262 2728 300 2790 de
328 2728 465 2811 propriis
498 2728 679 2791 excessibus
713 2728 895 2812 increpare,
938 2727 1053 2812 quibus
1082 2731 1288 2812 praeceptum
1317 2733 1446 2794 constat
1473 2730 1538 2795 fre·

242 2831 397 2913 ·quenter
419 2829 596 2913 ignoscere.
642 2829 780 2894 Necesse
809 2831 858 2893 est
880 2834 998 2913 autem,
1029 2830 1054 2892 si
1084 2830 1208 2893 nullum
1231 2831 1438 2897 correctionis
1466 2832 1539 2916 ejus

262 2930 416 2994 indicium
440 2932 679 3015 sumpserimus,
703 2932 785 3017 quod
809 2931 865 2995 illa
888 2934 937 2995 cst
959 2933 1155 3015 professione
1179 2932 1398 3017 retinendum,
1422 2936 1539 3021 quast)

262 3033 481 3097 definitionem
504 3035 587 3098 sedis
610 3034 802 3120 apostolicae
825 3034 966 3117 periculo
988 3034 1110 3098 ordinis
1132 3036 1180 3099 sui
1203 3057 1329 3120 semper
1344 3058 1539 3104 conservan-

261 3136 335 3199 dam
363 3135 433 3200 sine
457 3137 521 3200 ulla
544 3136 694 3222 deinceps
720 3137 976 3221 transgressione
999 3139 1145 3219 testetur,
1176 3137 1216 3200 ad
1238 3137 1464 3219 Arelatensem
1486 3164 1539 3208 ee·

264 3237 394 3302 clesiam
417 3239 544 3303 easdem
572 3245 709 3323 quatuor
732 3240 888 3322 civitates,
918 3261 1052 3323 quarum
1081 3262 1144 3302 uon
1173 3239 1236 3303 fuit
1265 3243 1321 3303 aut
1348 3262 1414 3304 non
1436 3241 1541 3309 fuerit

263 3339 438 3405 Mamertus
460 3342 627 3425 episeopus
642 3342 844 3406 ordinatione
860 3345 1030 3405 contentus
1041 3342 1090 3425 ¹³),
1115 3364 1184 3405 esse
1198 3341 1405 3407 revocandas.
1444 3344 1539 3420 Quod

263 3442 360 3505 etiam
387 3446 466 3507 tunc
492 3444 653 3527 oportebit
679 3443 759 3526 fieri,
788 3445 815 3507 si
844 3443 926 3507 ullus
954 3465 1095 3527 unquam
1118 3447 1191 3527 post
1213 3465 1296 3528 eum,
1326 3465 1421 3528 quem
1447 3468 1541 3513 nunc

264 3544 398 3607 caritate
421 3545 609 3627 corripimus
632 3549 665 3610 et
686 3544 819 3609 ulterius
842 3545 883 3608 ab
905 3544 1027 3610 illicitis
1043 3546 1230 3610 confidimus
1246 3546 1420 3629 abstinere,
1444 3570 1540 3633 prae·

262 3645 454 3729 sumptionis
477 3645 572 3730 hujus
591 3647 735 3712 imitator
756 3647 924 3712 exstiterit.

332 3867 362 3932 ¹⁰)
381 3866 412 3919 ln
431 3881 485 3918 iuro
504 3884 553 3919 ms.
574 3871 750 3936 abrepere-
768 3873 881 3935 anferre.
921 3869 952 3921 ln
976 3868 1154 3939 sequentibus
1178 3869 1287 3923 llilanrs
1315 3886 1542 3929 commemorare

263 3948 374 4002 videtur
391 3949 581 4004 Valentinum
598 3953 737 4007 novellam
755 3953 780 4006 d.
800 3953 883 4006 sJul.
902 3971 926 4006 u..
941 3960 991 4007 415
1009 3952 1093 4019 linter
1110 3954 1211 4008 Leonis
1230 3954 1309 4024 epist.
1327 3960 1367 4021 ll)

333 4035 362 4099 ¹¹)
381 4033 469 4087 llilari
487 4039 609 4089 mentem
629 4037 652 4090 si
670 4038 851 4105 assequimur,
870 4039 952 4092 docet
963 4038 1149 4106 delinquentis
1167 4038 1385 4108 increpationem
1404 4058 1438 4095 cx
1459 4042 1540 4111 iguo·

262 4116 354 4170 scendi
372 4122 523 4188 praecepto
541 4122 688 4189 proficisci,
711 4123 777 4191 quia
794 4121 948 4192 increpatio
967 4123 1094 4178 adhiberi
1113 4124 1206 4190 debet,
1230 4126 1260 4178 ut
1277 4141 1341 4179 reus
1359 4125 1543 4196 indulgentia

261 4220 290 4255 se
309 4201 425 4270 dignum
442 4206 580 4273 praebeat
598 4208 664 4274 (οῖ’).

332 4290 361 4345 ¹¹1
381 4289 413 4341 l1³
425 4289 457 4341 11⁴
470 4290 488 4339 b
507 4311 579 4358 qnam
598 4298 751 4357 definitione,
772 4294 799 4346 a*
819 4313 891 4362 qaam
910 4297 1086 4358 definitionem.
1115 4293 1194 4359 Quod
1205 4294 1334 4349 Maurerti
1353 4299 1543 4358 correctionis

263 4372 393 4425 iudicium
412 4372 478 4426 velit
496 4374 615 4439 llilarus,
638 4377 682 4430 hic
701 4378 798 4445 aperte
817 4376 953 4432 declarat:
977 4384 1007 4430 ut
1030 4377 1160 4432 nimirum
1183 4378 1373 4434 definitionem
1395 4399 1478 4437 suam
1503 4386 1543 4443 de

260 4455 426 4511 Viennensis
445 4457 578 4511 dioecesis
597 4460 732 4514 divisione
744 4461 843 4515 Leonis
857 4462 963 4528 judicio
982 4462 1080 4517 sultam
1100 4464 1308 4533 religiosissime
1320 4484 1350 4520 se
1362 4467 1414 4520 sub
1427 4468 1543 4527 ordinis

262 4544 290 4594 et
313 4542 417 4610 gradus
440 4542 482 4594 sui
504 4543 627 4612 periculo
650 4547 823 4600 servaturum
847 4549 1019 4617 profiteatur.
1043 4536 1092 4602 'ld
1116 4565 1181 4604 vero
1200 4568 1341 4618 nunquam
1359 4568 1376 4605 a
1394 4551 1543 4613 Mamerto

262 4630 366 4680 tint-um
384 4645 451 4692 esse,
470 4646 502 4681 ox
522 4644 554 4681 eo
574 4629 696 4683 Labutus
716 4632 864 4699 concludit,
887 4633 962 4702 quod
980 4633 1128 4688 Deensiuru
1147 4636 1262 4691 ccclesia
1279 4652 1389 4705 semper
1406 4639 1460 4691 stili
1480 4642 1543 4712 epi-

262 4726 345 4780 scopo
364 4715 393 4766 et
410 4712 558 4782 metropoli
577 4712 725 4769 Viennensi
745 4717 849 4783 relicta,
872 4718 949 4772 nulla
967 4718 1047 4786 hrrjus
1065 4718 1170 4774 decreti
1188 4721 1260 4774 ratio
1278 4721 1377 4776 bullita
1394 4720 1541 4782 rideatur.

330 4800 362 4863 ¹³)
381 4798 411 4850 ln
430 4798 463 4852 L’
475 4797 583 4882 l1³L⁴b
602 4799 680 4855 deest
699 4811 838 4858 contentas.
873 4804 997 4866 Quatuor
1016 4803 1077 4858 illas
1096 4804 1222 4859 civitates
1240 4823 1273 4860 ex
1285 4806 1386 4862 Leonis
1405 4809 1490 4879 epist.
1505 4818 1544 4868 68

256 4879 318 4943 jam
337 4899 421 4950 supra
438 4884 474 4938 ad
494 4883 574 4952 epist.
589 4892 604 4938 9
622 4891 678 4940 not.
693 4893 709 4940 4
726 4886 936 4942 nominavimus.
