3412 5664
1234 306 1246 333 Ο

215 312 254 378 76
581 328 715 377 uoutrn
739 326 890 377 tenuvia
914 328 949 375 tu
971 327 1112 379 ounnsrr

213 498 346 565 captares
368 492 479 547 matrinae
497 508 581 566 equum
600 492 628 547 in
644 493 764 549 conciliis
780 490 913 566 Ephesino
929 499 957 546 et
971 490 1195 555 Calchedouensi,
1218 506 1286 564 qnae
1302 486 1402 564 ubique
1417 505 1479 564 per·

213 576 321 651 vulgata
337 585 427 640 crant,
446 575 500 647 jam
516 575 619 650 prolata
634 578 715 634 sciret
730 577 808 653 plura
823 584 903 650 atque
919 576 1016 633 idonea
1030 586 1137 649 patrum
1151 576 1295 632 latinorum
1311 575 1476 632 testimonia.

213 662 306 735 Neque
321 679 385 717 nero
401 661 479 717 lacile
494 661 610 718 dandum
626 670 682 724 cst,
699 680 732 719 ex
747 662 834 719 allatis
850 660 882 716 ab
898 678 931 717 co
948 663 1109 718 testimoniis
1125 661 1270 736 quidquam
1285 659 1318 716 ab
1334 658 1387 716 alio
1402 668 1479 735 post·

213 746 323 803 modum
339 747 422 803 luisse
437 763 622 822 suppressum.
649 747 697 803 Cui
713 749 784 804 enirn
799 746 958 803 subtrahere
974 746 1061 820 aliqua
1076 746 1167 810 licuit,
1183 746 1290 803 licuerit
1304 752 1333 801 et
1346 744 1480 802 nonnulla

213 832 343 903 adjicere:
365 832 488 907 adeoque
503 834 526 888 si
542 833 657 906 pn'mnm
673 831 849 895 concedatur,
873 834 1004 889 continuo
1020 840 1046 888 et
1061 833 1094 888 iis
1110 832 1281 896 testimoniis,
1298 846 1367 905 quae
1382 847 1479 905 snper·

213 927 285 981 sunt,
301 917 459 974 detrahetur
474 917 514 973 rel
535 919 710 974 imminuetur
731 919 885 975 auctoritas.
917 917 1016 974 Deinde
1031 934 1161 991 quorsum
1177 915 1222 973 illa
1236 917 1262 972 in
1277 914 1478 991 supprimendis

212 1002 356 1059 latinorum
372 1010 399 1059 et
413 1004 440 1059 in
455 1002 603 1060 retinendis
619 1003 780 1060 Graecorum
794 1004 955 1059 testimoniis
971 1002 1123 1059 affectatio?

299 1105 326 1161 7.
357 1104 440 1180 Magis
456 1106 544 1180 placet
558 1105 640 1162 altera
656 1105 776 1177 eiusdem
792 1107 841 1162 viri
856 1105 929 1161 (loeti
945 1104 1110 1168 observatio,
1127 1122 1180 1179 qua
1196 1120 1250 1161 non
1267 1104 1354 1161 omnia
1369 1102 1479 1161 Eusebii

212 1190 390 1247 Caesariensis
411 1193 524 1265 scripta,
546 1190 593 1248 sed
614 1191 702 1247 solum
723 1190 780 1262 cjus
802 1191 940 1247 historiam
956 1207 971 1246 a
986 1189 1090 1246 Gelasio
1107 1188 1235 1264 epist.42
1250 1188 1305 1247 n.8
1320 1190 1349 1246 in
1362 1206 1478 1264 apocry-

212 1276 327 1351 phorum
357 1276 469 1333 classem
492 1275 625 1333 amandari
652 1284 743 1339 notat,
774 1276 895 1350 adeoque
921 1283 1063 1332 tractatum
1088 1276 1160 1332 hunc
1183 1282 1297 1350 propter
1321 1275 1480 1331 testimonia

213 1360 317 1417 Eusebii
334 1362 361 1417 in
376 1378 408 1417 eo
424 1363 503 1418 citata
519 1362 626 1418 minime
641 1370 798 1437 suspectum
814 1361 897 1417 videri
912 1359 1020 1417 debere.
1055 1360 1193 1436 Siquidem
1209 1359 1255 1417 illa
1269 1376 1325 1416 non
1340 1376 1373 1415 ex
1389 1360 1478 1416 histo·

213 1447 262 1507 ria,
283 1445 331 1501 scd
353 1463 385 1501 en
406 1447 463 1502 aliis
484 1446 543 1518 ejas
559 1445 685 1520 operibus
699 1454 822 1521 excerpta
837 1455 911 1502 sunt.
943 1446 982 1501 dd
999 1446 1064 1502 haec
1079 1445 1144 1521 quid
1160 1453 1307 1521 repugnat,
1329 1445 1480 1520 quominus

212 1531 332 1588 Gelasius
348 1531 476 1588 librorum
492 1530 597 1588 Eusebii
613 1533 786 1596 auctoritate,
809 1549 887 1606 quarn
904 1532 1092 1606 cpiscoporum
1108 1530 1285 1606 plurimorum
1300 1530 1416 1587 consilio
1431 1528 1481 1586 ad·

213 1618 329 1673 attonitus
351 1620 400 1673 hcc
420 1619 484 1673 satis
504 1624 605 1673 certam
627 1635 676 1674 nee
696 1619 769 1674 omni
785 1616 837 1674 lide
852 1616 958 1692 dignam
974 1615 1112 1691 probavit,
1135 1625 1197 1673 ante
1211 1616 1320 1673 illorum
1333 1631 1480 1673 censuram

212 1719 277 1758 usus
292 1703 344 1758 sit?
378 1701 547 1778 Quapropter
561 1704 708 1759 sinceritati
724 1701 805 1774 largius
822 1710 958 1771 tractatus,
976 1718 1055 1777 quern
1069 1701 1208 1758 Gelasiano
1224 1701 1257 1757 de
1273 1699 1348 1757 libris
1363 1700 1481 1757 decreto

211 1789 373 1844 anteriorem
389 1804 448 1843 esse
463 1805 549 1863 prope
564 1786 741 1844 indubitatum
758 1796 813 1851 est,
838 1788 905 1844 nihil
926 1785 1049 1844 officiunt
1063 1787 1168 1861 prolata
1182 1789 1211 1843 in
1226 1802 1259 1842 eo
1274 1783 1384 1843 Eusebii
1400 1786 1482 1843 testi-

211 1874 308 1929 monia.
351 1871 451 1940 Quavis
472 1874 550 1929 etiarn
576 1881 698 1947 ternpore
714 1873 819 1929 Graccis
839 1873 885 1929 illa
905 1872 1098 1947 recipientibus
1120 1871 1200 1944 objici
1214 1870 1363 1946 prudenter
1378 1878 1483 1946 potue·

210 1966 289 2021 rant,
310 1975 340 2014 ea
359 1960 518 2031 praesertim
533 1959 560 2014 in
576 1975 619 2023 re,
643 1975 711 2034 quae
732 1957 763 2014 ad
780 1960 903 2015 Arianam
923 1974 1029 2014 scansam
1045 1957 1111 2015 nihil
1126 1955 1265 2014 attinebat.
1295 1955 1481 2031 Epistularum

209 2044 300 2099 stilum
316 2044 398 2117 sapit,
415 2060 483 2117 quac
499 2044 625 2101 numid
647 2046 810 2101 testimoniis
825 2052 947 2100 veterum
962 2045 1142 2117 praemittitur
1157 2043 1319 2099 exhortatio.
1350 2040 1392 2097 tt
1407 2042 1483 2099 antl-

211 2129 270 2201 quis
287 2131 507 2199 laurentiorum,
532 2146 604 2201 opus
625 2147 655 2185 ao
671 2133 812 2199 notamen,
831 2147 885 2184 non
901 2131 1050 2202 epistolam
1065 2128 1192 2204 appellari
1206 2129 1332 2203 superins
1347 2125 1481 2184 vidimus.

212 2213 231 2267 b
253 2212 389 2269 Genrradio
410 2214 567 2270 lhnssiliensi
588 2223 616 2270 et
636 2232 651 2269 a
670 2215 793 2271 iohanne
807 2214 828 2270 ll
849 2232 916 2289 papa
937 2223 968 2270 ut
987 2215 1013 2270 in
1035 2213 1105 2270 libro
1127 2211 1285 2288 pontificum
1306 2219 1336 2270 et
1354 2211 1482 2288 vulgatb

212 2300 398 2373 manuscriptis
419 2298 493 2355 libris
513 2300 680 2356 inscribitur:
707 2303 848 2358 adversus
870 2299 1033 2357 Nestorium
1054 2307 1082 2356 ei
1104 2300 1256 2373 Eutychen
1262 2322 1272 2362 ,ε
1296 2296 1482 2372 aEulgeutio

210 2386 351 2440 adversas
376 2402 438 2455 cos,
464 2388 514 2459 qui
537 2389 567 2441 in
592 2386 711 2442 Domino
732 2387 803 2442 Iesu
827 2385 938 2442 Christo
960 2388 1083 2442 duarum
1105 2392 1278 2442 naturarum
1303 2385 1407 2441 noim
1431 2387 1481 2441 in-

210 2472 328 2526 divisam
349 2473 470 2527 credere
490 2474 640 2541 unitatem,
661 2489 675 2527 a
697 2470 822 2527 Facundo
843 2473 984 2528 aduersus
1004 2471 1175 2544 Acepbalos.
1211 2468 1395 2544 Eutychianos
1416 2468 1482 2543 qui·

210 2554 271 2610 dem
286 2554 387 2612 directe
402 2557 555 2630 impugnat;
577 2556 624 2612 sed
640 2557 702 2629 quia
717 2557 744 2612 hi
760 2555 846 2612 reielli
862 2554 1006 2613 efficaciter
1021 2554 1181 2630 nequibant,
1198 2556 1249 2611 nisi
1263 2554 1343 2611 simul
1358 2552 1482 2628 repelle·

209 2647 304 2695 rentur
319 2648 346 2697 ct
361 2640 455 2715 placita
469 2642 595 2704 Nestorii,
611 2640 672 2698 ideo
688 2650 781 2698 contra
796 2641 951 2698 Nestorium
966 2649 993 2697 et
1009 2639 1148 2715 Eutychen
1163 2642 1280 2715 scriptus
1295 2638 1406 2701 dicitur,
1420 2654 1481 2713 qna

210 2733 325 2799 uterque
339 2726 481 2783 reiellitur.
512 2727 605 2801 Neque
620 2728 709 2784 solum
724 2726 757 2782 ad
772 2725 925 2800 Eutychen,
948 2726 996 2782 sod
1015 2734 1042 2783 et
1057 2726 1090 2782 ad
1105 2725 1258 2782 Nestorium
1272 2723 1480 2800 quodammodo

209 2817 326 2885 spectat,
348 2811 421 2887 quod
442 2814 624 2886 praemittitur
638 2815 673 2869 de
687 2814 800 2870 duobus
815 2816 938 2870 naturis.
975 2812 1000 2867 ls
1016 2813 1085 2868 enirn
1101 2811 1214 2868 divinant
1228 2812 1256 2867 in
1271 2809 1380 2866 Christo
1396 2818 1480 2867 uatn·

210 2914 265 2951 ram
281 2913 342 2953 cnm
358 2898 469 2953 humana
489 2897 700 2955 substantialiter
715 2897 885 2970 conjunctam
906 2896 1033 2973 negabat,
1055 2896 1177 2970 adeoque
1197 2904 1291 2953 contra
1311 2894 1391 2952 illurn
1410 2910 1480 2953 cen·

209 2988 286 3038 setus
301 2981 380 3047 bbcr,
402 2984 429 3039 in
445 3000 499 3058 quo
516 2983 583 3040 ‹taae
599 2992 710 3040 naturae
724 2982 937 3040 substantialiter
953 2985 1042 3040 unitae
1057 2981 1205 3038 secundnm
1220 2981 1376 3037 catholicam
1393 2978 1480 3037 taem

209 3077 376 3124 asseruntur.
405 3067 470 3136 Quia
486 3087 550 3126 vero
565 3071 591 3131 ιι,
609 3071 654 3143 aqui
670 3068 783 3125 subinde
798 3069 862 3124 dicti
877 3077 942 3124 sunt
956 3069 1105 3140 desplanis}
1123 3076 1234 3123 naturae
1248 3068 1276 3123 in
1288 3064 1396 3123 Christo
1413 3066 1480 3123 uni·

209 3156 470 3229 tatempcrtinaciter
482 3154 696 3230 propugnabant,
709 3171 777 3228 quae
789 3155 840 3211 boe
852 3152 921 3210 libro
933 3160 1088 3209 constanter
1100 3155 1282 3227 impugnatur,
1294 3167 1355 3209 eum
1368 3158 1479 3209 contra

209 3239 372 3310 Acepbalos
386 3239 532 3297 inscribere
547 3240 596 3297 sibi
614 3241 694 3297 licere
709 3241 815 3296 «censuit
831 3238 985 3301 Facundus,
1006 3240 1126 3314 quamvis
1148 3238 1201 3294 hoc
1220 3253 1319 3294 nomen
1335 3236 1406 3293 iorte
1421 3234 1479 3294 Ge·
1543 3262 1547 3275 ·

209 3323 275 3378 lusio
290 3325 415 3398 ignotum
431 3324 520 3384 inerit.
556 3325 600 3382 Sic
620 3342 683 3381 varo
698 3326 904 3399 cognominatos
921 3341 980 3381 esse
996 3322 1119 3380 observat
1134 3322 1206 3380 idem
1221 3321 1361 3383 Facundus
1377 3322 1477 3396 eap.5.

209 3411 260 3479 qui
278 3409 345 3464 licet
366 3411 536 3466 recedentes
556 3414 585 3466 ιη
606 3406 773 3484 qaa'basdc'tm
794 3413 830 3468 ab
851 3414 943 3481 ipsius
959 3410 1100 3483 Eutychis
1120 3412 1250 3465 auctoris
1265 3415 1293 3465 et
1307 3410 1413 3481 capitis
1428 3410 1481 3465 sati

209 3496 365 3562 sententia,
393 3499 475 3567 sequi
494 3502 587 3552 tramea
608 3497 801 3569 deeligaantur
821 3497 974 3554 Ecclesiae
995 3496 1157 3552 catholicae
1182 3496 1355 3564 doctrinam,
1383 3496 1479 3568 cujas

211 3585 299 3648 caput
321 3578 523 3650 collibistas,
544 3584 572 3635 r'n
594 3582 707 3637 duabus
726 3585 854 3646 reaten-is,⁴
874 3580 989 3656 ideoque
1009 3580 1072 3637 illos
1088 3579 1353 3653 Semicutycbianos
1366 3576 1478 3654 signiti-

210 3662 314 3718 cautius
329 3663 458 3738 appellari
472 3681 553 3738 posse
569 3673 653 3722 notat.
677 3666 778 3723 llorunr
791 3668 923 3742 originem
934 3664 1065 3723 Leontius
1080 3664 1113 3719 de
1128 3666 1210 3722 sectis
1226 3664 1304 3721 act.5
1320 3663 1352 3720 ad
1360 3662 1476 3722 Petrum

209 3745 337 3822 llongum
353 3747 446 3805 reiert.

295 3852 323 3907 8.
354 3850 517 3927 Principium
534 3853 614 3925 liuius
629 3853 690 3910 libri
711 3871 725 3908 a
747 3853 833 3910 verbis
850 3854 1053 3911 Necessarium
1074 3870 1186 3928 quoquc
1203 3853 1264 3927 fuit
1284 3850 1384 3927 aliquid
1398 3850 1475 3911 allud

209 3933 242 3990 ad
257 3952 318 3998 cos,
335 3953 404 4011 quos
420 3937 567 4012 alloquitur
582 3939 711 4009 Gelasius,
725 3939 779 4010 jam
795 3941 970 4013 praemissum
985 3941 1082 3996 innuit.
1110 3938 1163 3996 Sed
1179 3955 1262 4013 quum
1276 3937 1390 3994 alterum
1404 3938 1476 3996 stai-

209 4028 284 4094 ptum
299 4021 378 4077 simul
394 4023 520 4087 tuissutn,
535 4027 578 4080 cui
594 4025 666 4082 istud
682 4024 838 4096 adjunctum
853 4027 902 4087 sit,
919 4026 1039 4099 cogitare
1051 4025 1138 4086 liceat,
1155 4024 1192 4080 nil
1207 4041 1276 4099 opas
1287 4030 1343 4093 est,
1361 4030 1391 4079 ut
1404 4040 1475 4098 pro·

209 4112 270 4179 pter
289 4107 445 4181 particulam
465 4127 577 4183 qnoque
586 4153 589 4159 .
598 4112 720 4167 tractatui
742 4111 805 4167 truie
819 4110 965 4184 quidquam
980 4110 1076 4167 deesse
1090 4111 1269 4184 suspicemur.
1298 4109 1353 4164 Aut
1366 4109 1391 4165 si
1405 4108 1476 4184 quiri

208 4190 340 4247 excidisse
360 4191 476 4249 dandum
496 4203 551 4259 est,
573 4195 639 4252 illud
660 4204 733 4253 certe
753 4195 902 4259 modicum,
924 4211 978 4251 non
998 4197 1104 4270 insigne
1125 4194 1190 4270 quid
1205 4194 1295 4251 luerit.
1325 4192 1391 4249 Nam
1405 4194 1476 4253 insi·

208 4275 298 4350 piendi
314 4278 381 4333 ratio
397 4279 535 4336 exonlium
550 4282 663 4343 redolet,
680 4283 706 4338 in
722 4298 777 4355 qno
793 4297 861 4355 quae
876 4280 1012 4336 tractanda
1027 4289 1104 4343 sunt,
1118 4281 1234 4354 primum
1246 4287 1451 4355 proponuntur.

294 4380 322 4437 9.
360 4379 435 4437 Circa
454 4384 606 4441 testimonia
626 4392 748 4441 vetorum
769 4381 801 4437 ad
822 4383 920 4439 calcem
941 4382 1063 4453 subjecta
1083 4381 1230 4439 nonnullos
1251 4381 1322 4439 iorte
1338 4380 1474 4449 movebit:

209 4466 242 4521 1⁰
257 4465 330 4539 quod
346 4467 425 4521 uarius
441 4467 616 4543 ejusdemque
631 4470 712 4544 patris
729 4468 799 4524 dicta
814 4485 869 4524 uon
884 4469 962 4524 simul
978 4468 1091 4524 collecta
1106 4467 1154 4524 sed
1165 4467 1272 4524 infertis
1284 4467 1396 4524 aliorum
1407 4484 1475 4526 acu·

208 4551 298 4607 tentiis
314 4568 328 4605 a
343 4570 373 4607 se
389 4551 491 4608 divulsa
506 4563 708 4628 proponantm·:
725 4554 859 4609 dtltanasii
876 4552 947 4609 veriti
964 4555 1049 4627 gratia
1064 4571 1091 4609 n.
1106 4553 1159 4617 20,
1176 4552 1216 4611 28
1232 4562 1260 4609 et
1275 4552 1330 4615 33,
1346 4550 1475 4627 Gregorii

207 4636 363 4693 Nazianzeni
378 4654 452 4693 num.
466 4637 515 4701 22,
538 4640 577 4695 29
594 4647 621 4695 ct
636 4638 685 4701 36,
702 4647 729 4693 et
744 4640 783 4695 sic
798 4648 963 4699 ceterorum:
986 4639 1019 4694 2ο
1036 4638 1108 4713 qnod
1125 4638 1169 4694 illa
1186 4638 1342 4695 eorumdem
1362 4645 1476 4712 patrum

208 4722 359 4778 testimonia
377 4724 416 4778 sic
431 4722 533 4779 divulsa
549 4741 602 4779 non
618 4741 649 4780 cr
665 4723 777 4779 diversis
793 4741 887 4781 eorum
903 4723 1029 4798 operibus
1045 4724 1092 4779 sed
1107 4723 1242 4780 interdum
1257 4740 1289 4779 er
1305 4722 1401 4780 eodem
1415 4726 1475 4782 sint

206 4815 345 4880 excerpta:
362 4816 425 4881 puta
441 4808 576 4865 htlaanasii
593 4827 619 4865 n.
629 4808 669 4867 20
681 4819 708 4865 et
721 4809 760 4866 28
773 4825 804 4865 er
821 4809 935 4884 epistola
949 4809 980 4864 ad
996 4809 1156 4885 Epictetum,
1174 4809 1297 4884 Gregorii
1312 4808 1477 4868 Nazianzeni

206 4890 364 4948 aeterna
380 4909 411 4948 cr
427 4893 541 4968 epistola
556 4894 588 4950 ad
605 4893 776 4957 lllcalonium;
794 4896 827 4951 3ο
844 4895 916 4972 quod
933 4911 983 4952 una
1000 4895 1146 4969 carleutqnc
1163 4893 1294 4951 Eustatbii
1309 4894 1476 4955 Antiocheni
