3450 5678
264 326 327 394 228
585 376 593 389 .
717 340 744 389 s.
763 334 898 386 runicis
922 337 949 384 11
971 334 1084 385 aaran

153 527 177 564 a.
190 515 248 563 483.
263 499 428 564 Ecclesiae
452 518 526 560 arce
549 496 717 578 dejectum,
742 492 835 556 simul
857 491 983 576 pervasi
1005 490 1164 575 pontificii
1185 489 1336 555 videretis
1359 487 1468 555 colore
1481 511 1544 556 nu·

263 603 384 683 datum,
414 621 474 664 nec
497 598 561 662 ullo
583 597 676 661 modo
698 596 767 660 fieri
789 616 892 679 posse,
917 597 953 658 ut
975 615 1117 678 unquam
1138 592 1188 658 vel
1211 592 1395 657 orthodoxis
1417 592 1544 677 praesi-

263 705 361 785 deret,
392 703 446 787 qui
474 704 531 765 aut
558 699 655 764 nullis
684 701 741 761 aut
767 695 938 761 haereticis
965 695 1073 759 fuerat
1098 696 1283 779 institutus,
1317 694 1368 759 rel
1396 694 1543 761 recidiva

261 806 357 870 toties
384 804 566 869 temeritate
601 799 758 864 violentus
791 799 874 863 ovile
903 798 1099 863 dominicum
1125 797 1277 863 subdolus
1305 800 1338 862 et
1364 797 1543 863 insidiosus

145 910 150 923 ’
263 911 411 972 intraret.

349 1011 397 1074 10.
443 1008 549 1091 htrpue
572 1006 642 1069 ideo
665 1005 748 1089 quod
771 1004 969 1088 corrigendis
998 1004 1066 1087 ejus
1088 1003 1349 1089 praetendebatis
1370 1003 1543 1069 sectatori·

262 1113 321 1176 bus
349 1109 569 1195 irrogandum,
599 1107 675 1171 huic
699 1108 769 1191 jam
796 1106 887 1190 quasi
915 1106 1071 1190 magistro
1099 1105 1228 1170 sceleris
1250 1104 1542 1193 rationabiliter³¹J

261 1212 465 1297 deputabatis
494 1211 667 1275 inflictum:
700 1214 737 1272 ut
763 1209 877 1293 quibus
904 1208 1005 1273 fomes
1027 1211 1183 1273 merserat
1211 1207 1252 1272 ad
1273 1209 1417 1291 ruinam,
1446 1208 1543 1273 fieret

261 1316 329 1398 ipse
351 1313 542 1377 metuendae
565 1311 781 1376 damnationis
804 1310 994 1395 exemplum.
1028 1310 1118 1386 Quod
1140 1332 1240 1395 usque
1255 1310 1335 1375 adeo
1348 1332 1463 1375 uerum
1477 1312 1540 1393 est,

260 1421 297 1480 ut
319 1416 490 1500 superstite
512 1414 695 1479 venerando
710 1412 878 1477 Timotheo
900 1413 1057 1498 religione
1079 1413 1174 1478 solita
1193 1413 1365 1496 jusseritis,
1389 1413 1418 1478 si
1433 1411 1541 1479 eidem

259 1519 446 1583 humanitus
475 1517 595 1601 aliquid
618 1516 786 1598 evenisset,
816 1537 881 1579 non
909 1515 972 1579 nisi
1001 1515 1040 1579 de
1063 1514 1293 1579 catholicorum
1315 1515 1454 1601 collegio
1477 1514 1540 1581 cle·

260 1622 398 1685 ricorum
421 1623 454 1683 et
476 1618 679 1683 acatholicis
703 1620 925 1681 consecratum
947 1617 1099 1681 substitui
1120 1616 1236 1682 debere
1257 1620 1437 1703 pastorem:
1460 1617 1540 1704 quia

260 1723 369 1806 utique
391 1721 480 1787 nullo
501 1742 605 1804 more,
635 1720 723 1784 nullo
751 1720 816 1783 ritu
837 1719 897 1783 sub
919 1722 1043 1784 vestrae
1065 1720 1250 1784 serenitatis
1272 1719 1440 1785 obtutibus
1460 1718 1540 1785 bae·

259 1826 338 1888 resis
365 1824 434 1907 ipse
463 1822 653 1907 praecipuus
675 1820 899 1905 Eutychianae
928 1821 1107 1886 dementiae
1135 1825 1264 1906 poterat
1290 1843 1360 1887 esse
1391 1820 1445 1887 vel
1473 1822 1539 1888 dici

259 1925 427 1991 orthodoxi
455 1946 617 1989 successor
644 1923 811 1987 antistitis.
856 1923 924 1999 Quo
952 1923 1053 2009 igitur
1080 1925 1187 1989 animo
1213 1924 1361 2008 bestiam,
1395 1946 1497 2010 quam
1518 1946 1540 1989 a

259 2028 412 2113 gregibus
435 2026 554 2092 Christi
584 2025 785 2111 eduxistis3'2)
812 2026 1017 2110 abigendam,
1052 2027 1088 2091 in
1114 2048 1224 2091 eorum
1252 2026 1356 2091 denuo
1382 2026 1539 2111 patimini

260 2130 383 2193 saevire
412 2128 613 2213 prorniciem?
660 2127 754 2192 Certe
782 2127 925 2212 legibus,
954 2151 1032 2213 quas
1060 2128 1210 2193 humanis
1232 2128 1327 2193 rebus
1353 2129 1536 2215 imponitis,

259 2231 410 2297 mavultis
432 2231 529 2313 vinci,
562 2252 658 2314 cluam
685 2228 890 2313 promulgare
913 2230 1090 2314 contraria3
1123 2235 1245 2314 quanto
1266 2230 1368 2296 satius
1390 2230 1536 2297 feceritis

258 2334 451 2397 intemerata
483 2333 669 2416 persistere,
706 2353 787 2416 quae
823 2330 894 2395 heri
926 2354 985 2417 pro
1016 2333 1207 2417 integritate
1234 2332 1406 2398 retinenda
1434 2333 1534 2419 totius

259 2435 425 2498 Ecclesiae
447 2433 637 2517 protulistiS,
661 2455 724 2518 quo
746 2437 779 2497 et
799 2455 873 2497 rere
897 2434 1046 2499 catholici
1068 2435 1271 2519 imperatoris
1292 2434 1474 2501 auctoritas
1487 2436 1534 2501 in·

260 2537 413 2601 convulsa
434 2539 635 2619 permaneat,
648 2526 698 2599 *et
724 2535 806 2599 nihil
830 2535 966 2618 accidat,
996 2537 1080 2621 quod
1102 2537 1227 2602 actibus
1250 2537 1335 2622 apud
1356 2537 1535 2603 Dominum

259 2649 384 2703 vestrae
405 2637 572 2702 felicitatis
594 2638 741 2702 obsistat.

345 2743 394 2805 11.
433 2739 545 2804 Cernis
568 2741 664 2823 enim,
689 2741 881 2804 venerabilis
902 2742 1087 2825 imperator,
1112 2741 1187 2826 quia
1208 2745 1247 2806 ut
1260 2739 1534 2809 Calchedonensis

258 2844 371 2928 synodi
397 2841 581 2906 indubitata
612 2842 756 2906 defensio
783 2842 984 2907 inimicorum
1014 2843 1083 2926 ejus
1112 2843 1202 2908 elisio
1231 2847 1291 2926 est,
1320 2843 1367 2929 sic
1390 2845 1533 2911 vicissim

256 2946 431 3009 nranil'csta
448 2944 532 3008 illius
547 2943 800 3030 impugnatio³³)
817 2946 1043 3029 comprobatur
1059 2944 1201 3010 hostium
1218 2945 1420 3012 venerandae
1430 2946 1535 3033 ipsius

363 3119 484 3126 .....-..—-
522 3118 563 3125 -ιι

326 3203 358 3269 ³¹)
376 3200 410 3254 E²
422 3201 456 3253 ΕΞ
469 3200 502 3252 F²
520 3203 720 3256 rationabilibus.
751 3198 858 3254 Deinde
876 3200 944 3254 editi
968 3206 1056 3270 quibus
1071 3204 1172 3267 fratres
1189 3212 1315 3255 merserat
1331 3200 1375 3270 (E¹
1391 3206 1482 3269 feruet.
1500 3202 1536 3259 ΕΙ

255 3293 348 3353 frustrer.
368 3287 401 3339 h¹¹
411 3289 522 3351 formes;
540 3284 637 3338 malim
652 3290 763 3352 fomitem
781 3285 826 3339 vel
841 3289 950 3353 foueas).
1004 3272 1019 3339 t
1035 3287 1197 3353 sequentem
1215 3287 1308 3341 udus
1325 3287 1534 3345 afflationem

257 3371 483 3441 comprobemus,
507 3387 563 3439 qua
581 3374 610 3423 et
627 3387 722 3424 sensus
740 3371 825 3424 antea
843 3370 1009 3439 caliginosus
1030 3372 1122 3426 lucem
1139 3371 1288 3441 accipitet
1309 3371 1446 3428 historiae
1463 3374 1534 3431 fidu

259 3456 425 3521 vindicatur,
443 3455 513 3509 nihil
531 3455 607 3510 aliud
625 3471 695 3525 opus
714 3457 770 3521 est,
790 3472 874 3524 quam
892 3457 923 3509 ut
941 3456 1074 3511 lectiones
1093 3456 1220 3511 codicum
1237 3459 1266 3511 et
1284 3456 1426 3513 editorum
1444 3476 1533 3532 appo-

256 3559 362 3597 namus.
394 3542 489 3595 Habet
505 3541 592 3610 igitur
609 3539 642 3592 E*
662 3560 808 3610 quousque
826 3547 891 3596 adeo
910 3561 993 3595 uerum
1005 3554 1044 3596 est
1061 3552 1087 3596 ut
1098 3548 1236 3611 suaper-stite
1248 3549 1392 3599 uenerande
1410 3549 1534 3602 mutto

256 3633 403 3695 rettaloaera
420 3633 505 3681 collita
517 3630 653 3693 fruereritis
726 3634 810 3680 everis
828 3630 886 3681 Noa
903 3634 927 3681 si
943 3633 975 3681 tte
993 3632 1172 3682 catholicorum
1188 3638 1251 3689 etc.;
1273 3627 1308 3682 Ee
1326 3631 1380 3694 Quo
1397 3648 1482 3701 usque
1497 3637 1536 3687 d

256 3732 310 3764 caua
327 3733 387 3767 vcro
405 3717 540 3779 jrtsscritis
557 3717 581 3764 ri
598 3716 678 3764 eidem
696 3716 820 3765 aaronitas
837 3716 930 3781 aliquis
947 3718 1071 3767 euenisset
1088 3733 1138 3767 aaa
1156 3719 1219 3772 aisir
1241 3712 1275 3766 F*
1292 3733 1406 3784 quasque
1424 3720 1463 3770 d
1477 3736 1535 3772 en

256 3818 339 3849 rrcrrua
357 3810 396 3850 cst
414 3807 452 3851 est
471 3809 497 3849 at
514 3817 594 3866 srupcr·
611 3801 761 3865 superstites
774 3802 917 3850 uenerande
933 3801 1060 3851 Timotheo
1072 3804 1194 3864 legionesa
1204 3805 1315 3853 sollicita
1374 3806 1473 3870 aliquis
1488 3807 1535 3857 de·

255 3888 371 3935 acuisset.
404 3887 460 3936 Nau
474 3888 522 3934 artri
534 3888 566 3935 de
578 3887 756 3936 catholicorum
768 3887 883 3935 collectio
895 3888 1044 3936 clericorum
1104 3888 1180 3937 richilt
1192 3895 1218 3938 at
1229 3889 1316 3939 uiden
1326 3895 1461 3954 pastorem
1472 3894 1536 3958 qula

255 3972 340 4035 utique
353 3973 419 4019 auito
432 3988 500 4021 saure
518 3978 566 4022 etc.
597 3965 672 4018 Editi
687 3970 807 4036 Quodque
824 3973 890 4022 adeo
908 3987 992 4021 uerum
1009 3980 1060 4030 est,
1079 3981 1105 4021 ut
1122 3980 1271 4038 superstare
1282 3976 1432 4026 tesnardo
1449 3974 1537 4027 trao-

255 4056 312 4104 tltco
330 4056 451 4117 lepioucm
467 4057 574 4105 sollicite
586 4056 720 4117 jatascritis
792 4059 923 4107 euenisset.
964 4058 1017 4106 Vos
1035 4074 1084 4107 uoa
1103 4060 1152 4107 alsi
1169 4093 1206 4109 ...
1223 4065 1399 4109 camenctum
1415 4061 1538 4113 sudum

256 4141 342 4188 uidere
360 4146 504 4203 pastor-cru:
522 4143 582 4205 quia
599 4141 690 4206 ubique
708 4145 774 4191 aulto
792 4143 843 4191 ritu
911 4145 995 4206 potuit
1013 4159 1076 4193 csse.

321 4222 354 4288 ³²)
372 4220 404 4272 sl
418 4220 452 4273 ll*
464 4219 497 4272 F*
515 4227 641 4275 eduxistis
659 4239 779 4290 moxque
801 4227 896 4291 legibus
914 4222 960 4290 (tu
976 4226 1090 4292 leptruas)
1108 4244 1171 4293 queas
1189 4229 1301 4279 tuearis
1323 4229 1400 4280 retus
1423 4232 1537 4299 inpost-

255 4313 287 4359 tir
360 4312 440 4359 satius
459 4306 500 4373 (ΕΙ
519 4313 660 4372 sacratius,
679 4307 711 4360 Ρ*
729 4311 838 4376 sacrius)
855 4313 972 4375 feceritis
990 4320 1038 4363 etc.
1068 4308 1144 4362 Editi
1162 4316 1274 4366 diluatis
1338 4315 1449 4380 legibus,
1468 4335 1540 4385 qus

256 4398 379 4446 rariiuersit·
398 4397 525 4460 impunitis
542 4399 622 4462 magis
639 4399 713 4447 uultis
785 4399 867 4465 satius
881 4398 964 4460 fuerit
1037 4415 1101 4463 quae
1119 4399 1176 4449 deri
1192 4415 1241 4464 pro
1260 4402 1295 4452 .'..
1313 4406 1339 4450 et
1356 4401 1394 4449 tui
1410 4403 1542 4456 catholici

255 4484 357 4546 isuper-ii
430 4491 456 4531 et
474 4482 536 4531 uiltil
552 4484 659 4532 accedat
672 4482 845 4545 felicitati.
876 4477 965 4533 Favet
981 4478 1086 4548 partim
1103 4478 1137 4532 Γ*
1198 4501 1261 4550 quus
1279 4484 1400 4535 uaircbus
1419 4488 1539 4553 inpud-

257 4568 345 4616 tissimi
363 4568 436 4617 uultis
507 4570 661 4632 proculcare
679 4571 812 4618 contraria
826 4609 832 4621 .
848 4576 941 4633 quarata
959 4571 1059 4618 sacrius
1074 4569 1179 4631 fueritis
1237 4571 1378 4636 persistere
1397 4574 1480 4646 queri

254 4667 302 4714 prro
321 4658 345 4701 et
364 4660 435 4703 tatere
453 4653 572 4702 catholici
587 4654 751 4717 isuperuturu
823 4653 967 4716 felicitatis.

321 4736 351 4799 ³³)
372 4733 414 4787 lta
432 4734 463 4786 ll¹
483 4733 517 4785 E*
535 4734 646 4787 favente
663 4734 768 4802 partim
785 4734 829 4800 F‘,
847 4734 900 4788 nisi
919 4736 994 4803 quod
1013 4736 1044 4790 El
1064 4737 1169 4791 omittit
1192 4744 1403 4808 caspreoattonts
1421 4750 1541 4809 eseatto,

255 4814 287 4867 ll²
305 4816 364 4883 ejus
385 4818 447 4871 loco
471 4819 558 4872 habet
578 4825 782 4886 curamepattoatr
803 4827 949 4891 electioque.
985 4821 1019 4875 F*
1036 4836 1064 4876 ut
1085 4830 1122 4878 ad
1137 4828 1224 4879 (latet.
1297 4829 1418 4892 defensio
1437 4842 1481 4884 ert

253 4906 332 4967 ipsius
349 4910 553 4971 coruprepaliaais
571 4909 709 4973 clcctiaque
727 4910 894 4961 ruerrraradilir
911 4913 1123 4976 queamdmodum.
1155 4907 1229 4962 Editi
1246 4911 1377 4978 corrupte
1396 4921 1542 4986 ὔμμ’...
