3412 5664
155 505 178 541 u.
192 493 248 540 512.
261 481 330 545 Deo
353 482 485 563 accepta
508 479 702 563 congressio,
725 476 810 542 unde
833 482 866 543 et
888 477 1094 542 laudabiliter
1113 477 1265 541 universa
1281 476 1476 562 tolerantur,

262 309 323 373 718
716 326 743 373 a.
763 323 945 373 srnnncnr
967 323 1082 370 aaran

261 583 427 667 quisquam
457 604 476 644 a
497 580 607 644 divina
634 580 768 645 caritate
795 583 977 665 separetur3
1011 583 1044 645 et
1069 601 1126 643 vos
1152 578 1284 663 quidem
1311 580 1420 645 docere
1444 530 1560 677 (1ῃέ

261 685 414 767 docentia,
437 704 535 767 grave
557 705 637 747 onus
659 683 799 767 pudoris,
823 682 879 747 sed
894 681 1111 747 necessarium
1126 681 1166 745 de
1181 681 1388 747 utilitatibus.
1419 681 1558 787 Neque

262 787 348 850 enirn
371 806 557 869 congruum,
581 785 645 849 illis
667 785 836 870 religiosae
859 784 971 849 afferre
993 784 1146 869 dogmata
1161 783 1364 869 disciplinae,
1385 792 1547 875 aquibu,

262 888 475 953 institutionis
497 887 598 971 ipsius
621 890 826 971 exspectatur
851 887 948 971 plena
976 886 1143 970 perfectio.
1189 886 1252 951 Sed
1280 886 1418 953 breviter
1441 896 1534 973 elan

263 990 527 1074 perstringemus.

346 1094 376 1155 2.
415 1091 473 1157 (lui
495 1092 708 1177 incognitum,
732 1091 1093 1175 Constantinopolitana
1115 1090 1253 1155 eeclesia
1274 1088 1518 1177 qua⁶)Nest011·J

262 1195 455 1279 contagione
477 1193 693 1258 laboraverit?
736 1194 889 1277 Nestorii,
912 1195 1055 1278 inquam,
1087 1194 1142 1279 qui
1162 1195 1255 1278 quasi
1278 1197 1372 1278 putre
1392 1206 1508 1283 corporis

261 1297 439 1360 membrum
462 1318 481 1359 a
503 1297 657 1360 societate
680 1296 857 1360 catholicae
881 1294 1113 1360 communionis
1136 1296 1262 1360 excisus
1285 1298 1344 1360 est.
1385 1294 1440 1361 Ubi
1456 1305 1500 1365 ter-

261 1420 368 1464 rarunr
396 1421 464 1462 non
490 1399 695 1482 praedicatur
723 1397 933 1483 congregatio
957 1396 1231 1464 Calchedonensis
1258 1398 1363 1463 sancti
1391 1402 1494 1479 mutili,

261 1523 342 1585 quae
357 1500 572 1583 Eutychetcm
595 1505 627 1564 et
641 1499 841 1586 Dioscorum,
865 1501 926 1563 duo
948 1499 1082 1564 nomina
1103 1499 1229 1563 famosa
1251 1503 1286 1564 et
1307 1522 1429 1585 magnac
1442 1524 1490 1585 per-

245 1602 371 1685 fidiae,
406 1603 500 1666 unius
522 1603 702 1667 sententiae
724 1602 915 1688 integritate
944 1602 1125 1685 damnavit,
1162 1602 1344 1687 iniquitatis
1364 1601 1488 1687 complica

262 1726 326 1768 uno
349 1704 464 1788 spiritu
487 1703 606 1768 divinis
629 1704 833 1789 dogmatibus
856 1704 1022 1791 adversa⁷)
1045 1702 1233 1768 luctantes?
1264 1702 1343 1780 Quis
1355 1704 1485 1769 Petrulnet

261 1805 465 1870 'lnnotheum
487 1806 707 1890 praefatorum
728 1806 877 1871 vernulas
900 1806 1073 1892 ignoravit,
1102 1808 1359 1890 propugnatores
1377 1804 1484 1873 hibelin

262 1908 313 1971 nis
336 1908 497 1991 addictae,
532 1911 679 1972 auctores
701 1931 739 1973 ac
760 1909 933 1993 magistros
955 1930 1028 1972 snos
1051 1908 1197 1993 crebro-⁸)
1220 1930 1327 1972 errore
1348 1904 1484 1973 umente?

262 2009 357 2073 lllnm
384 2009 587 2074 Timotheum
623 2011 782 2095 loquimur
814 2011 1024 2096 patricidam,
1061 2010 1116 2095 qui
1144 2016 1279 2075 sanctae
1306 2005 1484 2075 reeordationis

262 2111 407 2175 l'roterio
434 2114 622 2196 superstite,
656 2134 724 2176 non
746 2112 849 2178 solum
877 2112 1045 2177 ecclesiam
1073 2134 1141 2176 non
1169 2112 1331 2198 religiosis
1350 2109 1483 2177 auctoribu

262 2213 442 2297 occupavit,
466 2236 576 2278 verum
599 2214 696 2278 etiam
719 2215 906 2279 effusionem
928 2214 973 2299 pii
996 2214 1166 2299 sanguinis
1184 2216 1227 2279 ad
1242 2215 1360 2280 crimen
1373 2209 1483 2299 penaio

262 2316 348 2400 trist)
371 2315 499 2399 adjecit.
543 2317 648 2400 Ipsius
670 2339 786 2401 nempe
814 2316 1055 2381 damnationem
1082 2316 1273 2381 universalis
1301 2320 1349 2381 est
1368 2312 1483 2381 liedda

262 2440 323 2481 vox
345 2418 518 2502 locuta¹⁰),
549 2419 625 2482 dum
648 2441 720 2483 cum
743 2419 872 2483 nomine
895 2440 1020 2504 quoquc
1042 2418 1221 2484 Christiani
1243 2418 1370 2483 honoris
1387 2414 1481 2483 annal

262 2519 361 2603 Cujus
376 2519 509 2585 Petrum
531 2542 699 2605 sequacem
720 2524 834 2585 notum
854 2520 1004 2586 fecerunt
1024 2520 1273 2585 orthodoxorum
1293 2521 1428 2607 plurimae
1437 2534 1481 2601 pei·

264 2623 387 2705 aiones,
416 2622 451 2686 in
474 2622 591 2706 quibus
614 2623 668 2686 illc
692 2622 842 2687 virtutem
871 2624 971 2687 animi
994 2623 1043 2687 sui
1066 2622 1241 2687 exsultavit
1261 2624 1421 2688 ostendere.
1442 2614 1482 2681 hb

263 2725 357 2809 vitu)
380 2724 467 2788 hunc
489 2725 637 2809 Ephesus
661 2748 731 2789 curn
753 2729 823 2790 tota
845 2725 1000 2789 societate
1015 2724 1161 2789 Dioscuri
1168 2775 1177 2808 ,
1202 2724 1257 2789 nbi
1280 2746 1349 2791 cum
1368 2720 1483 2811 [ΜΝ

260 2933 370 2996 serorea
407 2930 452 2983 Sic
470 2929 608 2997 quaedam
627 2928 725 2983 llilarii
743 2928 923 2983 Pictavicnsis
940 2929 1046 2999 scripta
1063 2930 1186 2984 ferocem
1204 2930 1312 3000 spirare
1328 2928 1434 2983 vidum
1444 2918 1481 2975 an'·

262 3030 351 3079 muni,
374 3030 457 3081 quem
479 3015 575 3067 himen
597 3026 691 3068 naim
712 3021 793 3068 mirera
811 3016 840 3069 et
862 3014 1003 3084 placidum
1026 3014 1108 3069 hriasc
1124 3014 1241 3069 Rufinus
1258 3014 1293 3069 ll.
1311 3013 1341 3069 a.
1358 3014 1416 3081 l,ii
1431 3019 1481 3077 put

262 3097 345 3151 dicat.

329 3187 351 3251 ⁰)
370 3183 404 3236 G¹
423 3203 488 3253 qnae
507 3188 624 3237 Nestorii
639 3190 751 3255 inpium,
775 3185 818 3238 cd.
837 3186 902 3239 llas.
921 3188 950 3239 et
967 3202 1043 3255 sequ.
1063 3206 1114 3255 qua
1132 3190 1249 3240 Nestorii
1264 3191 1401 3255 wangiam
1414 3182 1480 3236 iniat

261 3275 327 3323 aerii
349 3270 386 3336 (0⁷
409 3286 467 3337 seq.
490 3273 644 3337 laborario?
683 3275 801 3325 Nestorii
824 3277 934 3341 iaqumu.
978 3270 1044 3324 Mox
1067 3270 1102 3325 G'
1125 3290 1281 3341 magnopere
1299 3276 1362 3339 fidei
1378 3272 1480 3323 uiae*

206 3355 209 3362 '
262 3359 366 3407 territae.

329 3442 350 3506 ⁷)
370 3438 404 3493 G¹
418 3440 445 3493 a*
464 3446 574 3494 adaman
592 3447 728 3502 metantes,
747 3442 766 3494 b
784 3446 895 3495 adrem
912 3452 1054 3507 aenianica,
1074 3440 1117 3495 cd.
1136 3439 1200 3495 Bas.
1219 3446 1382 3495 marrier
1392 3447 1460 3509 pem

330 3528 351 3592 ὓ)
370 3524 404 3578 G'
423 3529 516 3579 crebro
533 3545 637 3589 errore,
655 3528 683 3580 a'
703 3530 794 3580 erebro
811 3530 898 3591 ferro,
916 3525 935 3579 b
951 3545 1026 3581 rceuo
1044 3545 1148 3588 errore,
1172 3525 1215 3580 ed.
1235 3526 1299 3580 Bas.
1317 3528 1347 3581 et
1361 3534 1486 3593 ⁸0un

262 3629 365 3671 errore,
385 3609 479 3663 nescio
499 3627 533 3664 un
552 3610 657 3665 melius.
694 3612 754 3664 Hoc
772 3610 846 3665 enim
864 3609 917 3666 eibi
934 3613 1006 3677 vult,
1028 3610 1208 3665 Timotheum
1224 3611 1358 3665 Aelururn
1373 3608 1489 3666 etcum

262 3694 423 3762 ldutychetis
442 3697 471 3749 ct
487 3694 614 3749 Dioscori
632 3695 795 3766 discipulos,
819 3695 885 3766 ipsis
903 3695 1016 3765 quidem
1035 3712 1130 3751 errore
1146 3712 1243 3766 pares,
1265 3695 1316 3751 aad
1332 3692 1493 3761 mvn-,qu

262 3779 404 3847 proprium
424 3780 585 3850 episcopum
603 3780 760 3835 Pnoterium
777 3780 978 3836 interfecerunt
996 3784 1025 3836 ct
1041 3781 1220 3837 interiectum
1238 3780 1355 3851 indigne
1369 3776 1499 3837 aream

261 3864 344 3918 luisse
361 3866 526 3935 superiores.

324 3951 350 4017 l)
369 3950 442 4006 Edit.
461 3952 544 4006 llasil.
570 3954 600 4006 ct
616 3953 718 4008 Batou.
734 3958 924 4021 persuasionis.
965 3952 1026 4007 Hoc
1048 3951 1156 4007 minuc
1182 3952 1211 4006 in
1233 3954 1360 4009 mactatu
1377 3954 1389 4009 l
1407 3952 1507 4009 unte

261 4034 346 4088 lasius
380 4035 422 4089 ita
448 4036 625 4107 peretringit:
660 4043 766 4093 dioriuo
793 4044 911 4107 principe
939 4042 1076 4093 Marciano
1103 4043 1219 4093 collectis
1246 4042 1331 4093 tertie
1353 4044 1514 4096 tamna·

266 4125 407 4175 Timotheus
434 4133 458 4175 ei
479 4128 573 4176 I'eirna
599 4130 699 4178 uerriani
722 4129 924 4187 Alexandriam,
953 4135 979 4178 ei
1004 4129 1142 4179 ordiantur
1166 4126 1199 4177 ao
1227 4127 1370 4181 haereticis
1397 4130 1518 4183 stethu

261 4213 405 4276 episcopas.
443 4213 498 4262 Duo
522 4215 600 4276 ipitur
623 4215 694 4278 apud
711 4214 900 4263 Alemandriam
917 4214 1034 4277 episcopi
1054 4228 1112 4264 me
1133 4220 1290 4277 coemat,
1314 4209 1461 4269 uomica
1474 4230 1522 4285 pfl·

261 4310 343 4346 vasor
361 4310 424 4347 cum
442 4294 582 4359 Preterio3
610 4294 654 4348 cui
673 4292 780 4349 crimini
802 4293 967 4349 Timotheus
994 4298 1095 4364 postea
1114 4293 1269 4364 ipsummet
1286 4294 1450 4353 Proiectum
1469 4298 1527 4353 ocd-

261 4378 352 4432 dcndo
370 4379 491 4433 alterum
509 4380 620 4448 adjecit.

329 4467 360 4533 ¹¹¹)
379 4462 414 4517 lis
436 4463 542 4518 scilieet
562 4465 590 4518 in
614 4465 726 4527 litteris,
750 4481 819 4532 quas
836 4465 893 4519 Leo
910 4464 1065 4534 imperator
1087 4464 1124 4519 ab
1147 4463 1288 4521 universis
1307 4469 1536 4543 monopolitan„

262 4553 293 4603 ut
309 4549 472 4604 universalis
483 4549 623 4604 Ecclesiae
641 4566 676 4604 ca
688 4549 722 4603 dc
735 4566 765 4603 rc
777 4549 944 4605 sententiam
956 4550 1137 4621 comperiret,
1156 4550 1192 4605 ad
1203 4566 1236 4605 se
1247 4550 1329 4608 mitti
1343 4554 1441 4625 junii„
1470 4556 1538 4613 llaec

262 4634 371 4689 litterae
390 4636 529 4689 habentur
547 4633 575 4687 in
592 4634 662 4689 actis
680 4635 776 4689 concil.
797 4634 998 4690 Calchedonem
1017 4653 1046 4704 p.
1064 4634 1105 4689 lll
1123 4634 1221 4703 (Hard.
1242 4636 1283 4703 11,
1301 4644 1356 4695 est
1369 4648 1430 4709 na).

329 4724 361 4789 ¹¹)
379 4722 411 4775 ln
428 4720 494 4774 edit.
511 4719 592 4775 ltasil.
607 4725 683 4774 Nouii
695 4724 815 4789 Ephesus
832 4721 933 4776 omisso
950 4726 1016 4775 hune
1033 4723 1096 4790 (pro
1113 4736 1169 4791 quo
1180 4721 1324 4779 mendose
1342 4728 1372 4781 a*
1386 4732 1459 4799 Νη.)
1474 4748 1542 4785 max-

262 4822 315 4873 qnc
333 4807 461 4861 subditur
479 4826 532 4859 crim
549 4812 653 4874 proprii
669 4826 755 4860 umore
771 4814 881 4876 peceati.
923 4807 949 4860 ls
967 4807 1065 4861 anchir
1082 4806 1203 4877 peccati,
1226 4824 1287 4877 quo
1307 4809 1466 4871 mima
1481 4816 1544 4871 mei

261 4908 306 4943 sris
325 4896 368 4946 ost
384 4892 514 4961 quodque
532 4890 608 4945 Petri
626 4892 769 4961 proprium
789 4893 902 4960 dicitur,
919 4891 1118 4961 intelligendus
1135 4895 1179 4947 ost
1197 4893 1368 4955 Dioscorus„
1405 4904 1500 4973 Atque
1515 4920 1545 4957 η
