3412 5664
208 335 270 401 996
646 353 674 401 s.
694 349 901 400 uouursoae
923 348 1037 397 earne

208 531 323 570 anensem
341 517 537 585 provinciam,
564 513 613 575 ait,
636 517 788 584 superiore
808 530 898 581 anno,
927 516 952 566 si
970 514 1130 566 meminisse
1149 511 1312 584 dipnamini‚
1333 510 1395 565 datis
1410 514 1441 566 al

207 602 442 655 learnilitatem
464 613 570 654 meum
589 600 692 653 litteris
706 601 849 667 visitastis,
870 611 946 669 quae
966 598 1006 651 atel
1025 611 1082 664 me,
1105 595 1262 651 secundnm
1277 596 1437 667 quodoppor·

208 689 316 739 tunitos
342 686 438 739 obtorta
465 684 642 745 contulerat,
671 698 726 753 per
746 684 927 738 Arelatensis
952 683 1095 736 ecelesiae
1122 683 1247 735 elericos
1272 690 1435 750 perimam.

208 768 281 823 Unde
297 768 355 823 illas
370 768 472 823 litteras
488 767 519 822 ad
535 766 684 822 Caesarium
700 767 815 821 directas
831 768 908 822 etiam
930 782 944 820 a
966 766 1021 839 ped
1038 764 1069 818 ad
1087 766 1193 819 Avitum
1210 763 1373 819 Viennensem
1385 764 1436 818 datu

208 870 281 914 esse,
304 854 373 907 leand
395 852 504 907 dubium
524 861 575 907 est.
614 852 640 907 Si
661 860 750 906 autem
767 852 898 906 bernoinus
917 853 989 906 erotis
1010 852 1037 905 in
1054 851 1224 904 Anastasium
1246 846 1435 905 bibliothecarium

208 938 307 1010 (bligue
323 946 392 1010 patr.
409 937 454 992 lat.
472 935 760 1007 saturniacinse)
781 936 888 991 easdem
910 936 1012 990 litteras
1034 934 1183 1007 encyclicas
1206 934 1288 989 inisse
1308 942 1380 1006 putat
1396 936 1434 1006 qoi-

209 1021 258 1076 bus
274 1023 393 1095 episcopi
409 1018 592 1077 Occidentales'
608 1021 640 1075 ad
656 1019 829 1076 celebrandas
850 1028 943 1076 contra
964 1019 1079 1074 sebisma
1096 1020 1260 1075 Graecorum
1281 1018 1383 1090 synodos
1394 1037 1435 1091 pm

208 1106 333 1162 vineinles
349 1106 477 1161 admoniti
492 1107 555 1169 sint,
573 1114 653 1179 atque
669 1104 800 1175 ejusmodi
825 1104 945 1179 synodos
960 1121 1051 1160 revera
1069 1103 1168 1176 ubique
1184 1102 1325 1159 celebratas
1339 1111 1361 1158 et
1374 1120 1434 1157 amu

208 1193 355 1247 constituta
370 1190 465 1245 deinde
486 1193 513 1246 iu
528 1190 661 1264 synodum
678 1190 821 1245 licinanius
843 1191 918 1263 quasi
938 1188 1102 1245 conduxisse
1123 1188 1211 1250 addit.
1235 1189 1317 1262 tnagis
1336 1189 1434 1260 ingenim

209 1294 287 1331 suum
303 1292 383 1349 quam
398 1292 441 1330 res
458 1283 550 1350 gestas
566 1284 664 1330 narrat.

819 1367 877 1433 IX.

210 1500 238 1536 a.
255 1480 316 1536 515
338 1487 420 1550 temp.
444 1485 572 1535 autumn.
616 1479 797 1536 Possessoris
826 1481 956 1551 episcopi
973 1476 1113 1549 Africani
1137 1480 1177 1534 ad
1201 1479 1370 1535 Hormialam
1390 1478 1435 1548 ilai

363 1579 434 1620 snae
450 1566 627 1621 contestatio.

295 1667 439 1722 Possessor
459 1665 603 1738 episeopus
626 1665 779 1728 Africanus,
808 1681 858 1738 pro
889 1663 941 1720 lide
961 1664 1092 1720 catholica
1112 1664 1341 1739 Constantinopoli
1359 1663 1436 1736 leyen.

211 1753 315 1824 legatos
331 1749 580 1824 apostolicaesedis
594 1752 682 1823 primo
698 1750 761 1805 illue
778 1752 872 1806 missos
889 1766 942 1805 non
958 1749 1047 1805 solum
1063 1749 1174 1806 solertia
1194 1768 1244 1805 sua
1265 1751 1333 1807 omni
1351 1766 1375 1804 er
1387 1754 1436 1820 pute

211 1837 320 1906 :iiljirvit
337 1834 384 1890 sed
401 1836 432 1890 iis
448 1834 628 1889 remeantibus
643 1836 722 1889 etiam
737 1837 863 1891 libellum
884 1837 919 1890 de
934 1834 1118 1906 consessione
1133 1843 1235 1891 rectae
1249 1838 1315 1908 fidei
1334 1834 1361 1888 ad
1377 1832 1436 1905 pond·

212 1918 286 1975 beorn
303 1920 386 1975 dedit.
423 1919 451 1974 ln
467 1935 521 1992 quo
538 1919 594 1980 bie.
616 1919 647 1973 111
664 1918 752 1975 Nonas
769 1920 873 1993 bpriles
895 1936 918 1974 a.
936 1919 996 1975 517
1020 1918 1171 1975 rescribens
1188 1922 1278 1993 (epist.
1292 1920 1347 1990 31),
1369 1918 1437 1971 itam

178 2034 181 2041 ι
211 2010 405 2061 sinceritatem
420 2003 492 2059 illius
508 2003 627 2066 extollit,
650 2007 716 2077 qnia
739 2006 816 2077 quael
834 2012 913 2060 recte
936 2006 1071 2074 credidit,
1094 2006 1146 2061 sub
1168 2009 1346 2062 attestatione
1356 2003 1437 2075 pinno

208 2093 385 2161 praedicare
410 2106 466 2144 non
487 2090 603 2145 distulit.
641 2088 770 2144 Libellum
790 2091 878 2163 ipsum
894 2097 983 2145 autem
998 2089 1179 2145 remeantibus
1201 2090 1312 2165 legatis,
1332 2091 1348 2144 i.
1362 2087 1438 2142 enirn

212 2175 291 2231 tinem
307 2175 347 2230 rel
364 2182 425 2230 ante
441 2172 554 2228 hiemem
566 2174 695 2230 anni515
708 2173 790 2246 (corti.
799 2175 877 2247 epist.
889 2172 947 2246 11),
964 2175 1147 2247 couscriptum
1159 2191 1230 2239 esse.
1246 2175 1438 2231 mariiiestunest.

822 2300 863 2366 X.

213 2432 240 2468 a.
258 2410 319 2467 515
336 2418 419 2482 temp.
437 2417 564 2468 autumn.
610 2411 819 2483 Episcoporum
837 2412 1024 2468 Orientalium
1045 2414 1272 2470 orthodoxorum
1293 2413 1331 2468 ad
1346 2410 1440 2468 nam·

364 2498 429 2553 dam
443 2497 512 2568 fidei
526 2511 597 2552 suae
612 2504 639 2552 et
654 2499 850 2553 calamitatum
868 2514 942 2570 queas
953 2515 1010 2569 pro
1025 2499 1084 2554 bac
1096 2500 1287 2570 patiebantur
1300 2496 1440 2554 contestatio

299 2597 475 2667 ditabimur,
499 2595 635 2653 Eanodius
655 2607 682 2654 et
697 2599 764 2654 socii
785 2615 799 2653 a
820 2600 905 2672 prima
920 2597 1058 2671 legatione
1074 2600 1221 2656 redeuntes
1241 2600 1273 2656 ab
1288 2598 1442 2673 episcopan·

214 2683 340 2740 tbodosis
356 2680 543 2744 Orientalibus,
570 2699 686 2755 quorum
702 2682 772 2738 lraud
788 2682 867 2739 dubie
882 2699 937 2739 non
953 2700 1049 2757 parvus
1071 2701 1200 2741 numerus
1216 2687 1273 2759 ipse
1287 2686 1314 2740 in
1328 2679 1442 2738 Constanti

213 2768 305 2842 nopoli
322 2766 488 2829 versabatur,
510 2767 614 2823 litteras
635 2767 667 2822 ad
683 2767 850 2823 llormisdam
871 2768 1044 2830 detulerunt.
1067 2768 1164 2842 quibus
1185 2770 1266 2826 itatem
1287 2776 1313 2826 et
1333 2766 1384 2823 tto
1399 2777 1442 2820 suet

214 2854 346 2909 terrorem
361 2862 389 2907 et
405 2853 488 2907 varias
511 2868 576 2925 quas
597 2851 765 2926 patiebantur
786 2854 918 2926 procellas
939 2852 1118 2927 exponebant,
1134 2854 1324 2929 pontitimsque
1341 2861 1365 2908 et
1376 2862 1442 2924 prm

214 2947 241 2993 et
257 2954 336 3011 opem
352 2935 544 3010 efflagitabant.
583 2936 682 2993 Saltem
698 2937 848 3001 llormisda,
870 2955 952 3012 quum
973 2939 1091 2995 secunda
1107 2940 1245 3014 legatione
1267 2941 1342 2995 missa
1358 2932 1443 2992 abab

214 3021 346 3092 ejusruodi
360 3020 441 3077 rebus
456 3021 564 3095 speciali
580 3021 692 3096 epistola
708 3022 811 3094 (Hono.
828 3024 907 3096 epist.
925 3021 977 3094 30)
998 3023 1165 3087 consoletur,
1186 3041 1217 3081 se
1237 3024 1340 3081 ittomm
1353 3018 1443 3077 dilecte

215 3125 274 3162 nem
290 3108 359 3162 circa
376 3106 456 3161 ileum
472 3106 602 3162 litterario
618 3123 742 3162 sermone
758 3124 961 3179 remunerare,
972 3102 1060 3181 'spem
1082 3110 1201 3183 paginali
1216 3109 1389 3165 adhortatione
1399 3118 1443 3158 osu

215 3191 320 3246 tirmare
335 3191 429 3247 stillis
441 3189 590 3260 jucundum
607 3191 723 3247 caritatis
739 3194 861 3248 reddere
875 3194 1059 3250 testimonium
1080 3192 1217 3268 significat
1232 3193 1319 3267 (epist.
1334 3192 1370 3249 30
1386 3207 1407 3244 u.
1417 3182 1442 3256 l)

216 3280 252 3332 bo
273 3279 313 3331 vis
336 3275 512 3336 credendum,
542 3277 683 3349 episcopos
705 3277 766 3332 illos
787 3294 837 3350 pro
853 3276 905 3334 tide
920 3279 1091 3335 confessores
1115 3279 1160 3334 tali
1182 3279 1243 3334 (iata
1264 3278 1391 3335 occasione
1406 3286 1443 3325 tot

216 3379 313 3416 usuros
334 3360 432 3422 inisse,
456 3368 484 3414 ut
506 3378 674 3417 eourmunem
696 3370 798 3435 patrem
820 3371 848 3418 et
869 3364 1068 3419 consolatorem
1088 3365 1202 3438 proprio
1223 3359 1445 3430 sermoneitaque

215 3454 316 3501 rentur.
354 3444 478 3500 Ceterum
494 3444 626 3501 simillima
648 3445 752 3501 illarum
774 3448 916 3521 regionum
937 3448 1057 3505 conditio
1074 3447 1130 3519 jam
1151 3450 1179 3504 iu
1195 3447 1292 3504 Gelasii
1310 3438 1445 3521 aputanti

215 3549 244 3585 nc
259 3529 354 3586 ‹leinde
370 3531 405 3584 im
421 3529 578 3586 llormisdae
593 3531 714 3604 epistolis
730 3530 769 3588 39
786 3540 813 3587 et
828 3531 870 3590 40
885 3532 961 3590 nobis
978 3534 1105 3590 occurrit.

817 3659 865 3725 XI

215 3768 317 3824 abib
333 3776 401 3824 ante
415 3784 502 3824 mens.
520 3768 597 3840 Sept.
636 3769 807 3826 dardaniae
822 3777 849 3826 et
864 3771 979 3844 lllyrici
993 3773 1032 3828 ad
1041 3772 1228 3829 Homisdum
1243 3779 1274 3829 ut
1288 3772 1339 3827 siti
1350 3765 1448 3841 spiutni

367 3854 574 3909 ordinarentur
584 3857 694 3924 petitio.

300 3955 327 4010 ln
343 3953 456 4028 epistola
472 3953 511 4009 22
533 3953 565 4009 ad
581 3956 686 4010 Avitum
704 3954 880 4013 Viennensem
896 3956 1041 4025 Hormisda
1057 3959 1129 4014 inter
1148 3958 1208 4020 iila.
1232 3976 1298 4033 quae
1317 3958 1392 4032 ipsius
1408 3951 1449 4007 aab

216 4058 287 4095 iareim
303 4041 402 4096 laetitia
423 4038 614 4113 adimplerent.
637 4042 793 4114 praeprimis
811 4042 956 4105 'lirraeum,
984 4042 1166 4099 barelanorum
1187 4051 1215 4099 et
1231 4044 1387 4118 illyricorum
1402 4052 1450 4091 rau

216 4127 338 4182 stantiam
355 4123 439 4179 effert.
478 4123 538 4188 Ubi,
566 4124 638 4198 qarod
651 4126 705 4195 jam
722 4127 800 4199 epist.
819 4127 836 4183 9
855 4123 890 4203 (d.
910 4128 946 4183 11
964 4126 1038 4201 Sept.
1056 4144 1079 4183 a.
1094 4128 1168 4197 515)
1188 4128 1222 4184 de
1243 4129 1347 4184 illorum
1365 4137 1452 4182 matu·

215 4212 291 4267 sione
307 4211 482 4271 nuntiaverat,
499 4208 696 4282 quodammodo
711 4221 880 4284 persecutus.
900 4212 1037 4284 Tbrace's,
1053 4216 1121 4270 licet
1131 4218 1365 4288 persequentium
1378 4215 1452 4267 ieeur·

215 4299 293 4353 sibus
308 4303 481 4364 atterantur,
498 4298 527 4350 in
542 4296 618 4351 sedis
633 4299 809 4367 apostolicae
831 4304 925 4354 tamen
937 4302 1143 4356 communione
1160 4303 1320 4372 persistere
1340 4300 1455 4353 menut-

215 4384 367 4439 Ilnretnnia
383 4386 411 4436 et
425 4380 562 4452 illyricus
577 4384 670 4437 vicino
683 4381 861 4452 Pannoniae,
878 4381 975 4438 deinde
990 4385 1089 4458 pergit.
1105 4403 1123 4439 a
1139 4385 1230 4451 nobis,
1247 4386 1390 4459 quodiam
1401 4380 1456 4453 slei·

215 4484 278 4523 mns
294 4468 342 4522 rabi
354 4469 551 4522 necessarium
562 4465 630 4537 suit,
653 4473 683 4521 ut
699 4467 753 4522 sibi
771 4471 902 4540 episcopi
915 4468 1132 4538 ordinarentur,
1154 4474 1287 4543 expetiit.
1323 4468 1359 4525 lbi
1372 4464 1459 4543 quiden

216 4552 248 4605 dn
264 4553 313 4607 alia
328 4552 464 4624 legatione
479 4551 583 4606 illarum
598 4550 754 4624 regionum.
776 4569 855 4625 quam
876 4569 944 4625 quae
965 4570 1045 4628 supra
1072 4571 1098 4609 n.
1111 4553 1145 4609 tv
1160 4564 1322 4617 memorate.
1348 4555 1389 4629 agi
1407 4546 1462 4607 baud

215 4636 325 4691 ebrinum
341 4644 391 4697 est,
407 4653 490 4709 quum
502 4635 556 4706 jam
572 4637 723 4691 eorrstantia
739 4635 800 4692 lidei
815 4646 893 4693 antea
913 4640 1062 4712 promissae
1084 4638 1288 4712 quodammodo
1306 4639 1464 4717 praedicetur.

215 4721 267 4777 Sed
284 4730 311 4777 ct
326 4729 440 4795 tempus,
457 4738 511 4795 quo
523 4720 550 4776 id
562 4720 669 4783 iactum,
685 4721 852 4794 aliquatenus
864 4724 993 4778 innuitur.
1017 4723 1081 4780 Nam
1096 4724 1150 4781 illis
1167 4725 1301 4800 exemplis
1316 4728 1391 4802 quusi
1404 4740 1469 4799 areu

217 4816 304 4862 rnenta
319 4808 411 4869 nectit,
433 4806 529 4880 qrribus
553 4806 714 4880 legationem
731 4807 892 4863 Graecorum
913 4825 962 4882 per
977 4809 1184 4884 Theopompum
1207 4821 1236 4867 et
1251 4811 1422 4869 &sennua
1437 4809 1472 4865 be

218 4893 256 4951 16
268 4891 331 4949 lolii
346 4909 369 4948 a.
379 4893 440 4952 516
456 4893 583 4950 ‹lireetam
599 4891 702 4966 (dorm.
716 4894 800 4971 ep.ll
815 4901 842 4950 et
855 4892 905 4968 12)
921 4893 1117 4952 iraudulentum
1133 4904 1162 4953 et
1177 4906 1278 4955 contra
1293 4901 1475 4978 promissum
