3450 5678
661 356 832 406 nmsronn
857 348 885 403 1.
1346 343 1409 408 297

74 512 375 577 communicare
398 511 558 594 dicantur,
587 512 641 595 qui
672 511 713 574 ab
736 511 805 594 ejus
833 512 1054 575 communione
1082 511 1210 575 discreti
1239 516 1328 579 sunt:
1357 514 1410 597 qui
1427 514 1525 580 (3·488

75 620 214 673 eum
244 618 352 679 eontra
379 614 477 679 fidem
505 613 696 678 catholicam
724 613 864 697 quotidie
898 617 930 676 et
963 617 1075 677 contra
1103 615 1298 698 apostolicae
1327 615 1411 680 sedis
1423 587 1527 651 ‘⁴⁸⁹³

72 716 412 787 praedicationem
444 718 478 780 et
510 718 623 781 contra
656 715 925 781 Calchedoncnsis
953 716 1066 800 synodi
1096 717 1271 781 constituta
1301 718 1410 783 venire
1437 794 1441 805 Ι

71 818 368 904 praespiciunt.
414 818 505 895 Quod
521 819 566 910 in
587 821 717 882 tantum
744 840 855 882 verum
878 823 936 902 est,
960 821 997 883 ut
1018 821 1117 883 testes
1139 823 1293 904 paternae
1320 843 1410 886 vesa-

70 910 225 983 niae
248 923 328 1007 ejus,
358 944 437 1007 quos
465 920 518 985 hic
535 920 716 1004 babemus,
750 921 832 985 filios
862 921 1082 1005 producamus.
1127 921 1273 1006 Denique
1301 945 1411 988 onmes

67 1016 308 1110 Aegyptii,
331 1024 386 1109 qui
409 1024 542 1089 diversis
564 1025 600 1088 in
621 1023 683 1088 hae
705 1025 783 1087 urbe
805 1023 1079 1109 negotiationibus
1101 1024 1286 1089 detinentur
1300 1025 1432 1090 Petro--

65 1142 191 1206 que
229 1126 473 1210 communicant,
497 1125 653 1210 synodum
669 1125 961 1192 Calchedonensem
984 1127 1113 1210 ejusque
1128 1125 1261 1190 delinita
1277 1131 1410 1194 eatenus

64 1228 251 1295 audire
271 1250 337 1295 non
359 1230 505 1312 possunt,
530 1232 566 1292 ut
588 1250 646 1293 nos
670 1250 726 1293 cur
747 1229 810 1292 ista
832 1233 977 1292 tenemus
1000 1228 1140 1292 audeant
1162 1229 1318 1293 incusare.
1343 1214 1410 1315 Ap-

63 1335 234 1413 paret
253 1332 354 1418 igitur
376 1353 415 1394 ex
437 1330 614 1414 discipulis,
643 1352 725 1415 quae
752 1329 866 1394 doceat
887 1330 945 1394 hos
968 1333 1132 1415 magister,
1162 1334 1195 1394 et
1222 1353 1260 1394 es
1289 1332 1409 1416 garritis

64 1434 269 1517 genitor
288 1433 448 1499 nefandus
471 1432 667 1519 agnoscitur.
713 1431 826 1496 Palam
849 1436 934 1498 certe
957 1433 1061 1497 solent
1082 1434 1302 1517 prommtiare,
1326 1435 1409 1519 quod

63 1533 119 1599 si
165 1536 322 1602 audiant
349 1536 481 1602 Petrum
509 1534 803 1602 Calchedonensem
830 1536 986 1620 synodum
1013 1537 1214 1620 praedicare,
1248 1537 1309 1621 ipsi
1338 1560 1410 1602 eum

65 1638 411 1705 anathematizare
433 1641 501 1704 non
521 1638 687 1722 differant,
714 1639 770 1703 ubi
792 1639 871 1702 satis
894 1643 1039 1723 apparet,
1064 1640 1240 1723 cujusmodi
1263 1661 1334 1704 eum
1356 1642 1409 1706 do-

66 1741 278 1807 ctrinam
298 1741 442 1825 proferre
464 1744 635 1805 testantur
681 1739 869 1816 Quaerimus
898 1744 983 1805 certe
1009 1742 1048 1806 de
1075 1743 1175 1825 vobis,
1204 1746 1310 1807 utrum
1338 1744 1409 1809 dal-

66 1841 372 1910 ehedonensem
399 1843 555 1927 synodum
581 1843 774 1928 sequendam
801 1845 921 1928 putetis
948 1866 991 1907 an
1018 1866 1099 1928 non,
1128 1845 1154 1908 si
1184 1867 1249 1909 non
1277 1867 1409 1930 sequen-

66 1940 224 2031 dam,
246 1944 404 2032 quomodo
425 1945 511 2010 hane
532 1968 588 2010 vos
610 1946 727 2011 litteris
749 1945 863 2010 vestris
885 1949 995 2009 tenere
1017 1946 1235 2029 profitemini?
1262 1948 1409 2033 Apparet

67 2064 227 2132 ergn,
249 2070 316 2114 non
336 2048 440 2113 solum
461 2047 496 2112 in
519 2048 677 2114 catholica
699 2049 862 2113 neminem
884 2052 1024 2112 vestrum
1041 2049 1226 2114 definitione
1249 2055 1407 2134 constare,

68 2147 171 2211 sed
211 2172 257 2215 ne
278 2151 313 2215 in
334 2172 392 2215 sua
415 2150 542 2236 quidem
562 2151 761 2237 professione
784 2151 973 2229 corisistere3
996 2151 1129 2235 proinde
1145 2153 1409 2236 quemadmodum

70 2249 230 2318 robis
251 2253 425 2337 credamne,
449 2253 545 2319 fidem
567 2254 758 2319 catholicam
786 2256 896 2318 tencre
915 2253 1124 2338 jactantibus,
1153 2246 1281 2340 quaudo
1312 2257 1410 2320 etiarn

71 2366 164 2433 ea,
214 2378 299 2441 quae
326 2355 447 2440 scripto
475 2356 700 2442 publicamini,
717 2378 794 2425 non
823 2354 965 2420 tenetis?
1007 2355 1125 2432 Quodsi
1154 2360 1260 2421 vestra
1288 2359 1409 2441 profes-

73 2446 230 2522 sione
250 2458 427 2541 constricti,
452 2458 721 2524 Oalchedonensis
744 2458 857 2543 synodi
880 2457 1125 2524 constituturos
1141 2460 1288 2524 omnibus
1307 2462 1409 2526 modis

75 2567 266 2625 s<uetare
291 2560 446 2649 firmatis,
482 2561 577 2626 simul
605 2561 703 2625 etiam
731 2560 925 2644 apostolicae
960 2561 1044 2624 sedis
1075 2561 1406 2649 praedicationcmffi),

77 2666 216 2728 (luae
239 2663 274 2727 in
294 2662 352 2727 illa
373 2661 495 2747 synodo
516 2662 645 2747 relecta,
675 2665 827 2746 tractata,
856 2668 1004 2748 suscepta
1033 2667 1092 2745 est,
1123 2685 1178 2727 vos
1207 2669 1408 2749 suscepturos

81 2766 200 2821 ²⁸⁸0
229 2763 351 2831 dicitis:
379 2786 462 2850 quae
488 2765 597 2830 omnia
624 2765 758 2829 definita
787 2787 825 2829 ex
853 2766 994 2830 omnium
1018 2769 1102 2829 rotro
1125 2767 1323 2851 pontificum,
1355 2769 1408 2852 qui

83 2844 267 2933 fuerunt
294 2890 314 2932 a
344 2870 488 2953 tempore
515 2867 646 2933 Domini
675 2867 850 2934 Salvatoris
878 2871 947 2933 toto
976 2868 1052 2932 orbe
1084 2871 1258 2952 terrarum,
1294 2869 1408 2934 beatae

86 2966 308 3035 ¹1¹elnonae
329 2992 415 3056 papa
430 2969 495 3035 Leo
516 2970 557 3034 ad
572 2975 727 3056 augustae
749 2971 921 3036 memoriae
943 2970 1083 3034 Leonem
1098 2970 1234 3034 subditis
1253 2971 1408 3054 epistolae

90 3067 210 3128 mae
237 3071 427 3137 testimoniis
449 3073 650 3157 approbavit.
1340 3139 1343 3143 .

224 3174 273 3239 19.
317 3174 352 3241 Si
379 3175 481 3261 igitur
502 3175 668 3259 antiquam
695 3176 801 3260 fidem,
831 3179 863 3239 et
889 3198 970 3259 (puae
999 3198 1018 3238 a
1045 3175 1166 3238 sanctis
1195 3175 1337 3258 patribus
1367 3178 1407 3241 ad

98 3270 188 3327 ¹¹⁰⁸
214 3280 267 3342 est
286 3279 486 3360 transmissa,
511 3278 696 3362 sectamini,
725 3280 751 3343 si
775 3279 813 3342 de
835 3278 1059 3342 incarnatione
1081 3277 1209 3341 Domini
1233 3278 1407 3343 Salvatoris

102 3350 216 3435 hage
239 3378 415 3463 nobiscnm,
439 3402 521 3465 quae
541 3381 590 3444 illi
612 3403 750 3464 sensere,
774 3381 913 3463 sentitis,
942 3383 975 3443 et
1004 3403 1023 3442 a
1046 3381 1143 3444 totius
1166 3380 1331 3445 Ecclesiae
1354 3381 1407 3445 do-

112 3460 244 3547 eh'isra
263 3483 447 3547 nullatenus
469 3482 605 3548 demotis
627 3485 716 3568 (quia
738 3506 840 3568 neque
856 3483 1078 3567 prudentiores
1099 3483 1273 3565 majoribus
1290 3485 1407 3548 nostris

120 3578 257 3669 mmm,
278 3605 382 3670 neque
404 3584 496 3649 nobis
517 3585 568 3649 fas
597 3589 645 3650 est
667 3586 761 3650 aliter
783 3586 909 3650 noviter
930 3607 1095 3668 usurpare,
1119 3606 1214 3668 quam
1235 3586 1283 3648 illi
1307 3591 1339 3651 et
1361 3586 1407 3651 di-

130 3656 246 3750 fficere
265 3690 298 3752 et
318 3686 455 3752 docuere
477 3688 630 3771 majores3
660 3688 821 3773 ipsiusque
843 3686 1029 3773 Nicaenilt)
1059 3686 1185 3751 concilii
1216 3711 1280 3752 non
1302 3689 1407 3774 nragis
1438 3668 1441 3675 Ι

138 3784 204 3881 ¹¹9⁸
221 3782 434 3855 intellectores
456 3791 713 3875 expositoresque
737 3790 923 3854 eruditiores
946 3811 1064 3871 svvurus,
1089 3811 1184 3873 <pram
1202 3789 1250 3853 illi
1265 3793 1314 3854 tot
1335 3794 1407 3856 tan·

149 3867 231 3960 hille
250 3893 409 3974 praesules
432 3892 607 3957 venerandi
629 3893 679 3956 vel
706 3893 893 3957 intellexere
915 3892 1078 3976 sapienter
1106 3893 1155 3955 vel
1184 3893 1407 3975 praedicavere

159 3968 302 4078 belua:
334 3993 422 4059 hane
450 4016 559 4060 omncs
587 3995 713 4060 sincera
745 3998 852 4059 mente
880 4017 1016 4078 veroque
1049 3993 1143 4058 corde
1178 3994 1212 4058 in
1241 4018 1406 4059 commune

39 4080 77 4119 '⁵'
170 4076 312 4179 ltlestinis,
340 4099 374 4161 et
402 4084 465 4181 pax
493 4101 552 4162 est.
597 4097 739 4183 ltegulas
766 4120 904 4182 (piloque,
939 4119 1017 4180 quas
1047 4097 1088 4159 ab
1115 4097 1234 4160 eisdem
1262 4098 1407 4181 patribus

180 4270 441 4298 X*-

222 4394 246 4464 ⁸¹)
259 4400 304 4456 aa
319 4402 421 4459 Leonis
442 4402 492 4458 illa
514 4403 549 4458 ad
567 4403 731 4459 Flavianum
754 4404 872 4474 epistola
894 4403 1074 4458 celeberrima
1096 4404 1150 4461 (cd.
1170 4404 1270 4457 Ballcr.
1290 4422 1332 4473 ep.
1353 4406 1405 4458 ast.

174 4476 230 4543 ΨΜ
242 4482 332 4543 deinde
348 4489 522 4543 memoratur
540 4489 664 4557 ejusdcm
683 4490 718 4544 ad
731 4490 852 4544 Leonem
866 4490 1021 4557 Augustum
1039 4489 1157 4559 epistola
1174 4489 1341 4543 testimoniis
1359 4506 1406 4557 pa·

171 4566 226 4621 imm
237 4566 376 4640 mamea,
393 4573 424 4628 in
441 4573 540 4629 eadem
559 4574 680 4630 editione
699 4575 819 4645 epistola
837 4581 885 4629 165
904 4576 952 4628 cst.

218 4672 244 4740 ¹)
259 4674 442 4746 Eutychianos
464 4677 603 4746 quaedam
625 4677 733 4732 concilii
751 4677 865 4732 Nicaeni
888 4676 982 4748 capita
1005 4694 1057 4748 pro
1080 4696 1130 4731 sua
1153 4676 1292 4748 pravitate
1316 4676 1406 4730 detor-

156 4758 215 4817 ἀνθ
226 4757 338 4830 indeque
357 4762 452 4817 fideles
468 4762 657 4832 blasphemiae
676 4763 811 4832 arguisse,
830 4765 914 4818 ctiam
933 4782 966 4818 ex
983 4764 1118 4833 panoplia
1136 4761 1296 4830 dogmatica
1314 4780 1359 4831 qu.
1375 4769 1404 4816 11

150 4868 168 4905 n
189 4845 393 4915 arcessimus,
411 4864 497 4917 quam
515 4847 680 4902 clarissimus
698 4848 845 4903 cardinalis
861 4849 984 4918 Angelus
1001 4849 1090 4917 Majus
1103 4848 1170 4902 Nov.
1184 4847 1259 4901 Patr.
1272 4845 1404 4902 Biblioth.

147 4934 172 4993 ss
187 4935 234 4988 ⁶40
244 4948 277 4987 se.
294 4931 392 4988 edidit.
428 4931 507 4988 Ocni.
526 4933 612 4990 etiam
629 4933 769 5006 Diogenes
787 4933 935 5004 Cyzicenus
954 4950 1029 4989 conc.
1049 4933 1178 4988 Calchcd.
1197 4933 1249 4986 act.
1272 4940 1294 4986 1.
