3450 5678
315 325 357 389 Εἴ)
660 340 793 387 mourut
819 341 968 388 Putavit
993 342 1029 388 IN
1052 338 1233 388 sinistram

315 490 435 578 pugnare
456 504 513 558 ausi
535 511 608 558 strant.
645 501 698 558 Sed
724 502 820 576 synodi
843 502 968 559 vindicias
991 502 1129 559 [inmodius
1150 510 1246 577 postea
1264 501 1414 560 'lirinensis
1434 505 1586 578 episeopus

314 589 387 645 edito
401 590 495 645 libello
511 591 651 645 aduersus
662 604 712 644 eos
722 591 1434 662 quieontrasynodumscriberepraesumpserunt,
1447 591 1583 664 suscepit.

315 675 399 729 Porro
415 673 466 729 hoc
481 691 550 747 opus
565 672 687 747 synodali
703 675 862 730 auctoritate
882 682 909 730 et
929 677 1112 748 conscriptum
1134 684 1162 731 et
1176 672 1353 748 approbatum
1368 681 1397 730 et
1411 675 1484 731 inter
1499 691 1585 731 cane

313 761 371 815 nica
391 758 499 814 decreta
518 766 702 832 computatum
720 759 801 833 vulgo
817 758 949 816 creditur:
972 761 1034 834 quia
1054 759 1087 816 dc
1108 761 1219 816 veritate
1240 759 1333 815 nuilus
1354 760 1489 817 hacteuus
1500 759 1585 817 dubi·

314 845 379 900 tavit
393 844 491 918 synodi
507 846 617 918 quintae
636 843 687 900 suh
703 845 862 918 Symmacho
884 853 1061 919 nuncupatae,
1084 846 1110 901 in
1130 844 1207 916 cujus
1229 844 1341 902 exordio
1363 844 1495 902 edicitur:
1532 846 1582 903 tr·-

243 922 248 929 ’
314 932 412 999 bellus,
429 932 480 1003 qui
492 932 628 1004 synodali
641 933 816 987 auctoritate
827 937 930 987 corruo
943 947 999 1001 ros,
1017 934 1067 1004 qui
1081 933 1222 988 aduersus
1233 931 1249 986 1
1259 930 1282 987 V
1287 937 1417 987 nostram
1427 932 1582 1004 synodum,

314 1032 389 1089 quae
409 1016 506 1072 barbita
527 1023 570 1072 est
589 1016 699 1073 Romae
720 1015 858 1086 Pataram,
882 1019 984 1072 errretire
1003 1022 1274 1088 praesumpserunt,
1298 1016 1335 1072 ab
1356 1016 1490 1074 Eanodio
1511 1031 1581 1074 con·

313 1105 505 1173 scriptumest,
523 1119 621 1157 coram
637 1102 765 1157 ouantibus
777 1100 938 1173 deseratur,
956 1110 983 1157 et
996 1105 1025 1157 ιἰι
1037 1105 1209 1173 praesentio
1225 1104 1346 1157 omnium
1359 1103 1478 1175 legatur
1489 1108 1583 1177 atque

313 1187 474 1243 roboretur.
501 1187 561 1256 (iero
577 1191 698 1244 recitato
714 1194 742 1243 et
756 1188 792 1243 ob
808 1188 936 1244 omuibus
951 1203 1077 1244 consona
1094 1204 1163 1245 uoce
1178 1187 1363 1259 comprobato
1377 1187 1482 1244 sanita
1494 1202 1582 1261 syna·

313 1274 367 1328 dus
382 1273 467 1329 dixit.-
496 1274 570 1329 lracc
586 1273 700 1346 suturis
719 1275 893 1344 temporibus
913 1279 1100 1330 reserventur
1121 1280 1209 1346 atque
1224 1273 1260 1328 ab
1276 1273 1407 1329 omnibus
1422 1280 1583 1330 tencantur

313 1366 340 1415 rt
361 1361 390 1413 iu
407 1360 535 1415 omnibus
560 1366 722 1417 seruentur.
764 1359 821 1415 liic
845 1359 958 1415 libellus
983 1362 1166 1432 inteperrime
1191 1358 1370 1431 synodaliter
1390 1358 1427 1414 ab
1447 1359 1582 1415 omnibus

312 1451 454 1513 tencatur,
471 1452 558 1517 atquc
572 1448 647 1501 inter
661 1450 786 1517 perreriae
801 1451 829 1500 et
843 1448 962 1517 quintae
976 1446 1149 1517 synodorum
1164 1449 1330 1500 nostrarum
1345 1446 1476 1500 actiones
1486 1446 1580 1501 inter·

310 1536 447 1600 ponatur,
468 1537 496 1585 et
515 1533 555 1585 ita
577 1533 652 1586 sicud
666 1530 770 1586 harum
785 1531 959 1602 synodorum
974 1533 1092 1586 alcereta
1108 1530 1268 1586 habentur.-
1290 1532 1358 1603 quia
1374 1529 1512 1602 synodali
1525 1546 1579 1586 ou-

313 1618 446 1671 ctorr'tate
468 1618 651 1688 coraseriptus
672 1622 700 1671 ct
720 1617 875 1672 roboratus
896 1622 948 1672 est.
989 1615 1089 1671 Verum
1109 1616 1229 1690 quintam
1249 1613 1383 1688 synodum
1403 1614 1477 1671 sicut
1491 1620 1521 1670 et
1535 1630 1580 1671 sc·

229 1705 234 1721 ·’
312 1707 439 1774 quantem
454 1708 556 1756 sentam
572 1718 661 1758 meros
677 1718 737 1757 esso
751 1700 847 1757 Isidori
861 1699 1016 1757 hiarcatoris
1032 1701 1113 1764 letus.
1131 1699 1213 1757 multa
1229 1699 1423 1757 elamonstrant.

397 1803 426 1859 a.
453 1802 541 1858 Prinna
557 1802 673 1876 quidem,
689 1811 832 1877 antequam
848 1803 1001 1877 compilatio
1018 1803 1075 1873 ejus
1091 1801 1221 1878 prodiret,
1236 1775 1348 1876 ignotae
1358 1800 1467 1859 fuerant
1481 1800 1578 1873 hujus·

312 1887 384 1943 rrrenli
400 1887 506 1961 synodi.
534 1888 583 1943 Eas
599 1897 672 1944 corte
687 1891 821 1964 ignoravit
838 1888 986 1945 Hadrianus
1001 1889 1024 1951 i;
1041 1888 1161 1962 alioquin
1178 1886 1264 1943 trihus
1280 1886 1348 1950 aliis.
1365 1903 1433 1962 quas
1448 1885 1578 1946 collectio

311 1972 370 2042 ejus
390 1982 516 2036 asservat.
537 1972 569 2029 ah
589 1991 622 2028 eo
645 1974 715 2030 inaud
736 1973 816 2030 eladio
836 1973 976 2046 adjunctae
991 1974 1116 2030 inissent.
1148 1971 1246 2029 lieinde
1265 1971 1355 2036 stilus,
1383 1988 1439 2047 quo
1462 1981 1579 2047 utraque

311 2059 463 2131 conscripta
478 2064 528 2120 ost,
544 2059 622 2132 plano
637 2059 770 2115 isidorum
786 2060 926 2116 nrnaniieste
941 2059 1041 2133 prodit.
1065 2058 1183 2134 Utraque
1198 2058 1269 2114 enim
1284 2074 1339 2114 non
1354 2056 1436 2114 modo
1451 2055 1578 2133 pluribus

309 2143 450 2198 sententiis
466 2152 582 2208 constat,
605 2161 671 2218 quas
686 2146 819 2219 impostor
834 2144 879 2200 ilia
895 2146 986 2218 primis
1007 2142 1180 2219 pontihcihus
1200 2151 1391 2217 supposuerat,
1412 2143 1578 2201 inconcinne

310 2229 441 2301 repetitis,
456 2228 503 2293 sed
520 2247 551 2285 en
566 2230 727 2287 centonibus
741 2229 855 2287 conilata
871 2239 912 2287 est
927 2247 1011 2304 quum
1026 2230 1140 2287 aliorum
1157 2226 1316 2302 pontificum
1331 2236 1389 2284 tum
1406 2228 1577 2303 &minarum

310 2312 486 2385 synodorum,
507 2332 575 2388 quae
595 2315 645 2371 suh
661 2316 819 2390 Symmacho
836 2315 940 2372 iratritac
960 2324 1032 2379 sunt,
1059 2333 1120 2371 curn
1135 2315 1230 2372 iisdem
1245 2315 1355 2371 omnino
1377 2311 1492 2377 mendis,
1514 2330 1576 2371 cum

311 2397 408 2473 quilms
430 2401 500 2473 ipsas
524 2400 644 2473 synodos
665 2403 784 2475 integras
805 2400 923 2457 isidorus
949 2409 1143 2475 repraesentat.
1185 2400 1264 2456 Certe
1284 2400 1364 2456 haec:
1394 2405 1438 2455 est
1458 2402 1536 2457 euim
1557 2418 1577 2457 u

311 2487 406 2541 rnrrltis
421 2489 653 2544 antecessoribus
667 2480 845 2560 synodaliier
859 2490 1006 2544 decretum
1021 2495 1108 2563 atque
1121 2490 1276 2560 firmatum,
1298 2490 1331 2542 ut
1350 2500 1417 2542 oves
1431 2500 1509 2558 quae
1519 2502 1577 2559 pa·

311 2573 384 2625 stori
397 2586 449 2627 suo
465 2575 630 2628 commissae
647 2572 762 2645 sinerint
783 2589 846 2630 erem
863 2589 917 2630 nec
937 2574 1160 2645 reprehendere,
1177 2574 1266 2628 nisio
1280 2571 1339 2644 fide
1354 2570 1575 2643 exorbitaverit,

308 2663 515 2727 praesumant.-
535 2674 585 2714 nee
601 2673 655 2714 non
670 2660 735 2715 ista:
757 2661 831 2715 unde
844 2666 874 2741 et
889 2661 1047 2732 antiquitus
1067 2660 1214 2715 decretum
1229 2662 1281 2720 est.
1305 2671 1402 2713 omrrcs
1414 2658 1576 2727 possessio·

311 2757 363 2797 nes
377 2748 431 2798 etc.
440 2766 448 2805 ,·
464 2741 505 2798 vei
520 2742 587 2799 iliud
602 2743 676 2818 quod
691 2745 811 2818 proxime
826 2745 963 2817 sequitur:
980 2751 1008 2800 et
1023 2745 1093 2801 alibi
1106 2747 1245 2815 scriptum
1258 2743 1378 2816 lepitur:
1391 2743 1441 2799 ate
1455 2744 1509 2816 qui
1516 2756 1577 2815 per

312 2829 470 2884 uiolentiam
487 2835 562 2892 etc.,·
582 2838 609 2885 et
624 2846 700 2886 mou:
727 2831 763 2887 In
779 2831 965 2903 synodalibus
979 2831 1105 2886 decretis
1117 2832 1237 2902 leyitur:
1251 2827 1490 2901 Redinteyrondo
1505 2834 1577 2885 mne

310 2916 404 2969 omnnia
428 2915 613 2985 carpetanam
635 2924 681 2971 aut
702 2916 752 2972 alia
767 2915 922 2986 hujusmodi
938 2915 1034 2989 synodi
1054 2917 1165 2990 quintae
1179 2914 1288 2970 nonnius
1308 2911 1433 2987 prolerre
1453 2918 1509 2969 tam
1524 2912 1576 2971 itu·

309 2998 459 3072 prudenter
478 3015 559 3055 ausus
581 2999 679 3057 luisset
698 3018 786 3064 aternio.
815 3003 865 3057 nisi
886 3004 931 3075 qui
955 3001 1062 3057 ulcerata
1082 3001 1177 3056 similia
1198 2998 1292 3055 iisdem
1314 2996 1401 3054 verbis
1420 2998 1578 3072 composita

229 3120 236 3125 -
309 3083 507 3157 antiquioribus
526 3084 699 3159 pontificibus
720 3087 885 3161 Zephyrino.
909 3085 1037 3149 i'alriano,
1059 3085 1199 3148 Cornelio,
1219 3080 1523 3158 Stopinan01,Euscbio
1543 3100 1578 3143 aa

308 3169 381 3226 lulio
402 3180 592 3243 supposuerat.
629 3171 657 3228 Si
678 3174 749 3228 cuim
770 3172 935 3228 ahdtcrinao
956 3171 1016 3228 iliae
1038 3172 1204 3244 excipiantur
1224 3168 1368 3244 epistolae,
1395 3168 1577 3227 doeusorun

309 3254 461 3326 Symmachi
476 3256 567 3311 astallus
583 3256 729 3330 quidquam
746 3257 900 3328 hujusmodi
915 3257 1067 3314 decrevisse
1082 3255 1309 3330 deprehendetur.
1340 3252 1432 3329 Neque
1447 3253 1531 3313 ellam
1546 3254 1576 3313 in

309 3345 425 3394 aetatem
440 3339 591 3412 Symmachi
605 3342 653 3398 sed
669 3344 695 3397 in
712 3342 806 3399 isidori
822 3345 913 3417 potius
929 3342 1073 3406 urecolum,
1091 3343 1142 3399 hoe
1157 3350 1200 3398 est
1214 3355 1324 3403 nonum.
1341 3338 1477 3411 convenit,
1495 3340 1576 3415 qnod

308 3422 354 3478 iiic
368 3440 436 3497 papa
452 3426 478 3479 in
494 3425 599 3498 synodo
614 3436 688 3482 sexta
700 3428 828 3483 adversus
844 3445 900 3492 cos,
924 3431 974 3501 qui
990 3428 1153 3501 serenitates
1173 3428 1316 3484 ecclesiae
1329 3426 1383 3483 sub
1397 3427 1496 3498 speeie
1508 3428 1576 3483 lur-

307 3511 405 3581 yitotis
425 3513 523 3583 reyiae
551 3514 593 3567 oet
614 3516 816 3586 ‹trejuscunpuc
838 3518 988 3587 potestatis
1014 3515 1143 3585 improba
1168 3514 1355 3584 subreptione
1370 3514 1575 3583 pervaserint,

308 3593 454 3650 ‹iocernerc
474 3591 596 3668 tingitur.
628 3596 769 3671 ignorabat
793 3601 893 3673 quippo
915 3600 980 3655 haee
1000 3606 1072 3655 aetas
1093 3600 1181 3673 regias
1202 3596 1261 3654 ilias
1282 3604 1328 3653 aut
1344 3594 1476 3670 cujusque
1491 3604 1577 3671 pote·

307 3679 386 3733 statis
402 3678 548 3753 largitates.
586 3682 646 3756 ipsc
667 3685 744 3740 etiam
760 3684 888 3748 Odoacar,
912 3693 941 3740 ut
961 3685 1076 3759 epistt}
1104 3685 1187 3739 visuri
1209 3698 1311 3746 sumus,
1332 3680 1467 3756 sacrilegii
1481 3682 1577 3741 instar

308 3762 430 3828 duschan,
453 3781 499 3821 eas
514 3767 546 3822 ad
562 3766 641 3824 alium
658 3785 744 3833 nstmr,
768 3787 846 3844 tynam
868 3771 899 3827 ad
920 3788 999 3845 quem
1020 3769 1133 3827 collatae
1154 3768 1268 3831 lucrant,
1295 3766 1444 3823 transferri.
1473 3765 1576 3843 Neque

308 3850 397 3904 minus
413 3850 492 3907 abiis
512 3852 562 3909 sibi
578 3855 735 3928 arrogandis
756 3855 925 3919 ahhorrehat,
947 3858 992 3930 qui
1012 3857 1133 3930 proxime
1153 3855 1191 3911 illi
1212 3856 1240 3909 in
1266 3868 1382 3928 regnum
1401 3850 1492 3909 ltaliae
1507 3868 1601 3937 suc-³

307 3936 389 3990 cessit
410 3936 602 4001 'lircodorieus
629 3943 672 3996 cui
694 3941 820 4015 religioni
841 3941 893 3997 init
918 3944 997 3998 ethim
1017 3942 1051 3998 de
1071 3940 1260 3997 ecelesiasticis
1280 3938 1400 4014 negotiis
1419 3936 1573 4014 quidquam

306 4018 356 4075 sibi
372 4037 488 4079 suntme.
519 4025 547 4080 Si
567 4033 705 4099 practerea
725 4027 831 4091 Gallias,
852 4029 879 4083 in
901 4027 997 4101 quihus
1013 4027 1164 4083 Clodoreus
1186 4024 1266 4081 hdem
1286 4040 1381 4081 recens
1397 4032 1573 4099 susceperat.

305 4103 402 4162 aliasve
423 4110 549 4183 regiones
572 4114 810 4186 peragraverimus
834 4112 990 4169 facultatum
1013 4112 1140 4169 ecclcsiae
1161 4110 1389 4184 dispensationem
1409 4124 1495 4185 penes
1510 4110 1573 4187 apin

304 4206 402 4264 scopos
419 4201 474 4248 tum
491 4194 582 4259 luisse,
599 4214 629 4253 ac
642 4199 777 4272 principes
793 4198 924 4254 nihildum
938 4198 987 4255 sibi
997 4201 1023 4255 in
1037 4215 1081 4255 cas
1093 4196 1240 4254 vindicasse
1251 4194 1457 4270 comperiemus.
1480 4192 1572 4255 immo

302 4292 386 4348 qurum
401 4294 471 4334 anno
487 4279 547 4337 502
563 4281 588 4336 id
608 4299 689 4339 ιιιιιιιιι
710 4283 831 4340 tirioacer
851 4285 982 4358 petiisset,
1005 4293 1035 4340 nt
1055 4283 1234 4340 ecclesiastica
1254 4280 1361 4356 praedia
1376 4286 1572 4363 praetercun-

301 4363 438 4418 seientiam
450 4366 524 4438 regis
536 4365 676 4423 abalienari
692 4387 746 4425 non
761 4378 882 4443 possent.
898 4371 995 4443 petitio
1011 4369 1054 4426 ilia
1071 4368 1142 4425 reiut
1159 4383 1226 4425 uara
1242 4375 1270 4423 ct
1285 4365 1385 4438 injusta
1397 4362 1500 4437 reyecta
1510 4374 1568 4425 est.

301 4445 340 4502 ΛιΙ
356 4447 408 4503 hoc
423 4449 486 4522 quid
502 4450 552 4507 sihi
564 4453 620 4508 vah
635 4455 686 4509 ista
701 4458 898 4511 commentitiae
913 4454 1010 4529 synodi
1025 4454 1045 4508 V
1061 4454 1228 4510 acclamatio:
1250 4453 1307 4521 illi,
1324 4454 1375 4527 qui
1383 4468 1496 4523 papam
1512 4468 1568 4511 ac·

300 4541 476 4591 cresaucrunt
491 4543 518 4592 et
533 4539 741 4597 damnationem
758 4544 784 4596 ei
797 4540 910 4611 inferre
926 4547 1082 4610 tentarunt,
1100 4548 1127 4595 ct
1139 4542 1187 4609 illi,
1205 4541 1255 4612 qai
1268 4554 1331 4594 erem
1339 4537 1567 4609 Judicooeruut,

300 4625 330 4673 ut
344 4620 517 4677 damnentur
532 4630 688 4697 royanues!
708 4625 766 4682 h'on
782 4628 852 4682 enim
868 4627 911 4682 aiii
923 4624 1110 4700 Synunachnm
1122 4624 1258 4696 judicasse
1273 4623 1411 4697 leguntur,
1427 4621 1481 4677 nisi
1493 4638 1568 4696 quos

298 4702 483 4762 Theodericus
506 4725 553 4764 ros
573 4709 646 4766 ciero
667 4719 695 4766 et
714 4718 810 4767 senatu
830 4710 984 4784 petentibus
1006 4713 1120 4785 ipsoque
1140 4718 1275 4766 annuente
1291 4707 1450 4782 Symmacho
1465 4723 1568 4766 mensae

297 4787 355 4856 ejus
371 4790 473 4860 judiees
489 4792 631 4869 delegarit.
671 4795 701 4852 tt
718 4795 755 4852 illi
773 4796 880 4870 ‹phdrm
900 4815 961 4853 estne
983 4814 1036 4852 non
1058 4796 1251 4852 cerardomnassc
1272 4793 1320 4850 sed
1341 4791 1490 4849 absolvisse
1507 4810 1568 4850 me·

297 4885 444 4934 irrorantur.
475 4877 547 4946 Quae
563 4881 714 4955 Symrrraehi
735 4882 934 4939 accusatoribus
957 4900 1035 4939 cerasa
1057 4882 1117 4944 luit.
1140 4898 1189 4937 cur
1209 4881 1299 4936 statim
1318 4880 1460 4938 aduersus
1474 4894 1565 4956 syno-

1245 4976 1251 4999 l
