3412 5664
318 305 379 371 142
786 319 828 398 ss.
844 317 968 366 umam
990 318 1106 366 rasas

207 485 302 535 usos.
315 473 436 550 Quibus
459 474 561 555 enim,
591 473 675 536 sicut
696 472 793 535 etiarn
821 492 876 535 vos
898 471 1059 554 probatis,
1093 470 1251 557 faenus
1279 473 1408 536 constat
1433 492 1564 559 exemp

316 581 433 661 etqua
455 596 521 639 non
548 574 772 658 objurgatione
799 573 1024 657 dignissimum
1052 576 1110 656 est,
1139 573 1223 658 quod
1250 578 1438 639 sanctorum
1458 577 1564 658 patr!

316 677 452 742 decretis
475 681 508 741 et
534 677 612 761 ipsis
641 677 802 760 repugnat
831 696 990 739 canonum
1015 675 1189 757 institutis,
1219 697 1313 760 quum
1336 676 1409 741 ideo
1431 697 1465 740 se
1486 675 1564 743 fra·

312 780 382 863 jam
410 784 442 842 et
471 780 674 862 coepiscopus
705 781 813 840 noster
841 775 977 840 Hermes
1005 799 1024 841 a
1056 776 1261 841 Narbonensi
1289 778 1426 843 ecclesia
1453 776 1564 846 credi

311 882 384 965 jure
406 881 534 965 suscipi,
558 879 633 964 quia
654 878 787 963 indigne
810 900 829 941 a
852 877 1102 962 Biterrensibus,
1126 879 1240 963 quibus
1261 876 1429 944 ordinatus
1452 883 1512 964 est,

250 996 257 1009 '
317 984 411 1049 cebat
438 980 590 1047 excludi?
632 981 694 1056 eui
721 981 749 1044 si
776 1001 850 1044 vere
877 979 939 1045 hoc
969 981 1004 1044 in
1033 1003 1067 1045 se
1094 980 1216 1044 factum
1244 980 1366 1046 doleret
1388 984 1422 1045 et
1443 980 1564 1067 legitis

316 1085 455 1149 remedio
477 1083 645 1147 subvenire
659 1082 807 1166 propriae
830 1082 955 1146 sciisset
975 1082 1124 1166 injuriae,
1149 1082 1326 1147 vindictam
1348 1083 1455 1169 magis
1477 1082 1564 1150 deb·

315 1207 443 1270 sperare
464 1184 623 1270 perpessis
645 1206 741 1268 quam
764 1184 891 1248 veniam
912 1185 1116 1268 perpetratis.
1154 1183 1301 1271 Denique
1321 1186 1350 1250 si
1369 1206 1459 1250 nunc
1474 1184 1564 1251 salia

316 1287 474 1352 communi
507 1287 650 1351 omnium
676 1284 807 1349 Domini
840 1286 1043 1351 sacerdorum
1075 1290 1185 1351 utatur
1219 1287 1343 1370 animo,
1382 1287 1410 1351 si
1443 1285 1564 1353 imiter

316 1389 506 1473 exemplum,
530 1389 557 1453 si
580 1389 618 1453 ad
641 1386 731 1470 haec,
755 1410 836 1473 quae
858 1388 1093 1453 ecclesiasticae
1116 1388 1231 1473 quietis
1252 1388 1535 1473 contemplatione

317 1514 440 1576 cunque
467 1489 573 1574 sopita
600 1492 691 1572 sunt,
721 1490 821 1554 oculis
850 1491 953 1554 cordis
979 1490 1144 1574 intendat,
1174 1495 1208 1555 et
1228 1513 1287 1575 pro
1307 1491 1408 1555 totius
1422 1490 1564 1558 Euclea.

316 1615 395 1677 pace
426 1591 477 1657 vel
503 1593 565 1656 fide
593 1614 673 1677 quae
702 1594 779 1656 sunt
799 1591 1022 1676 multipliciter
1048 1592 1171 1679 rata⁴),
1210 1593 1406 1658 consideret:
1435 1591 1521 1656 nihil

316 1695 471 1780 prolecto,
500 1694 584 1779 quod
596 1683 671 1758 ‘non
694 1694 791 1758 etiam
812 1695 881 1779 ipse
909 1693 1124 1779 reprehendat
1146 1699 1179 1759 et
1201 1695 1369 1760 erubescat
1391 1694 1454 1759 sibi
1476 1715 1564 1763 ann

316 1797 400 1881 quod
422 1796 457 1861 iu
485 1796 587 1859 altero
613 1795 817 1860 laudabiliter
845 1796 1043 1880 improbarit.
1089 1794 1214 1860 Scimus
1243 1796 1329 1861 enim
1351 1800 1384 1861 et
1402 1794 1539 1881 jamdiu

317 1898 484 1963 memorati
506 1898 617 1962 fratris
640 1898 881 1962 conversatione
902 1897 985 1961 nihil
1000 1896 1154 1961 habemus
1170 1898 1365 1983 ambiguum,
1389 1920 1564 1984 quumm

317 2005 408 2064 actae
435 2000 552 2064 vitae
542 1999 642 2083 ipsius
666 2021 792 2064 cursum
814 2003 846 2064 et
868 2002 953 2063 retro
975 2021 1069 2063 omne
1095 1998 1329 2115 propositum⁵)
1356 2003 1469 2065 nestm
1489 2022 1564 2067 ress

274 2103 293 2127 ‘
317 2105 428 2166 ventes
444 2102 562 2184 animo,
585 2101 643 2166 hos
658 2102 759 2183 illum,
783 2124 860 2186 quos
882 2103 917 2165 in
938 2123 974 2165 eo
990 2101 1164 2187 arguimus,
1187 2103 1360 2167 incurrisse
1374 2102 1483 2187 potius
1493 2124 1564 2191 qu

316 2202 430 2267 fecisse
452 2207 521 2268 aest
521 2204 656 2268 iniamus
679 2225 835 2268 excessus.

400 2305 432 2370 2.
470 2304 518 2370 De
540 2306 654 2390 quibus
677 2306 880 2390 praesidente
913 2305 979 2370 frat
965 2309 1050 2370 trum
1071 2327 1241 2370 numeroso
1263 2306 1400 2371 concilio
1426 2310 1530 2371 etex

316 2410 417 2472 versis
444 2408 617 2491 provinciis
649 2407 691 2471 ad
719 2407 802 2471 diem
829 2408 947 2472 natalis
975 2409 1078 2472 nostri
1106 2408 1176 2494 iul)
1202 2408 1358 2474 honorem
1385 2407 1474 2473 beati
1501 2406 1564 2474 P«

322 2583 625 2592 —-.--—...-—-—--

385 2683 406 2749 ³)
424 2680 457 2734 11³
471 2684 499 2735 c¹
515 2686 607 2748 sorta,
626 2679 703 2748 quod
715 2677 837 2733 retinens
847 2678 983 2733 Batonius
1002 2696 1065 2734 cum
1081 2680 1262 2750 praecedenti
1273 2681 1361 2735 verbo
1371 2684 1489 2751 proteus
1504 2694 1564 2737 oo

317 2765 365 2819 lat.
401 2765 508 2821 Deinde
527 2767 556 2819 u¹
575 2784 696 2819 canonum
719 2770 868 2819 raucitatis.
908 2763 937 2817 Si
960 2765 1103 2832 quaeritur
1125 2765 1283 2834 exemplum
1304 2764 1442 2836 episcopi,
1470 2764 1516 2836 qui

317 2850 449 2905 ecclesiae
471 2849 614 2905 ordinatus
636 2849 673 2903 ab
695 2865 783 2917 eaque
804 2849 925 2918 rejectus
947 2850 1127 2919 postmodum
1150 2851 1310 2920 praefectus
1335 2848 1420 2905 elteri
1440 2849 1502 2917 ruit,
1533 2860 1564 2901 1

317 2952 402 2989 unum
419 2952 486 2990 sane
498 2935 697 3005 praecesserat.
724 2934 800 2988 Nota
810 2938 875 2988 sunt
886 2934 1042 3003 eademque
1053 2934 1174 3004 insignia
1185 2933 1329 3004 Perigeuis
1347 2935 1378 2989 et
1389 2933 1479 2991 Prodi
1493 2942 1564 2991 eti

316 3020 372 3090 pla,
389 3021 422 3073 ut
439 3020 494 3075 ulia
511 3020 649 3087 omittam,
666 3019 862 3090 plerorumque
881 3019 1083 3088 episcoporum,
1106 3035 1225 3088 quorum
1242 3018 1441 3076 translationes
1457 3018 1564 3075 Soet!

316 3104 376 3171 Vn,
390 3110 423 3159 36
440 3106 574 3172 recenset,
592 3121 717 3175 quosque
736 3104 876 3173 conjectat
888 3102 1082 3157 Tillemontius
1100 3103 1163 3159 ideo
1182 3103 1262 3158 sedes
1279 3105 1405 3159 mutasse
1423 3120 1489 3171 sues,
1502 3108 1564 3173 (μ’

317 3189 454 3260 episcopis
475 3189 528 3243 sibi
550 3191 709 3260 subrogatis
732 3187 830 3242 cedere
857 3185 946 3242 eoacti
968 3187 1031 3242 sint.
1078 3189 1110 3245 ld
1131 3205 1197 3243 vero
1219 3190 1281 3243 tum
1306 3189 1428 3245 maxime
1452 3178 1564 3245 aetifi-

318 3276 419 3339 ceuset
436 3289 521 3341 quum
540 3273 762 3328 commrmionem
780 3291 859 3328 suam
874 3272 1050 3327 Innocentius
1068 3289 1102 3328 ea
1120 3273 1279 3328 conditione
1295 3273 1391 3329 Attico
1408 3270 1541 3341 meunt.

317 3358 345 3410 iu
369 3374 462 3412 sacras
483 3358 594 3412 tabulas
616 3358 750 3411 Johannis
771 3374 873 3411 nomeu
899 3359 1056 3412 referretur.
1098 3358 1176 3412 Tunc
1203 3356 1337 3413 emm-ut
1359 3356 1564 3427 suscepero

317 3444 433 3511 propter
449 3442 606 3497 Johaunem
624 3442 743 3511 expulsis
762 3441 888 3497 redditae
906 3442 1049 3509 ecclesiae,
1066 3443 1108 3496 ita
1121 3442 1225 3510 stillis,
1244 3442 1293 3513 qui
1304 3441 1395 3498 in'eas
1405 3443 1564 3513 irrepet

318 3526 494 3594 quaerendae
511 3526 582 3581 aliae
599 3528 719 3582 bierunt.
750 3526 904 3597 Propterea
921 3544 988 3581 sane
999 3527 1122 3583 Hermen
1132 3527 1244 3582 Hilarus
1261 3528 1291 3581 in
1305 3522 1480 3596 Narbonensi
1495 3530 1564 3581 ecc

318 3610 360 3664 sia
376 3609 498 3679 reliquit,
515 3628 567 3666 uec
584 3614 680 3667 tamen
697 3611 755 3666 sine
772 3610 874 3666 idonea
892 3611 1065 3683 correptione
1083 3630 1117 3667 ac
1128 3629 1228 3683 poena,
1246 3629 1281 3668 ns
1299 3611 1362 3682 quis
1379 3612 1491 3668 daretur
1503 3610 1564 3666 lo·⁴

317 3695 507 3765 perfringendi
524 3698 569 3750 tot
586 3696 737 3752 constituta
754 3701 783 3751 et
799 3698 884 3754 toties
902 3697 1023 3768 repetita
1040 3698 1161 3764 decreta,
1184 3695 1286 3766 quibus
1304 3694 1441 3753 avaritiae
1457 3697 1486 3752 et
1498 3694 1564 3751 lia·

317 3780 375 3834 tiae
393 3781 472 3834 frena
488 3780 602 3850 injicere
619 3781 714 3851 patres
732 3782 825 3836 eonati
842 3786 919 3847 simu
938 3784 971 3837 cf.
984 3782 1044 3837 Nic.
1064 3800 1087 3849 e.
1103 3789 1142 3849 15,
1159 3781 1286 3837 Antioch.
1306 3798 1329 3836 c.
1342 3786 1385 3849 21,
1407 3778 1509 3837 Sardis
1524 3785 1564 3831 c

318 3865 348 3918 et
361 3870 385 3919 2.
417 3865 568 3919 Praeterea
584 3882 636 3920 nec
654 3866 736 3935 eulpa
754 3884 852 3921 vacare
865 3867 987 3922 Hermen
1004 3867 1094 3935 docet,
1113 3867 1161 3936 qui
1178 3867 1251 3921 hauc
1268 3865 1323 3920 sibi
1333 3862 1564 3937 illaraminjuris

318 3950 493 4019 expostulare
511 3967 574 4004 cum
591 3950 795 4006 Biterrensibns
812 3952 982 4021 neglexerat,
1001 3969 1086 4021 quum
1103 3951 1207 4007 liceret.

384 4035 407 4103 ⁴)
425 4037 452 4089 e⁵
464 4038 490 4088 c'
502 4037 540 4089 c¹⁰
557 4048 657 4099 maa,
680 4036 863 4091 renitentibus
884 4054 951 4091 mss.
987 4036 1042 4091 Sed
1065 4038 1095 4091 et
1115 4036 1253 4092 sententia
1269 4035 1360 4091 Hilari
1379 4046 1441 4091 rats
1461 4036 1564 4106 posu

318 4118 344 4173 b.
358 4135 382 4175 c.
402 4119 565 4186 constituta,
587 4120 789 4191 quae’quidem
810 4121 873 4177 ideo
892 4122 921 4176 in
938 4122 1102 4177 memoriam
1119 4123 1244 4189 revocat,
1270 4123 1302 4175 ut
1318 4120 1364 4175 rel
1380 4119 1446 4176 inde
1462 4118 1564 4175 Hert

318 4203 407 4272 egisse
424 4204 469 4258 rel
486 4204 600 4275 petiisse
616 4206 730 4277 pudeat,
748 4223 820 4276 quae
837 4208 897 4261 tam
915 4206 1018 4261 sanctis
1036 4206 1156 4261 decretis
1174 4206 1363 4261 adversentur.

385 4290 407 4357 ι)
424 4289 468 4343 lta
485 4291 516 4343 α’
528 4291 581 4360 fiel
598 4291 636 4345 ad
651 4307 755 4361 marg.;
773 4291 834 4344 L⁴b
844 4293 871 4345 c⁵
888 4302 960 4346 retro
971 4298 1147 4360 antepositum,
1164 4292 1199 4345 L³
1207 4293 1243 4346 c¹¹
1262 4301 1333 4346 retro
1345 4300 1406 4346 unte
1415 4294 1564 4361 proposit*

318 4372 363 4428 Sic
381 4373 493 4429 Hilarus
510 4374 633 4430 Hermen
649 4376 751 4446 arguit,
768 4376 801 4429 ut
817 4375 910 4446 ipsum
927 4376 1010 4431 simul
1027 4379 1148 4432 excuset.

384 4463 406 4529 ⁸)
423 4457 484 4524 Quo
502 4459 608 4514 scilicet
624 4459 769 4515 ordinatus
787 4464 837 4516 est.
860 4462 941 4517 Unde
958 4462 1049 4516 denuo
1067 4463 1221 4528 firmantur,
1238 4477 1311 4530 quae
1327 4459 1364 4516 de
1381 4458 1509 4516 sollemni
1523 4464 1564 4509 G

318 4559 465 4615 scaporum
483 4543 610 4601 adhunc
627 4545 701 4599 diem
718 4562 852 4601 concursu
868 4547 897 4601 in
914 4546 996 4616 Xysti
1007 4546 1047 4599 ΙΙΙ
1065 4546 1240 4616 epistolamt
1257 4544 1439 4601 Constantius
1455 4544 1564 4601 obst

291 4651 296 4666 =
318 4629 364 4684 vit.
393 4628 529 4694 Quocirca
544 4629 651 4684 nullum
664 4632 708 4684 est
719 4629 842 4697 dubium,
861 4631 928 4699 quin
939 4647 1117 4686 numerosum
1129 4631 1283 4697 concilium,
1299 4630 1334 4687 de
1348 4646 1405 4701 quo
1415 4628 1564 4685 lsicHilfl·¹

317 4713 448 4783 loquitur,
466 4714 511 4770 die
528 4714 593 4768 XIX
610 4714 776 4769 Novembris
794 4717 965 4771 celebratum
983 4717 1028 4783 sit,
1050 4718 1116 4771 licet
1137 4717 1207 4772 baec
1224 4716 1352 4787 epistola,
1374 4732 1433 4785 qua
1447 4714 1519 4771 illius

318 4802 395 4853 creta
412 4800 440 4853 in
460 4800 566 4855 Gallias
583 4799 683 4866 mittit,
710 4799 755 4855 die
772 4801 810 4854 111
827 4802 995 4857 Decembris·
1010 4802 1196 4870 couugnetnr.
1232 4801 1275 4857 Ibi
1296 4800 1402 4871 quippe
1423 4818 1481 4857 nou
1500 4796 1564 4855 uia

318 4900 373 4951 quo
391 4885 504 4941 decreta
522 4884 630 4939 sancita
647 4887 711 4938 surrt
733 4886 783 4940 scd
800 4903 855 4955 quo
879 4888 979 4955 legatis
997 4886 1151 4942 Galliarum
1174 4886 1354 4942 redeuntibus
1374 4886 1496 4957 tradiit,
1513 4884 1564 4941 it
