3412 5664
216 292 279 359 638
322 299 352 357 S.
366 309 549 359 censensu
571 310 597 357 11
619 309 650 356 s.
674 309 818 357 noriam
842 308 953 359 nessa.
976 308 1047 359 sos
1069 308 1243 360 exsensa.
1267 308 1305 357 ιι.
1319 308 1442 359 ι-ιιι.

820 461 864 526 II.

215 590 293 629 anno
308 571 380 629 497.
410 575 544 629 Andreae
560 575 689 644 episcopi
706 572 969 629 Thessalonicensis
988 573 1028 628 ad
1040 571 1228 630 Anactorium
1242 575 1369 648 lenatia.

300 675 358 730 Non
380 674 462 748 latigo
482 682 545 747 post
564 682 655 729 secuta
676 681 717 727 est
739 673 839 747 legatio
862 672 895 728 ab
916 672 1021 729 Andrea
1043 672 1285 732 Thessalonicensi
1307 676 1447 750 episcopo
1468 674 1499 731 ati

216 761 383 816 Anastasium
400 775 492 832 papam
508 759 649 814 destinata.
680 757 754 813 iianc
768 774 875 832 sperare
896 766 923 813 et
944 767 1143 832 exspectasse
1159 761 1329 817 Anastasius
1345 759 1499 835 spamus

216 863 242 901 n.
260 845 278 902 3
294 842 436 918 signifieat,
458 842 501 899 ubi
518 852 545 899 et
559 844 587 898 in
602 842 736 916 illyricum
751 845 888 915 quosdam
909 845 944 899 de
959 852 1099 901 convente
1118 861 1170 901 suo
1186 847 1382 902 directurum
1403 860 1436 900 se
1456 862 1498 901 re·

214 928 314 991 scribit,
340 946 425 1001 prium
440 930 556 984 iiiornrn
575 932 701 999 partiam
718 931 860 984 correctio
880 930 1022 1001 icpatione
1038 931 1207 1000 plenissima
1225 930 1331 1002 suerit
1352 934 1499 986 annania.

215 1014 294 1087 Spem
316 1022 405 1069 autern
425 1011 484 1082 ejus
506 1012 597 1067 iaisarn
620 1029 674 1067 nou
695 1012 779 1067 inisse
801 1012 878 1067 docet
901 1029 950 1068 nos
966 1012 1114 1086 epistoiab
1136 1031 1162 1070 u.
1176 1014 1213 1076 4.
1240 1016 1270 1070 in
1289 1030 1349 1089 qua
1365 1013 1499 1071 Photinus

214 1098 342 1154 diaconus
364 1097 396 1152 ab
412 1097 516 1153 hneircn
532 1097 763 1152 'ihcssaionicensi
779 1096 888 1152 Romam
910 1096 1016 1172 legatus
1036 1097 1098 1154 inde
1113 1100 1238 1172 proxime
1255 1098 1382 1155 rediisse
1398 1116 1500 1155 memo·

215 1191 297 1238 ratur.
329 1181 379 1250 Qui
395 1183 457 1238 lraic
472 1182 584 1237 diacono
600 1180 717 1251 arijuncti
740 1181 839 1236 iuorirtt
860 1180 981 1252 ejusdem
997 1181 1140 1257 legationis
1154 1184 1239 1247 socii,
1265 1192 1393 1240 tacetur.
1426 1184 1499 1240 Tunc

199 1284 278 1341 ¹sero
294 1268 462 1323 anastasium
478 1267 513 1336 id,
531 1265 605 1339 quod
620 1264 670 1320 sibi
686 1266 834 1322 iaciendum
850 1274 913 1339 post
930 1265 1009 1336 hujus
1025 1265 1167 1341 legationis
1190 1268 1351 1325 adrentum
1371 1267 1500 1325 deense

213 1360 263 1416 rat,
280 1352 455 1426 praestitisse,
472 1352 499 1407 h.
509 1368 533 1408 c.
547 1352 618 1407 viros
630 1351 657 1405 in
670 1348 812 1423 illyricum,
829 1352 875 1424 qui
887 1358 978 1424 partes
993 1351 1052 1406 iilos
1067 1352 1290 1415 reconciliarent.
1307 1352 1347 1409 de
1361 1362 1499 1411 consentu

213 1454 264 1493 suo
279 1437 409 1493 direxisse
424 1436 587 1493 senciendum
603 1443 653 1498 est,
675 1436 726 1491 nisi
748 1444 835 1491 morte
850 1436 904 1491 cito
920 1437 1116 1492 interveniente
1130 1436 1294 1510 prohibitus
1312 1436 1413 1495 tuerit.
1445 1437 1500 1494 hiae

214 1523 308 1578 saitem
323 1520 355 1577 ab
372 1520 511 1577 hormisda
526 1520 665 1594 impletum
682 1521 763 1576 visuri
778 1536 879 1582 sumus.
896 1519 969 1594 quod
985 1519 1080 1577 abillo
1096 1519 1183 1577 iuerat
1198 1524 1422 1596 praestitutum.

816 1647 876 1713 III.

213 1779 289 1817 anno
305 1760 366 1817 498
383 1777 409 1816 c.
424 1759 586 1814 menedon.
617 1756 719 1814 Aeanti
732 1761 861 1829 episcopi
873 1750 1052 1815 Arelatensis
1065 1758 1310 1817 adAnastasiran
1325 1762 1365 1817 de
1380 1764 1498 1836 quibus·

362 1847 426 1901 dam
443 1845 662 1899 traducianismi
675 1844 874 1899 adsertoribus
889 1845 1001 1899 relatio.

298 1946 423 2002 biemornt
440 1946 594 2002 rtrisistasius
610 1946 687 2018 epist.
703 1945 720 2001 6
737 1962 763 2000 ιι.
778 1943 805 2008 2,
827 1944 983 2019 episcopum
1000 1945 1192 2007 Arelatensem.
1216 1948 1270 2019 qui
1287 1955 1360 2005 tunc
1377 1950 1497 2005 hennino

214 2033 272 2095 tuit,
288 2031 338 2087 sibi
354 2031 515 2106 ingessisse,
536 2032 679 2086 hereresim
700 2032 852 2103 qnamdam
872 2032 949 2086 intra
967 2030 1079 2087 Gallias
1093 2038 1247 2095 cenetam,
1272 2048 1358 2107 qnae
1375 2043 1497 2107 putam

212 2120 266 2175 hoc
282 2118 448 2173 rationabili
461 2117 623 2172 adsertione
637 2117 769 2184 suadere,
786 2116 864 2188 qarod
875 2116 1000 2171 hainone
1010 2119 1112 2189 peneri
1122 2124 1282 2187 parentes,
1300 2124 1336 2175 ut
1351 2134 1398 2176 ear
1411 2128 1496 2175 aaa·

212 2206 282 2259 rioti
292 2202 380 2274 faece
395 2218 535 2273 corpora,
557 2204 596 2256 ita
613 2205 698 2256 etiam
718 2203 813 2256 vitatis
827 2203 942 2256 arrianae
963 2203 1093 2273 spiritam
1115 2201 1261 2258 tribuant.
1293 2200 1347 2259 Cui
1370 2204 1495 2279 longiore

211 2288 374 2344 refutatione
390 2285 511 2360 pontifex
528 2284 668 2360 respondit
681 2285 704 2341 X
719 2283 777 2340 liat.
794 2286 867 2358 Sept.
885 2301 908 2340 a.
925 2284 997 2342 498.
1028 2283 1115 2353 Quare
1134 2284 1181 2341 iiia
1201 2285 1311 2344 relatio
1332 2298 1404 2345 ante
1425 2306 1494 2347 men·

211 2389 268 2428 sem
283 2372 383 2427 iuliani
398 2369 517 2453 ejusdem
533 2372 595 2427 anni
610 2371 689 2426 missa
704 2386 764 2426 esse
779 2369 894 2425 violetur.

812 2497 870 2562 IV.

211 2612 298 2684 (anno
314 2608 397 2682 497.)
426 2610 575 2666 Anastasii
586 2627 642 2682 pro
658 2611 738 2665 Aeito
761 2608 914 2665 Viennensi
921 2610 1113 2682 priaiicpiurn.

296 2713 426 2769 hnastasii
441 2728 523 2785 papae
538 2713 668 2785 scripturn
684 2719 812 2766 memorat
833 2709 891 2781 ejus
912 2727 1054 2766 successor
1068 2709 1249 2783 Symmachus
1267 2711 1302 2767 ab
1320 2714 1407 2770 hetto
1418 2713 1492 2771 Vten-

212 2800 288 2855 nensi
303 2799 430 2872 episcopo
446 2796 612 2870 subreptum.
635 2812 690 2869 quo
705 2795 751 2851 ille
766 2811 833 2869 papa
848 2804 942 2851 contra
957 2795 1129 2851 decessorum
1150 2812 1271 2853 suorum
1288 2797 1490 2857 ordinationem

212 2883 339 2958 quaedam
355 2883 521 2938 concessisse
536 2881 642 2944 (licitur,
659 2897 727 2955 quae
742 2896 837 2936 novam
852 2881 879 2935 in
894 2881 1044 2954 provincias
1059 2896 1148 2935 rerum
1159 2880 1367 2940 confusionem
1382 2884 1490 2941 indute·

211 2978 284 3025 runt.
315 2967 382 3023 Huic
402 2968 504 3041 scripto
525 2967 679 3022 intercessit
694 2966 857 3021 Arelatensis
878 2966 1000 3021 antistes.
1038 2963 1090 3020 Sed
1111 2962 1186 3021 brevi
1208 2967 1411 3026 interveniens
1426 2974 1490 3025 nn

210 3055 284 3110 stasii
301 3070 372 3109 mors
388 3069 449 3108 erim
465 3051 533 3125 apud
549 3066 734 3107 successorem
754 3050 826 3106 iliius
842 3050 1028 3123 Syramachum
1048 3066 1153 3106 causam
1174 3067 1256 3108 suam
1278 3052 1381 3111 dicere
1401 3071 1431 3110 ac
1447 3054 1488 3125 jn

210 3156 289 3195 suum
306 3140 376 3195 tueri
390 3139 481 3211 coegit
501 3136 584 3209 (coni.
602 3136 751 3210 Symmachi
766 3136 845 3209 epist.
863 3134 891 3197 2,
907 3134 926 3191 3
942 3142 969 3190 ct
984 3133 1024 3207 4).

826 3261 866 3327 V.

210 3379 298 3451 (anno
313 3372 396 3452 tet.)
439 3376 603 3432 Macedonii
622 3376 751 3446 episcopi
770 3373 1078 3444 Corrstontinopoiitani
1096 3373 1135 3429 ad
1153 3371 1357 3433 Anastasianas
1376 3380 1489 3434 litterar

363 3463 517 3536 synodicae
532 3463 668 3517 decretae
683 3462 805 3515 sednon
820 3462 933 3514 missae.

295 3564 446 3620 Tacendum
462 3564 574 3618 hicnon
590 3562 703 3623 videtur.
725 3561 797 3634 quod
813 3559 972 3616 Theodorus
994 3559 1081 3615 lector
1095 3558 1113 3615 1.
1130 3558 1151 3614 ΙΙ
1171 3558 1231 3631 (ed.
1249 3561 1347 3619 Vries.
1365 3581 1394 3639 p.
1411 3564 1487 3621 aab:

210 3651 386 3724 Theophanes
408 3648 461 3720 (ed.
478 3648 562 3704 bona.
580 3664 642 3721 prag.
656 3645 736 3718 220),
759 3645 925 3719 Nicephorus
941 3643 1044 3700 Kallisti
1059 3643 1122 3707 ivi,
1134 3644 1174 3701 35
1197 3645 1307 3721 aliique
1330 3659 1488 3709 memorant.

210 3753 306 3809 nempe
322 3734 504 3790 Macedonium
520 3734 609 3807 regiae
625 3731 697 3787 urbis
713 3732 869 3805 episcopum
889 3729 920 3784 ad
937 3729 1105 3785 Artastasium
1120 3728 1263 3787 Romanae
1285 3734 1411 3791 civitatis
1425 3736 1489 3789 οιιιί-

210 3822 301 3876 etitem
316 3818 456 3893 syirodicas
477 3818 580 3873 litteras
603 3833 652 3891 per
667 3815 776 3870 Festum
792 3815 932 3889 patricium
947 3813 1108 3870 Theoderici
1128 3815 1203 3888 regis
1226 3814 1361 3891 legatum
1386 3820 1489 3875 mittere

209 3905 369 3967 decrevisse,
385 3903 432 3959 sed
449 3919 482 3959 ne
497 3902 523 3958 id
540 3901 639 3957 iaceret
654 3900 686 3956 ab
701 3902 863 3975 imperatore
879 3898 962 3955 tuisse
977 3897 1151 3973 prohibitum.

494 4133 648 4199 Decreta
670 4027 866 4198 Anastasib·
880 4129 971 4195 talso
992 4127 1188 4231 ausempts.

209 4347 344 4423 prioribus
360 4346 535 4402 corinthiorum
551 4344 713 4402 editionibus
726 4345 859 4399 anastasii
874 4341 894 4398 ll
910 4341 1006 4398 litteris
1022 4343 1074 4398 hoe
1087 4340 1232 4398 decretum
1247 4344 1407 4418 subjicitur
1420 4347 1491 4405 niu

209 4433 289 4504 hujus
305 4450 387 4507 papae
403 4431 510 4487 nornine
531 4432 686 4486 atiratinno
703 4430 877 4503 descriptum.
922 4427 974 4483 Sed
995 4442 1069 4483 mero
1090 4424 1193 4483 librarii
1214 4444 1321 4488 errore
1343 4432 1372 4489 id
1393 4432 1491 4491 iant·

209 4528 285 4593 puto,
302 4534 384 4592 quum
400 4532 491 4571 revera
507 4515 646 4571 Gratianus
670 4515 688 4570 Ι.
702 4532 725 4570 o.
745 4530 795 4601 pro
817 4513 893 4569 sonte
913 4529 964 4569 suo
980 4512 1140 4569 Chronieon
1155 4514 1324 4573 Anastasii
1344 4518 1491 4577 bibliothe-

228 4608 286 4659 rrii
300 4603 398 4659 inridet.

210 4621 245 4660 m
294 4687 321 4742 2.
355 4688 410 4755 Qui
420 4693 514 4758 potest
530 4687 645 4742 oboiare
661 4692 688 4741 et
699 4686 878 4757 pertnrbare
890 4697 1060 4755 perversos,
1081 4686 1109 4738 et
1123 4698 1181 4737 non
1195 4682 1299 4757 facit,
1322 4689 1400 4747 minii
1414 4688 1493 4747 alind

209 4781 259 4843 est,
280 4792 365 4846 peccem
377 4771 482 4843 faetere
497 4787 594 4827 eornm
610 4774 756 4842 impietati.
787 4771 848 4827 Nec
868 4773 940 4825 enirn
956 4775 1039 4825 caret
1058 4770 1201 4839 scrnpuio
1217 4774 1380 4833 societatis
1394 4776 1491 4833 ocd-

210 4865 265 4933 toc‚
282 4864 332 4933 ptri
345 4857 498 4930 rrrrrnifcsto
510 4856 642 4929 sacirrori
655 4859 755 4912 desinit
771 4858 896 4913 obviare.
927 4854 999 4909 (irat.
1016 4872 1040 4909 e.
1056 4853 1076 4911 8
1090 4851 1121 4909 C.
1135 4850 1219 4909 ΧΧΙΙΙ
1234 4872 1289 4933 qu.
1308 4858 1342 4917 3.
