3412 5664
652 367 848 422 amasonia
871 354 921 420 29.
945 357 997 419 30.
1397 350 1459 420 803

200 524 279 614 quod
299 528 503 613 exspectatur
524 547 658 591 examen
680 527 855 611 advenerit,
879 526 982 612 qualis
1004 523 1156 610 apostolis
1178 523 1328 610 creditus,
1355 525 1459 611 qualis
1470 549 1496 586 a.
1507 536 1564 589 517.

199 629 373 716 diqnorum
393 629 591 695 tentantium
613 628 813 694 dubitatione
835 630 1025 714 compertus,
1049 627 1152 713 qualis
1167 628 1284 714 angelo
1298 649 1459 713 praenun-

196 731 299 797 tiante
319 732 509 817 promissus:
541 734 650 796 utrum
677 730 809 795 abillis
835 730 949 795 melius
971 730 1014 795 sit
1036 729 1145 816 argui,
1181 753 1224 796 an
1252 750 1325 795 oum
1353 751 1461 795 eorum

197 832 325 900 coborta
347 833 517 919 conjungi3
538 837 646 898 uti-um
666 833 765 897 talem
787 832 890 917 qualis
911 832 1082 916 videbitur,
1105 834 1162 898 aut
1176 831 1279 916 qualis
1297 831 1339 896 ab
1354 830 1469 916 impiis.

195 937 349 1022 negatur,
384 936 557 1000 Dominum
586 934 741 1000 confiteri.
785 933 842 999 Nil
863 957 918 999 vos
940 933 1084 999 retrahat
1112 933 1272 999 asalute:
1300 933 1461 999 velocibus

195 1037 236 1102 ed
257 1037 345 1103 viam
365 1037 466 1103 redite
488 1038 643 1123 vestigiis.
698 1037 821 1122 Lapsus
843 1040 989 1102 ruentem
1010 1057 1076 1102 non
1098 1038 1229 1122 gravat,
1253 1036 1280 1100 si
1301 1038 1459 1122 resurgat.

195 1139 303 1226 larga
325 1143 374 1205 eet
395 1139 582 1205 dominicae
595 1138 743 1204 doctrina
765 1139 963 1223 clementiae,
987 1139 1084 1204 noxia
1098 1141 1175 1203 sunt
1189 1138 1305 1204 erroris
1319 1138 1459 1220 vincula,

194 1241 273 1307 dum
293 1241 446 1308 retinent.
484 1242 563 1308 Odit
580 1241 708 1325 justitia
729 1242 921 1327 pertinaces,
949 1241 1039 1307 fovet
1060 1241 1231 1307 clementia
1253 1241 1459 1326 corrigentes.

195 1341 282 1408 Data
302 1342 353 1408 III
374 1342 485 1410 Nonas
507 1344 640 1430 Aprilis,
663 1345 808 1430 Agapito
829 1345 898 1409 viro
921 1343 1098 1409 clarissimo
1120 1343 1258 1409 consule.

695 1531 877 1636 Epistola
903 1531 963 1616 30.

301 1682 513 1754 Hormisdae
534 1700 645 1771 papae
667 1684 712 1751 ad
734 1684 915 1770 episcopos
937 1683 1098 1754 Orientis
1119 1682 1350 1752 orthodoxos.
1397 1783 1403 1794 ι
1470 1671 1601 1817 §affl

232 1825 266 1877 vt
281 1827 398 1892 maenaa
414 1834 521 1878 aerem
538 1829 663 1878 intuentes
681 1827 790 1877 emersa
805 1826 913 1890 sortiter
926 1827 1065 1892 perferant
1076 1834 1102 1878 et
1113 1833 1261 1879 comantes·
1268 1828 1333 1891 fidei
1343 1842 1428 1878 exem·

228 1913 276 1977 pla
293 1913 351 1961 aliia
365 1910 493 1977 praetere
511 1926 542 1962 aa
559 1913 684 1972 omdtanl,
702 1911 820 1962 hortatur
833 1911 868 1976 (a.
879 1909 965 1977 1-3).
1000 1910 1116 1976 sapam
1133 1928 1180 1963 nec
1196 1913 1365 1964 sollieitudine
1383 1927 1429 1963 nec

229 1995 462 2056 morereretur,
490 2005 515 2047 et
532 2013 597 2047 nunc
613 1998 726 2062 repetita
743 1997 796 2047 cire
813 1996 956 2047 Ennodr'um
973 2003 1000 2046 et
1016 1997 1181 2063 Perepn‘mm
1198 1999 1225 2048 in
1244 1996 1369 2048 Orientem
1386 1998 1429 2048 aa·

690 2082 754 2132 arbae
772 2083 871 2131 cantat
888 2078 923 2145 (a.
936 2079 972 2146 4).

349 2211 560 2281 Hormisda
582 2215 782 2300 episcopis
804 2214 1048 2307 orthodoxis.

286 2336 316 2399 l.
352 2333 415 2400 Est
439 2335 566 2421 quidem
592 2335 733 2401 fidelium
760 2334 898 2419 speciale
927 2335 1076 2400 solatium
1101 2334 1204 2420 Deus,
1237 2358 1463 2424 necunquam

196 2436 284 2503 inter
303 2436 467 2521 quaelibet
488 2438 567 2502 dura
589 2437 752 2521 deficiunt,
776 2437 831 2523 qui
852 2459 886 2503 se
908 2438 950 2502 ad
964 2459 1037 2503 eum
1053 2441 1122 2502 toto
1135 2437 1254 2504 mentis
1269 2440 1374 2506 studio
1389 2462 1462 2506 con·

195 2537 352 2604 tulerunt.
385 2537 615 2605 Verumtamen
637 2539 698 2604 boe
720 2542 828 2605 votum
849 2541 1012 2625 proposito
1033 2543 1139 2605 vestro
1154 2540 1268 2606 debere
1281 2563 1333 2607 me
1347 2543 1462 2630 fateor,

195 2646 234 2706 ut
254 2641 341 2706 aaut
361 2642 485 2707 exsulto
507 2643 545 2708 de
568 2642 753 2707 sinceritate
775 2641 849 2706 fidei
870 2645 1005 2726 vernae,
1037 2642 1085 2708 ita
1106 2642 1145 2706 de
1166 2642 1318 2709 firmitate
1339 2667 1463 2711 merear

195 2741 338 2828 gaudere
353 2744 564 2811 constantiae.
599 2743 693 2810 Unde
708 2747 741 2809 et
756 2743 910 2829 adspectu
931 2744 1083 2809 interiore
1106 2767 1161 2810 voe
1182 2745 1324 2830 intuens,
1349 2747 1389 2812 ad
1411 2747 1463 2813 de-

196 2844 350 2911 siderium
372 2845 571 2931 colloquendi
591 2846 755 2912 vobiscum
775 2850 941 2931 promptus
969 2867 1119 2931 assurgo,
1146 2849 1183 2911 ut
1205 2851 1239 2912 et
1260 2847 1464 2914 dilectionem

197 2946 285 3013 eirca
305 2947 409 3012 Deum
430 2951 570 3013 vestrm
590 2947 746 3014 litterario
769 2969 914 3014 sermone
935 2969 1129 3032 remunerer,
1153 2952 1186 3014 et
1207 2970 1297 3034 spem
1317 2951 1463 3036 paginali

197 3047 422 3115 adhortatione
445 3050 646 3135 confirmem,
680 3053 775 3135 atque
804 3050 850 3115 ita
877 3049 945 3134 his,
983 3072 1055 3116 cum
1076 3049 1190 3135 quibus
1217 3051 1297 3117 mihi
1318 3055 1368 3117 est
1390 3074 1463 3119 con-

197 3150 334 3217 sortium
355 3155 486 3217 sanctae
510 3153 757 3235 communionis,
782 3153 961 3237 jucundum
983 3151 1114 3217 reddam
1140 3152 1361 3219 testimonium
1384 3156 1463 3220 cari-

197 3253 287 3319 tatis.
331 3251 406 3318 Non
428 3255 514 3319 enim
542 3254 662 3320 sufficit
688 3254 795 3320 animo
823 3274 893 3319 meo
920 3255 959 3318 de
986 3254 1076 3320 vobis
1103 3276 1172 3319 esse
1200 3276 1361 3341 securum,
1398 3256 1462 3321 nisi

197 3354 367 3421 ostendero
392 3354 483 3421 illum
505 3378 644 3442 quoque,
673 3378 735 3442 quo
763 3378 818 3422 vos
847 3356 1056 3440 complector,
1090 3356 1250 3423 affectum.
1300 3357 1463 3443 Siquidem

198 3456 343 3523 declarat
365 3479 398 3522 se
420 3480 486 3524 non
508 3480 547 3524 ex
565 3458 686 3542 judicio
707 3459 811 3525 odisse
833 3456 928 3522 aDei
950 3457 1121 3524 dilectione
1135 3459 1262 3542 divisos,
1286 3459 1341 3545 qui
1357 3462 1465 3544 potest

197 3580 265 3623 non
287 3580 395 3623 amare
417 3559 618 3644 conjunctos.

282 3660 314 3726 2.
350 3659 510 3726 Benedico
531 3661 633 3747 igitur
647 3660 760 3746 Deum,
784 3661 859 3727 dum
879 3662 1037 3729 fervorem
1058 3664 1132 3730 fidei
1154 3667 1278 3728 vestrae
1292 3664 1378 3730 inter
1392 3686 1463 3750 pro

198 3761 296 3828 cellas
318 3763 422 3828 varias
445 3767 479 3829 et
491 3766 719 3849 tempestatum
734 3763 867 3829 adversa
882 3765 1056 3830 conmdero.
1079 3765 1146 3830 Vos
1161 3787 1295 3851 quoquc,
1318 3770 1355 3831 ut
1368 3788 1464 3851 super

197 3863 249 3930 his
271 3864 425 3949 pietatem
448 3865 515 3949 ejus
537 3864 733 3951 glorificetis,
761 3865 906 3932 uberiore
928 3867 1142 3933 exsultatione
1163 3867 1297 3952 suadeo;
1324 3868 1379 3955 qui
1402 3869 1463 3934 ele·

198 3972 324 4032 ctorum
345 3988 473 4032 suorum
493 3972 618 4032 mentes
633 3989 695 4054 quo
710 3967 905 4053 acceptiores
919 3969 981 4033 sibi
996 3969 1119 4054 reddat,
1143 3970 1317 4054 examinat,
1340 3973 1373 4035 et
1387 3969 1464 4035 licet

198 4068 347 4155 cognitos
369 4069 447 4152 sibi,
475 4068 663 4154 quibusdam
684 4073 793 4135 tamen
815 4068 1058 4136 difficultatibus
1085 4072 1217 4156 probat,
1248 4075 1285 4136 ut
1302 4072 1463 4157 justitiam

196 4191 324 4257 quoque
344 4171 449 4236 inesse
471 4171 554 4236 dono
576 4171 659 4257 quod
680 4170 818 4256 largitur
839 4171 997 4238 ostendat.
1033 4173 1141 4259 Atque
1162 4173 1233 4238 ideo
1255 4173 1464 4258 pertinaciter

197 4272 285 4337 bono
307 4294 362 4338 vos
390 4274 540 4339 convenit
565 4274 732 4339 imminere
760 4274 938 4358 proposito,
972 4275 1094 4341 necin
1120 4274 1173 4340 via
1200 4297 1282 4361 quae
1308 4272 1396 4340 ducit
1424 4274 1465 4338 ad

197 4374 281 4442 coeli
308 4397 409 4460 regna
436 4376 582 4442 deficere.
641 4373 702 4452 Qui
730 4375 873 4441 intuetur
900 4376 1086 4465 dominici¹)
1115 4399 1248 4443 munera
1275 4397 1341 4442 non
1370 4375 1464 4442 aesti-

195 4477 320 4544 manda
339 4478 502 4562 promissi,
525 4477 644 4543 nullius
666 4480 774 4563 potest
788 4482 968 4563 respectum
982 4478 1100 4544 habere
1115 4479 1259 4564 periculi.
1288 4477 1364 4543 Non
1378 4478 1465 4542 enim

194 4579 326 4666 frangit
348 4580 558 4646 consideratio
579 4581 797 4665 praesentium
818 4581 989 4665 malorum,
1023 4581 1087 4646 nisi
1107 4581 1288 4646 futurorum
1309 4579 1466 4644 bonorum

194 4844 232 4896 ³⁰
270 4837 290 4907 ¹)
308 4831 359 4891 lid.
378 4843 513 4902 dommine,
537 4835 572 4893 (³¹
595 4835 681 4909 darei,
710 4835 783 4895 unde
809 4835 1010 4895 restituendam
1038 4835 1165 4893 duximus
1187 4840 1317 4895 romald.
1357 4833 1465 4891 Deinde

194 4926 215 4979 b
229 4940 269 4979 cc
286 4928 444 4978 reclinanda
458 4929 593 4994 promisca.

1197 5009 1263 5075 51*
