3450 5678
538 328 733 379 nemronan
758 320 806 376 17.
833 320 882 377 18.

580 482 763 587 Epistola
790 483 843 566 18.

232 655 446 724 Hormisdao
470 672 579 739 papae
602 654 645 720 ad
667 653 842 735 synodum
864 653 970 736 Epiri
992 628 1140 720 veteris.
1361 654 1485 710 aanor.

10 798 70 848 104.
115 799 255 862 Episcopia
269 798 346 861 Epiri
361 798 455 847 veterio
473 797 505 847 de
522 811 608 846 earnem
625 796 662 845 ad
669 794 803 845 Ecclesiae
821 794 941 843 unitatem
958 795 1043 844 reditu
1057 795 1212 857 protelatur,
1231 800 1315 844 arten·
1364 723 1472 778 lthov.

113 886 200 950 ditqae
216 886 360 948 permutent
377 882 561 933 haeretieorum
578 882 762 930 damnationem
786 896 837 945 pro
860 880 982 943 temporie
1002 878 1102 928 ratione
1120 894 1170 929 non
1187 878 1314 943 ausfidera

476 967 526 1017 nisi
542 967 617 1017 etiam
635 966 779 1016 nominatim
797 966 955 1018 damnentur.

213 1099 446 1165 .Hormisda
482 1098 629 1183 synodo
659 1097 779 1182 Epiri
815 1097 976 1162 veteris.
1035 1096 1140 1182 Per³)
1170 1100 1349 1162 Rufinum

326 1207 539 1268 diaconum.

168 1324 196 1386 1.
234 1322 429 1387 Benedictus
451 1320 538 1385 Deus
560 1319 724 1385 Ecclesiae
746 1341 822 1384 suae
844 1320 988 1384 membra
1010 1319 1213 1384 consocians!
1247 1317 1345 1384 Bene·

80 1425 147 1490 diet
133 1429 185 1490 tus
209 1424 310 1506 Deus,
345 1424 399 1508 qui
427 1423 570 1508 maligno
599 1422 778 1507 instigante
800 1421 917 1486 divisos
946 1422 1005 1485 sub
1027 1421 1154 1504 eadem,
1189 1444 1252 1507 qua
1274 1422 1350 1486 olim

79 1529 228 1610 fuerunt,
264 1526 344 1590 facit
366 1525 527 1589 soliditate
551 1526 754 1608 conjunctos!
799 1523 871 1587 Etsi
899 1523 985 1587 enim
1013 1523 1066 1586 diu
1093 1523 1230 1607 perdicis
1257 1524 1350 1588 modo

80 1627 301 1694 vociferavit'
292 1628 457 1710 mimicus,
487 1629 519 1692 et
546 1648 615 1709 eos,
646 1648 724 1710 quos
746 1648 812 1690 non
841 1626 969 1711 genuit,
1002 1625 1085 1690 sicut
1113 1627 1249 1690 asseruit
1278 1648 1348 1711 pro·
1360 1597 1462 1746 ιιῗῇῗ

80 1730 195 1815 pheta,
220 1729 365 1814 collegit,
389 1733 500 1794 tamen
523 1728 582 1791 ιιι)2
584 1731 596 1815 )
619 1727 711 1792 his
686 1750 755 1791 sine
771 1728 948 1813 ambiguita
929 1731 982 1792 ate
997 1726 1154 1792 desolabit
1139 1731 1202 1792 t.ur
1238 1722 1410 1813 Neque’

81 1834 167 1897 enim
189 1826 263 1896 oves
285 1831 464 1896 dominicae
487 1834 664 1915 sequuntur
686 1829 836 1912 alienum,
860 1833 918 1894 aut
940 1829 1070 1894 alterius
1086 1851 1195 1894 vocem
1212 1831 1351 1914 pastoris

81 1933 266 1999 exaudiunt.
309 1933 403 1998 Unde
426 1955 485 1998 neo
508 1955 564 1997 vos
592 1932 632 1996 ad
660 1933 772 1996 salutis
802 1932 865 1997 iter
892 1932 1023 1996 rediisse
1050 1931 1219 2015 miramur,
1253 1954 1351 2017 quum

80 2037 267 2101 tarditatem
289 2035 393 2120 magis
415 2035 450 2098 in
472 2034 533 2100 hae
555 2034 829 2119 redintegratione
852 2034 1025 2119 culpemus

165 2138 196 2202 2.
234 2136 403 2221 Debemus
429 2137 585 2201 carissimi
606 2137 734 2220 fratres,
764 2137 946 2201 domesticis
968 2137 1051 2223 utu)
1074 2136 1114 2202 ad
1136 2136 1231 2220 hanc,
1255 2160 1351 2223 quam

81 2240 274 2325 quaerimus,
298 2240 510 2303 stabilitatem
533 2239 741 2303 documentis.
780 2237 945 2323 Siquidem
959 2241 1038 2326 tunc
1053 2239 1239 2304 Timotheus
1255 2239 1351 2305 (iher-

81 2342 236 2424 sonensis,
260 2341 369 2426 gravis
393 2363 490 2424 quum
513 2342 695 2426 disceret),
726 2342 856 2425 gravior
879 2362 974 2424 quum
997 2340 1135 2425 doceret,
1165 2342 1255 2425 (nam
1277 2341 1352 2406 Dio-

81 2445 164 2509 scuri
186 2446 335 2526 sectator,
361 2447 394 2507 et
414 2443 499 2506 idem
514 2442 602 2507 Petri
625 2441 835 2507 nihilominus
849 2442 1042 2528 institutor)
1067 2444 1216 2508 adversus
1238 2445 1352 2508 beatae

80 2545 311 2611 recordationis
346 2544 527 2608 Proterinm
560 2544 727 2608 saevitiam
736 2544 761 2630 ὁ)
795 2566 870 2607 suae
903 2545 1094 2610 tcmeritatis
1127 2546 1282 2629 exseruit,
1320 2549 1353 2610 et

82 2648 180 2713 totius
202 2647 299 2711 finem
322 2646 520 2711 crudelitatis
536 2645 686 2729 excessit,
710 2646 853 2731 religiosi
868 2646 929 2710 viri
945 2646 1074 2711 caedem
1095 2647 1180 2711 inter
1194 2647 1265 2731 ipsa
1280 2669 1351 2732 ope·

81 2754 171 2815 ratus
194 2749 324 2832 altaria,
356 2749 409 2812 vix
431 2748 578 2812 faucibus
601 2748 666 2812 suis
695 2749 735 2812 ab
757 2748 812 2812 illo
835 2749 888 2832 pio
911 2770 1020 2812 cruore
1043 2749 1215 2833 suspensis.
1260 2750 1353 2813 Tunc

81 2853 222 2918 excitata
203 2852 255 2937 ai)
278 2851 468 2915 universalis
484 2850 686 2915 Ecclesiam
709 2850 817 2914 odium
838 2850 1029 2935 parricidae,
1054 2851 1235 2915 ιιιιοιοιιιιιι7
1239 2854 1250 2933 )
1273 2851 1352 2915 faci-

81 2955 168 3020 noris
191 2954 277 3019 tanti
297 2975 364 3017 non
386 2953 489 3016 solum
513 2952 775 3017 communione*
776 2974 924 3035 ‚verum
953 2953 1050 3017 etiam
1077 2951 1199 3038 ipsacss)
1228 2943 1486 3081 qu⁰q⁰⁰ipiliiiit

82 3111 386 3121 ——--.—-—-.--.

84 3199 114 3247 18
150 3195 170 3260 ¹)
188 3191 284 3246 Verba
305 3196 358 3244 Per
377 3195 490 3259 Rufinum
512 3195 643 3244 diaconam
667 3207 700 3244 ax
722 3191 849 3259 generali
872 3189 1052 3260 epistolarum
1073 3190 1177 3257 indico,
1201 3190 1247 3258 qui
1270 3190 1299 3244 in
1318 3190 1351 3243 G¹

81 3276 146 3348 ipsis
159 3276 283 3346 epistolis
299 3278 421 3346 praenut
400 3277 503 3341 ιιιιιιι,
522 3293 691 3330 revocamus
721 3276 793 3330 Hinc
803 3277 983 3331 confirmatur
995 3275 1156 3344 conjectura
1169 3276 1278 3342 nostra,
1298 3293 1353 3344 qua

81 3362 254 3434 superiorem
271 3361 417 3431 epistolam
437 3367 468 3414 17
486 3378 542 3414 non
561 3364 651 3414 XVII
666 3361 715 3415 sed
735 3365 812 3415 ΧΙΙΙ
825 3366 879 3415 Cat.
898 3360 1117 3430 consignandum
1135 3360 1351 3415 observavimus.

148 3446 294 3515 ²)1tao1.
331 3445 552 3513 Editintpsoiaa.

148 3536 170 3599 ³)
189 3532 222 3586 (ι’
237 3534 264 3585 ³0¹
283 3543 311 3584 nt
328 3535 375 3583 trac
394 3551 466 3598 qnam
485 3538 627 3599 patuerimus
645 3536 794 3589 stabilitate.

149 3620 171 3685 4)
190 3617 226 3671 Et
242 3616 288 3671 hic
306 3615 464 3670 emendatio
482 3615 588 3684 placuit
599 3616 725 3684 Baronii,
744 3634 829 3686 quum
840 3616 918 3687 prius
931 3616 1072 3671 obtineret
1083 3621 1257 3671 descenderet.
1288 3615 1354 3670 Pos-

80 3707 125 3760 set
137 3704 167 3759 et
177 3701 235 3771 legi
252 3721 347 3770 prauus
360 3720 432 3770 quma
442 3706 564 3762 disceret,
582 3702 636 3755 hoe
654 3702 703 3768 est,
722 3719 808 3771 quum
819 3701 946 3757 Dioscori
964 3700 1113 3771 discipulus
1125 3700 1283 3755 Proterium
1296 3700 1353 3771 epi·

77 3806 196 3860 scopum
213 3805 293 3841 sunm
310 3785 463 3850 interiecit,
486 3791 592 3853 pravior
614 3808 685 3856 qnmn
703 3793 820 3848 doceret,
843 3787 896 3840 hoa
919 3787 974 3851 ost,
997 3805 1083 3855 quum
1101 3785 1247 3857 episcopus
1264 3787 1353 3840 factrus

77 3874 172 3938 Petri,
190 3872 238 3941 qui
255 3870 308 3941 ipsi
326 3870 468 3935 successit,
487 3870 630 3926 institutor
647 3888 680 3926 aa
692 3871 826 3940 magister
839 3870 934 3926 evasit.
971 3871 1014 3924 Ab
1032 3871 1181 3925 Hormisda
1199 3871 1292 3925 autem
1311 3875 1354 3924 Τι’-

74 3965 192 4014 matteas
218 3956 282 4012 ideo
304 3961 487 4010 Chersonensus
513 3958 688 4026 nuncupatus
713 3956 835 4023 videtur,
864 3955 931 4025 quia
955 3955 984 4008 in
1013 3954 1132 4025 epistola
1155 3963 1171 4010 8
1198 3955 1292 4010 Aeacii
1317 3956 1354 4011 ad

75 4043 256 4114 Simplicium
270 4061 296 4095 n.
311 4049 325 4094 ‘t
343 4041 456 4109 legerit,
479 4045 630 4095 Timotheum
648 4047 679 4095 rte
698 4046 826 4095 Chersone
845 4044 903 4109 (seu
923 4044 1044 4108 Ceraone)
1063 4047 1204 4121 spirantem
1225 4049 1354 4109 proeellas

72 4131 156 4185 vitae
174 4129 312 4182 humanae
331 4125 512 4180 subtractum.
547 4125 652 4179 Vermn
671 4126 711 4179 ibi
729 4126 892 4180 Timotheus
910 4143 965 4179 non
984 4124 1018 4179 de
1037 4125 1176 4180 Chersone
1196 4127 1286 4192 ortus,
1305 4126 1353 4180 sed

72 4217 116 4272 de
134 4215 287 4278 Chersone,
306 4211 355 4265 ubi
373 4210 448 4264 exsul
466 4210 602 4279 degebat,
620 4211 730 4280 spirans
748 4210 885 4278 procellas
903 4211 1081 4265 memoratur.

149 4301 170 4367 ⁵)
189 4299 208 4352 b
226 4302 355 4353 scientiam
367 4317 430 4350 arrae
443 4303 592 4350 temeritatis
604 4304 733 4356 exercuit,
753 4297 890 4364 corrupte.
920 4294 986 4348 Mox
1000 4302 1076 4362 fidem
1093 4296 1250 4361 mallemus,
1269 4312 1353 4363 quam

63 4394 162 4449 finem
182 4383 261 4452 qnasi
279 4382 396 4435 diceret:
415 4393 440 4434 et
458 4387 640 4443 arridetitatern
659 4401 724 4449 pirae
742 4401 835 4434 omnen
849 4386 926 4447 fidem
944 4387 1063 4436 eaeedat.
1100 4379 1191 4445 Quam
1203 4380 1355 4434 crudeliter

67 4467 225 4525 Proterias
247 4468 361 4522 necatus
384 4470 412 4520 et
434 4468 499 4535 post
520 4467 639 4521 mortem
661 4466 798 4520 tractatus
820 4481 838 4518 a
859 4464 1008 4521 Timotheo
1036 4466 1135 4532 fuerit,
1158 4465 1219 4534 jam
1242 4465 1353 4534 saepius

71 4553 248 4610 audivimus.

149 4644 171 4708 ὃ)
189 4637 328 4692 Videlicet
344 4636 444 4692 Leonis
462 4636 581 4704 Augusti
598 4635 699 4690 litteris
718 4653 769 4706 per
787 4635 929 4690 universas
945 4634 1103 4706 provincias
1122 4635 1277 4690 destinatis.

150 4729 171 4792 ⁷)
191 4725 209 4778 b
228 4729 366 4778 ductorem.

151 4812 171 4877 ⁸)
190 4809 234 4862 lta
252 4808 285 4862 G¹
300 4811 336 4861 al.
369 4806 527 4861 itesaroitur
539 4824 646 4873 sensus,
665 4806 689 4859 si
701 4807 786 4861 antea
797 4815 964 4861 comminatore
976 4812 1095 4875 spatiavit
1112 4806 1230 4874 legatur.
1259 4807 1351 4861 Coust.

71 4893 266 4965 supplendum
293 4892 392 4947 suadet
413 4898 471 4962 ipsa
496 4913 593 4963 qaroqne
617 4896 764 4948 Christiana
787 4898 958 4962 appellatione
984 4899 1101 4961 priuauit.
1147 4897 1221 4946 Adeo
1248 4897 1354 4951 omniurn
