3450 5678
193 304 255 368 812
631 320 658 367 s.
674 317 880 367 uounrsnaa
903 316 1018 364 rurus

87 498 111 537 a.
122 486 180 535 571.
194 472 352 537 docuisti?
388 471 436 536 Tu
459 471 599 562 ostendis
622 472 712 536 illum
731 493 800 535 esse
822 471 1011 553 maximum,
1040 471 1095 555 qui
1123 470 1273 535 exhibere
1302 471 1475 537 studuerit

40 550 227 672 Pfffffl‘se
250 574 411 658 pusillum.
452 580 580 654 Respice
601 581 639 638 de
659 582 751 652 coelo,
776 579 859 639 vide:
882 581 969 639 visita
993 580 1111 638 vineam
1138 585 1167 637 tc
1194 580 1311 638 cultore
1336 579 1473 653 planto·

79 686 179 740 Matth.
193 690 272 742 tam:
294 677 426 743 intende
449 677 533 742 circa
555 676 708 741 mandata
728 679 785 741 tua
807 676 956 741 minimos
964 675 1003 761 ²),
1026 678 1059 740 et
1081 675 1166 740 circa
1184 675 1343 740 ambitum
1366 674 1472 741 hono·

99 760 168 820 ⁵³⁹·
194 781 237 845 ris
259 780 375 844 elatos!

277 883 305 947 3.
339 882 402 948 Cur
423 883 565 946 recentia
587 882 714 965 cupitis,
738 885 770 945 et
792 883 897 965 prisca
919 881 1075 963 deseritis,
1100 881 1184 945 circa
1198 902 1322 945 summa
1339 881 1472 945 desides

194 988 226 1049 et
247 1006 346 1068 parva
369 984 541 1071 curantes?
585 984 701 1049 Nonne
727 983 788 1048 hoc
816 987 865 1049 est
885 1006 991 1049 rerum
1013 982 1089 1046 vilia
1111 982 1284 1066 decimare,
1317 987 1353 1048 et
1382 983 1471 1068 legis

192 1090 364 1171 praecepta
387 1086 614 1151 contemnere?
647 1085 811 1170 servata)
827 1086 899 1168 illa,
923 1107 1004 1169 quae
1019 1085 1087 1149 Deo
1104 1089 1294 1171 congruunt,
1318 1090 1354 1150 et
1368 1085 1471 1152 facile

194 1210 230 1252 ea
252 1211 333 1272 quac
356 1192 432 1252 sunt
454 1189 494 1252 ab
517 1188 697 1252 hominibus
720 1189 965 1272 subsequuntur.
1000 1186 1085 1263 Quin
1100 1190 1206 1271 potius
1223 1210 1333 1252 curam
1348 1187 1469 1252 salutis

193 1313 334 1373 assume,
364 1294 396 1355 et
419 1313 475 1354 cur
501 1294 533 1354 te
557 1290 637 1354 alius
659 1290 862 1375 praevenerit
889 1290 1096 1372 inveritate,
1127 1289 1295 1353 affectione
1318 1291 1468 1374 suspira:

193 1415 233 1457 ne
256 1393 283 1457 si
305 1394 456 1458 insectari
480 1415 532 1457 cos
554 1394 608 1476 qui
631 1393 672 1456 ad
692 1392 856 1457 Ecclesiae
878 1395 1082 1457 revertuntur
1103 1393 1247 1457 membra
1269 1393 1469 1477 perstiteriS,

193 1498 228 1558 tu
251 1518 374 1579 quoque
397 1518 468 1559 oum
491 1494 551 1577 his,
576 1519 653 1579 quos
677 1494 867 1559 nominatim
891 1495 1082 1558 condemnat
1104 1493 1263 1559 catholica
1287 1496 1468 1578 sententia,

193 1598 359 1682 copuleris
405 1597 490 1661 llata
511 1598 613 1682 pridie
636 1597 710 1661 Idus
726 1596 858 1680 Aprilis,
876 1596 1018 1681 Agrrpito
1040 1598 1107 1662 viro
1124 1597 1301 1662 clarissimo
1318 1599 1465 1663 consule.

694 1784 875 1887 Epistola
901 1784 958 1866 37.

52 1928 180 2067 &2¹13AE
376 1939 587 2006 Hormisdao
610 1956 719 2023 papae
742 1937 785 2004 ad
809 1936 1036 2003 Anastasium
1060 1935 1276 2020 Augustum.

329 2061 363 2129 Ut
380 2080 519 2130 Jolruanem
538 2081 738 2145 Nicopolitnnum
756 2096 773 2128 o
789 2081 910 2128 molestiis
926 2079 1098 2140 infestantium
1117 2085 1228 2135 tueatur,
1248 2087 1333 2142 vocat.

344 2211 555 2277 Hormisda
589 2212 808 2277 Anastasio
839 2211 1022 2296 Augusto
1058 2232 1126 2295 per
1160 2209 1391 2278 Ennodium
1427 2217 1466 2279 et

436 2314 696 2401 Peregrinum
719 2314 939 2398 episcopos.

277 2432 363 2498 Dum
385 2435 561 2518 sapientiae
576 2437 710 2517 vestrae,
735 2433 981 2498 clementissime
1003 2433 1187 2517 imperator,
1211 2433 1375 2517 profunda
1391 2455 1462 2499 oon·

193 2536 313 2619 sidero,
350 2537 553 2620 providentes
586 2535 681 2599 saluti
715 2535 862 2620 propriae
894 2535 983 2599 vobis
1015 2534 1183 2619 displicere
1214 2556 1281 2600 non
1315 2537 1458 2601 aestimo.

194 2638 304 2723 Neque
327 2639 412 2704 enim
435 2641 490 2702 aut
513 2639 620 2702 divina
642 2638 765 2702 monita
793 2641 848 2702 aut
870 2637 1009 2701 humana
1039 2637 1206 2701 continent
1227 2637 1398 2721 instituta,
1425 2642 1459 2703 ut

193 2743 247 2826 qui
270 2740 408 2805 consulit
429 2741 531 2804 bonae
550 2741 628 2825 spei,
652 2740 794 2825 qualibet
809 2739 924 2804 debeat
938 2740 1185 2823 reprehensione
1201 2739 1342 2824 culpari:
1365 2763 1456 2826 quum

193 2844 330 2908 maxime
357 2843 460 2926 pietas
490 2865 614 2927 quoque
640 2846 746 2907 vestra
776 2844 890 2906 affectu
923 2864 956 2906 se
983 2842 1117 2907 unitatis
1145 2845 1179 2906 et
1204 2842 1296 2925 pacis
1324 2843 1454 2928 flagrare

192 2947 343 3011 fateatur.
389 2944 476 3020 Quae
498 2966 548 3008 res
570 2967 620 3009 me
643 2966 766 3030 quoque
796 2944 845 3008 vel
873 2967 930 3028 pro
958 2944 1074 3009 fiducia
1097 2944 1315 3010 eonscientiae
1337 2948 1452 3009 vestrae

193 3049 244 3114 vel
266 3070 323 3132 pro
347 3046 485 3112 creditae
507 3067 630 3131 quoque
653 3047 732 3111 mihi
754 3046 1003 3130 dispensationis
1026 3047 1142 3129 officio,
1169 3051 1357 3132 emergente
1378 3067 1449 3111 con·

193 3151 277 3236 pulit
297 3171 364 3214 non
387 3149 590 3234 supersedere
613 3150 753 3234 negotio.
787 3148 953 3214 Johannes
968 3148 1070 3212 frater
1091 3152 1125 3213 et
1145 3149 1353 3234 coepiscopus
1373 3167 1447 3213 meus

193 3252 437 3337 Nicopolitanae
460 3252 601 3316 civitatis
624 3251 769 3334 antistes,
793 3251 1044 3335 praedecessoris
1059 3251 1107 3315 sni
1122 3255 1255 3316 sanetae
1270 3249 1444 3316 recordatio

194 3356 244 3418 nis
267 3354 437 3439 Alcysonis
460 3358 588 3418 secutus
611 3354 800 3437 exemplum,
827 3353 913 3417 beati
936 3352 1023 3417 Petri
1047 3353 1183 3437 apostoli
1206 3354 1443 3418 communionem

194 3479 266 3522 cum
283 3457 403 3541 synodo
418 3479 486 3540 sua,
510 3456 669 3520 damnatis
692 3455 752 3539 his,
777 3478 854 3541 quos
870 3455 1016 3519 Ecclesia
1038 3455 1225 3539 detestatur,
1250 3455 1392 3541 expetiit.
1418 3450 1443 3514 ls

194 3581 281 3627 mmo
309 3559 461 3644 gravibus
489 3559 648 3643 fatigatur
675 3558 810 3623 insidiis.
860 3557 977 3622 Precor
1003 3557 1283 3622 mansuetudinem
1310 3561 1447 3631 vestrm

194 3661 303 3747 iniqua
334 3660 538 3724 molientibus
569 3661 710 3743 obviate,
750 3664 783 3724 et
809 3663 969 3724 removete
1000 3660 1180 3743 molestias,
1219 3664 1252 3725 et
1284 3662 1453 3726 correctam

193 3763 313 3845 fovete,
344 3764 410 3845 cui,
434 3765 470 3826 ut
493 3762 712 3846 corrigeret¹),
736 3762 897 3826 debuisset
919 3762 1034 3827 insisti.
1080 3760 1190 3828 Scient
1212 3763 1300 3828 enim
1322 3763 1376 3848 qui
1397 3763 1462 3823 tm·

194 3864 350 3946 daverint,
375 3887 409 3928 se
423 3885 494 3927 reos
509 3864 644 3947 futuros,
667 3886 765 3948 quum
787 3886 806 3927 a
828 3864 918 3928 vobis
939 3865 1040 3929 foveri
1063 3864 1204 3929 viderint
1221 3865 1291 3948 jam
1306 3867 1474 3931 reversob

194 3966 325 4047 Fateor,
361 3966 605 4029 clementissime
638 3967 827 4050 imperator,
862 3966 960 4029 miror
993 3965 1217 4030 insidiantium
1249 3962 1485 4059 pertinaciae

194 4089 296 4154 neque
324 4067 384 4131 Dei
413 4088 515 4152 neque
542 4069 648 4132 vestro
681 4069 800 4132 intuitu
827 4068 1014 4152 permoveri.
1069 4067 1153 4132 Nam
1181 4069 1236 4153 qui
1264 4068 1417 4134 oderunt
1468 4058 1495 4107 Ψ

261 4292 283 4358 ²)
301 4289 360 4344 Hoo
378 4290 431 4356 est,
450 4289 496 4357 qui
515 4306 600 4359 quum
615 4290 749 4345 mandata
755 4290 866 4344 'solvere
879 4307 934 4345 non
946 4291 1106 4354 vereantur,
1124 4288 1232 4343 minimi
1244 4289 1375 4345 censendi
1385 4308 1412 4343 s·
1425 4258 1506 4325 ὦ

193 4376 344 4432 secundum
366 4374 434 4429 illud
451 4375 550 4430 Matth.
570 4381 594 4440 5,
614 4381 657 4429 19:
685 4378 733 4440 Qui
749 4395 811 4443 erpo
828 4382 932 4430 solverit
949 4396 1021 4429 unum
1040 4381 1072 4429 de
1091 4380 1217 4430 aarum
1234 4380 1291 4430 istis
1307 4373 1507 4430 ninnuffl'

193 4467 304 4516 minimus
319 4465 456 4515 vocabitur.
562 4510 568 4523 ,

262 4549 282 4613 ³)
301 4545 351 4599 Ed.
371 4550 453 4601 Serva
524 4550 707 4615 subsequentur
780 4552 922 4614 apostolica
938 4553 1063 4600 amicalia
1081 4547 1112 4602 et
1128 4545 1219 4601 omitt.
1238 4551 1382 4615 affectione.

194 4639 225 4687 37
262 4633 282 4698 ¹)
301 4629 405 4701 Supple
422 4652 458 4689 re.
495 4630 540 4685 Sic
554 4633 583 4684 et
600 4630 628 4683 in
646 4631 707 4686 aliis
725 4631 897 4702 superiorum
915 4631 1074 4702 praesulum
1091 4630 1218 4701 epistolis
1233 4638 1390 4700 maestes
1451 4616 1499 4679 W

193 4736 221 4770 se
243 4720 401 4783 corriperer
424 4734 478 4771 non
500 4715 585 4771 semel
607 4715 778 4771 offendimus.
821 4716 955 4782 Quocirca
976 4717 1076 4771 Baton.
1097 4716 1270 4772 substituens
1288 4703 1493 4785 ematerffl

194 4801 230 4855 ab
249 4799 397 4855 Hormisda
414 4801 506 4870 potius
523 4800 618 4855 littera
636 4819 719 4870 quarn
737 4806 831 4857 mente
849 4802 986 4857 discessit:
1008 4801 1103 4856 sedin
1121 4803 1238 4872 utroque
1257 4802 1366 4872 peceat,
1382 4774 1484 4867 ΨΜ

195 4884 307 4954 subjicit
325 4890 449 4942 debuisset
467 4893 594 4942 assistere.
