3412 5664
570 344 768 395 PRAEFATIO
792 342 969 392 EDITOBIS·
1333 341 1398 389 Xlll

125 515 203 588 quid
215 516 243 569 in
255 512 416 585 praeclaro
432 524 551 581 operum
566 511 624 566 dini
633 509 786 581 Aupastini
800 508 930 563 editionis
942 507 1131 577 praestiterit,
1156 510 1184 560 et
1199 511 1307 578 quanta
1323 508 1400 563 itlius

122 617 206 671 pars
224 599 325 671 fuerit.
370 597 455 651 Haec
475 612 531 666 pro
554 602 681 666 tempore
703 594 737 649 de
760 596 821 648 viro
843 594 948 664 insipni
965 595 1075 662 pietate
1098 599 1124 645 et
1147 594 1267 647 scientia
1290 593 1399 650 dixisse

126 693 176 740 sat
200 690 261 746 est,·
282 685 336 737 erit
355 682 472 753 forsan,
497 687 527 735 ut
548 683 635 736 liccat
654 682 744 750 ptura
767 679 864 733 dicere
886 678 926 732 ad
944 676 1139 748 praefationis
1162 680 1280 733 calcem.

217 761 247 825 8.
277 768 429 823 Exstincto
443 765 545 820 domno
558 766 645 821 Petro
658 764 822 821 Constantio
837 763 932 818 labori
946 765 1086 817 successit
1102 762 1196 818 Simon
1213 764 1397 835 Mopinotius,

126 859 180 928 qui
194 857 263 927 jem
286 858 372 907 autea
395 853 491 906 socius
513 853 569 921 ipsi
582 852 696 906 additus
711 865 792 904 suam
808 851 836 903 in
854 849 949 903 eodem
966 850 1113 904 curriculo
1129 849 1299 906 industriam
1314 865 1400 906 exer·

127 945 244 1005 ruerat,
266 938 439 1009 felicemque
461 935 575 990 dicendi
593 935 776 1007 facilitatem,
800 948 876 1006 quae
899 939 977 988 certe
999 935 1028 988 in
1053 948 1085 987 eo
1100 938 1264 1006 praecipua
1278 935 1346 1006 sitii,
1370 939 1398 990 in

126 1024 310 1080 elaborando
333 1036 384 1077 seu
405 1021 531 1076 limanda
553 1023 671 1091 politius
689 1018 878 1091 praefatione
892 1020 986 1088 priori
1000 1024 1073 1073 torno
1086 1023 1208 1088 praem'a
1224 1021 1398 1075 ostenderat.

39 1140 42 1151 ·
128 1111 197 1166 lioc
220 1109 350 1180 equidem
373 1108 495 1160 alterius
512 1108 665 1177 jactarem
687 1106 862 1171 solabamur,
887 1105 947 1158 rati
966 1103 1043 1158 bunc
1060 1105 1182 1159 alterum
1200 1123 1217 1159 o
1235 1104 1400 1162 Constantio

122 1196 274 1266 futuram,
297 1209 382 1265 quarn
405 1206 475 1246 ecce
496 1195 599 1246 iterum
621 1192 708 1246 ueluti
729 1208 746 1244 a
771 1195 937 1244 transuerso
959 1192 1114 1244 incurrens
1135 1190 1191 1245 beu
1206 1193 1320 1247 nimium
1343 1195 1400 1247 cita

125 1288 154 1336 et
179 1282 336 1334 immatura
359 1292 436 1332 mors
457 1291 525 1346 spes
547 1291 651 1343 omnes,
675 1291 750 1347 quas
772 1282 829 1330 turn
852 1291 955 1347 maqna
979 1275 1145 1329 eruditionis
1163 1277 1317 1346 suppellex
1339 1279 1400 1331 exi-

126 1369 247 1438 miaque
269 1362 384 1417 dicendi
405 1363 506 1432 copia,
536 1366 592 1416 tum
621 1364 684 1432 ipsa
714 1362 768 1416 oiri
794 1366 877 1414 actos
903 1361 1013 1432 florens
1042 1366 1069 1414 el
1096 1363 1209 1433 inteqra
1233 1367 1317 1417 ratas
1339 1376 1400 1418 esse

118 1451 282 1523 iubebant,
307 1448 431 1517 rescidit,
457 1449 531 1502 vitoe
553 1449 644 1517 ipsias
667 1448 709 1501 orl
732 1451 799 1499 arrte
820 1447 899 1517 filum
923 1460 1069 1513 resecans,
1095 1463 1179 1518 quarn
1196 1447 1350 1519 quidquam
1371 1449 1400 1502 in

123 1540 224 1591 liccem
249 1535 396 1587 emisisset.
442 1532 488 1587 lta
513 1538 606 1586 tomen
628 1530 692 1602 fato
713 1536 952 1601 proeoccupatus
975 1545 1034 1584 rem
1056 1529 1195 1602 infectam
1219 1534 1342 1604 reliquit.
1371 1539 1402 1588 ut

123 1639 218 1692 qaum
243 1634 260 1671 e
282 1620 351 1672 airis
372 1618 505 1673 sublatus
526 1623 582 1680 est,
612 1619 638 1672 si
665 1617 787 1671 necdum
806 1619 922 1687 penitus
942 1617 1025 1685 prelo
1047 1622 1179 1671 moturus
1201 1618 1278 1672 oller
1300 1624 1399 1686 tomus,

124 1723 238 1777 araque
262 1705 363 1758 saltem
383 1717 424 1758 eae
443 1709 530 1773 parte
552 1709 626 1757 esset
649 1700 809 1772 confectas,
834 1704 859 1756 si
878 1702 1042 1774 qeneratem
1065 1703 1199 1772 excipias
1220 1708 1293 1757 tomo
1314 1720 1401 1774 prae·

124 1790 298 1845 mittendam
317 1787 542 1859 praefationem.
573 1786 656 1854 Quod
675 1802 728 1842 nos
749 1787 795 1841 bic
816 1787 925 1841 idcireo
941 1801 1085 1841 monemus
1100 1800 1189 1858 eoque
1204 1788 1309 1843 dictum
1325 1790 1402 1844 aolu-

124 1891 204 1933 mus.
231 1880 262 1928 ut
284 1888 337 1927 sua
361 1875 465 1944 cuique
486 1874 553 1927 laus
567 1878 708 1938 servetur,
734 1887 787 1926 nec
803 1872 891 1938 nobis,
911 1874 960 1943 qui
974 1876 1072 1926 tantas
1085 1879 1151 1940 post
1166 1888 1263 1927 moras
1278 1874 1318 1928 ad
1331 1890 1403 1945 opus

124 1960 210 2017 istud
231 1961 262 2012 in
286 1959 362 2012 alias
384 1974 422 2013 roc
445 1960 510 2013 aliis
531 1957 663 2013 manibus
685 1964 712 2012 et
734 1957 844 2012 demum
866 1959 894 2011 in
918 1963 1035 2012 nostras
1057 1959 1256 2013 transmissum
1272 1960 1402 2031 oqqredi·

123 2063 206 2110 mur,
231 2043 358 2098 iralebito
382 2042 536 2098 tribuatur.
569 2042 655 2098 Haec
678 2044 762 2097 ctiam
785 2041 900 2114 referre
918 2045 1164 2112 operaepretium
1180 2057 1243 2098 esse
1258 2043 1401 2112 duximus,

124 2138 157 2185 ut
183 2129 293 2183 mirari
313 2129 445 2182 desinant
466 2131 516 2200 qui
527 2128 608 2200 forte
622 2127 813 2195 mirabantur,
838 2143 893 2182 cnr
909 2129 1015 2182 tamdiu
1031 2129 1217 2197 epistolarum
1232 2146 1404 2185 summorum

120 2216 301 2286 pontificum
330 2213 477 2268 editionem
504 2214 632 2282 pendere
659 2215 851 2283 interruptam
878 2219 1055 2282 pateremur.
1105 2213 1292 2285 Inleliiqimus
1320 2216 1402 2282 errim,

115 2303 190 2372 jam
214 2299 267 2352 diu
289 2298 417 2353 laborem
438 2298 517 2354 bunc
538 2317 555 2352 a
579 2299 662 2353 nobis
684 2300 860 2368 exspectari,
885 2300 965 2352 imma
989 2312 1054 2352 aere
1070 2315 1125 2353 non
1141 2299 1250 2367 deesse,
1275 2301 1325 2370 qui
1337 2300 1405 2354 licet

123 2387 230 2440 norint
256 2398 320 2437 esse
342 2399 414 2453 opus
436 2383 526 2454 bujus
546 2385 669 2456 pencris,
693 2384 769 2454 quod
789 2385 898 2437 institui
918 2385 974 2437 nisi
992 2390 1176 2454 praeparato
1199 2387 1254 2440 otio
1269 2402 1324 2439 non
1338 2400 1405 2456 pos·

122 2474 162 2525 sit
188 2484 248 2523 nee
272 2470 376 2540 exiquo
400 2475 526 2539 ternpore
548 2468 670 2536 absolvi,
705 2475 762 2523 lom
791 2470 893 2524 rnrdtos
914 2474 1009 2523 tomen
1033 2484 1125 2524 arrnos
1152 2469 1315 2524 desiderari
1336 2485 1403 2542 que-

123 2561 252 2612 rantur.

218 2631 252 2693 9.
287 2638 352 2691 Jurn
377 2654 443 2694 nera
472 2640 548 2710 quod
569 2641 691 2695 alterurn
713 2640 790 2694 bunc
814 2645 917 2694 tontum
940 2645 1065 2710 spectat,
1096 2641 1126 2693 id
1152 2656 1247 2705 omne,
1278 2641 1355 2712 quod
1375 2643 1405 2695 in

120 2726 227 2797 priori
247 2726 421 2794 praestitum
442 2734 485 2778 est
499 2725 595 2797 quood
609 2725 743 2792 ordinem,
769 2724 936 2792 rrretbodurn,
961 2731 1052 2792 notas,
1075 2727 1214 2794 prueoios
1229 2728 1404 2792 monitiones,

120 2816 294 2881 praestare
317 2810 492 2864 conabimur.
531 2809 621 2876 Quum
643 2812 857 2882 praeterpressi
876 2812 1042 2878 primaeuae
1068 2811 1249 2880 antiquitatis
1271 2810 1406 2865 tenebras

122 2897 245 2967 mafori
261 2895 328 2964 jam
350 2896 378 2947 in
400 2896 467 2950 luee
490 2897 636 2950 uersaturi
657 2897 752 2955 simus.
776 2898 804 2948 in
827 2897 901 2949 notis
917 2896 1027 2949 criticis
1038 2897 1224 2966 praeniisque
1239 2897 1405 2951 admonitio·

122 2982 218 3036 nibus
242 2978 421 3034 brevioribus
443 2979 523 3034 nobis
546 2994 608 3035 esse
629 2980 732 3048 licebit,
758 2981 886 3050 quamuis
898 2979 1003 3049 forsan
1020 2985 1113 3034 tamen
1135 2982 1209 3034 sicud
1224 2983 1406 3052 superiorum

122 3076 296 3136 temporum
320 3064 483 3118 obscuritas
493 3067 584 3134 plara
601 3065 698 3118 dicer-e
714 3067 856 3134 corripulit,
881 3066 920 3118 ita
935 3066 1125 3133 posteriorum
1142 3065 1270 3133 ubertas,
1295 3067 1408 3120 tametsi

123 3167 141 3205 e
167 3151 272 3204 nsidtis
291 3165 389 3218 pauco
413 3149 582 3210 dixerimus,
604 3151 749 3222 lorrqiores
770 3150 910 3204 interdum
934 3164 996 3203 esse
1012 3156 1101 3221 coqet.
1136 3149 1195 3203 Sua
1211 3149 1279 3204 buic
1294 3166 1406 3222 quoque

124 3246 207 3291 tomo
231 3232 298 3288 esse
320 3234 415 3289 debuit
436 3242 523 3307 atque
545 3237 630 3289 etiam
654 3237 708 3290 erit
731 3235 890 3306 etquidem
913 3236 1010 3303 ampla
1031 3237 1102 3289 satis
1114 3235 1274 3305 praefatio.
1312 3234 1407 3291 Visum

125 3330 174 3376 est
200 3323 229 3372 in
257 3335 291 3373 ea
314 3321 449 3387 primum,
475 3321 500 3373 si
521 3321 590 3391 quid
610 3323 675 3375 nori
697 3326 723 3373 et
746 3320 888 3374 hacteuus
909 3322 1084 3390 inrepertum
1107 3320 1291 3388 ediderimus,
1318 3322 1354 3376 de
1374 3335 1407 3376 eo

127 3404 225 3462 serbo
248 3402 367 3473 facere,
391 3405 495 3475 quibus
517 3407 725 3475 manuscriptis
746 3404 892 3460 codicibus
915 3408 961 3459 usi
979 3402 1132 3474 fuerimus,
1156 3419 1317 3475 exponere,
1342 3406 1407 3478 sub·

124 3494 193 3546 dita
218 3490 307 3543 etiam
328 3489 500 3544 ineditarum
523 3490 683 3545 substantio
712 3492 905 3560 epistolarum.
952 3490 1060 3545 deinde
1078 3493 1243 3560 praecipua
1270 3491 1408 3547 lrislorioe

126 3584 157 3629 et
185 3576 308 3627 critices
330 3574 443 3643 capita,
467 3582 585 3630 euentus
607 3590 704 3629 rerum
727 3575 937 3641 memorabiles,
960 3574 1044 3646 facta
1067 3574 1308 3647 splendidissima,
1332 3592 1408 3647 quae

127 3666 159 3714 in
186 3674 222 3713 eo
248 3664 320 3712 tomo
342 3658 410 3713 binc
424 3659 491 3713 inde
505 3660 639 3730 dispersa
656 3667 724 3715 sant
739 3667 765 3715 et
779 3676 835 3729 per
849 3666 935 3715 toturn
952 3662 1079 3715 uolumen
1095 3666 1247 3731 rraqontur,
1270 3663 1298 3714 in
1320 3677 1408 3716 unum

127 3746 263 3800 rattecto
286 3743 418 3798 ordinate
441 3760 639 3816 annorumque
661 3751 689 3799 et
711 3761 809 3800 rerum
831 3748 945 3801 ratione
960 3751 1076 3801 serrato
1092 3747 1185 3800 oculis
1199 3745 1353 3815 subjicere,
1377 3752 1409 3802 ut

129 3847 193 3884 nna
218 3827 296 3882 reiut
319 3834 440 3898 aspectu
462 3831 600 3903 quidquid
621 3836 677 3885 tolo
700 3833 839 3886 uolumine
862 3833 1024 3886 continetur
1045 3832 1137 3885 lector
1152 3833 1322 3901 conspiciat.
1351 3831 1406 3887 De·

128 3930 212 3969 mum
236 3915 263 3966 si
283 3928 341 3984 quo
366 3915 425 3967 cisa
454 3922 520 3969 sunt
542 3915 620 3984 (sunt
643 3923 737 3969 autern
766 3917 836 3970 benc
858 3913 957 3984 muita)
978 3917 1167 3986 prolixiorem
1192 3915 1408 3988 uberioremque

125 3999 291 4072 postulare
312 3997 541 4069 disputationem,
566 4017 651 4072 quam
676 4007 705 4055 ut
728 4001 870 4055 commode
893 4008 920 4055 et
943 4000 1055 4055 abunde
1078 4003 1150 4055 satis
1172 4003 1250 4054 intra
1274 4006 1408 4057 notarum

129 4086 311 4139 criticarum
333 4089 384 4138 aut
406 4086 489 4138 etiarn
510 4089 697 4156 praeviorum
720 4088 870 4159 anqustias
885 4086 1103 4141 admonitionum
1116 4091 1235 4156 possent
1255 4088 1407 4155 illustrari,

131 4174 172 4224 iis
195 4171 225 4220 in
249 4174 395 4237 postremo
416 4168 614 4240 praefationis
634 4179 720 4241 porte
735 4172 808 4225 dare
822 4173 914 4225 lucem
931 4178 1068 4242 quantum
1085 4178 1131 4226 sol
1147 4173 1208 4235 erit,
1234 4178 1264 4225 ut
1280 4177 1408 4226 tractata

128 4254 289 4325 prolixias
309 4254 461 4322 nitescant,
485 4255 662 4310 conabimur.
709 4254 851 4327 Qiridquid
872 4264 966 4310 cautem
988 4258 1227 4325 praestiterimus,
1251 4273 1307 4312 nort
1330 4256 1409 4311 derbi-

132 4349 247 4403 taaus,
269 4339 338 4408 quin
353 4355 484 4410 maynam
501 4343 626 4395 virorum
642 4341 868 4397 doctissimorum
885 4340 1044 4397 Constantii
1065 4348 1092 4396 et
1107 4340 1264 4410 Mopinotii,
1289 4357 1409 4413 quorum

130 4423 238 4479 labori
259 4425 457 4490 successimus,
481 4424 651 4481 desiderium
672 4426 788 4497 facturi
808 4429 903 4482 sinsus.
947 4426 1076 4482 Plurima
1099 4443 1222 4499 utcmque
1242 4429 1271 4480 in
1292 4441 1408 4482 succes·

131 4508 259 4563 soribus
280 4507 491 4578 desiderabant,
516 4514 639 4582 quaein
664 4517 786 4583 utroque
808 4514 905 4565 mirati
925 4519 992 4566 sunt
1013 4514 1146 4567 lectores.
1192 4511 1249 4565 Alii
1276 4514 1410 4567 eximiam

132 4595 268 4645 criticae
287 4594 420 4660 peritiam
443 4601 587 4666 repetent,
613 4599 761 4668 requirent
784 4598 834 4650 alii
855 4599 1034 4668 eloquentiae
1056 4597 1253 4668 splendorem.
1283 4601 1409 4668 quaein

129 4675 330 4751 praefatione
350 4681 445 4748 priori
471 4686 543 4735 torno
564 4684 686 4750 praeuio
710 4684 833 4736 raaoeime
862 4685 945 4743 nitet,
975 4684 1092 4754 aliaque
1119 4683 1170 4736 alii
1196 4682 1410 4738 desiderabunt.

134 4762 181 4819 lii
208 4776 278 4815 rero
301 4766 457 4818 meminisse
479 4765 626 4832 debebunt,
652 4784 706 4820 nan
730 4761 822 4820 omnia
845 4768 973 4822 amnibus
996 4783 1058 4821 esse
1081 4781 1229 4833 concessa,
1254 4773 1280 4819 et
1304 4773 1334 4821 ut
1356 4783 1410 4823 sua

132 4850 251 4919 eoique
273 4852 316 4900 ert
337 4850 425 4902 enimi
445 4852 587 4921 copitalia,
616 4853 658 4904 sie
681 4860 708 4905 et
731 4853 854 4906 colorem
878 4868 940 4906 esse
959 4855 1121 4922 proprium.
1147 4850 1276 4906 Ceterum
1298 4850 1409 4923 efficie-

133 4948 222 4991 w.
256 4937 285 4985 stt
313 4946 364 4988 nec
390 4933 463 5003 fides
489 4952 543 4990 nec
570 4937 715 5008 diliqeatia
745 4939 943 5008 requirantur.
990 4936 1122 5009 Ipnoseet
1150 4943 1244 4991 autern
1273 4937 1411 5010 benipnus
