3450 5678
683 294 712 345 fl.
729 292 935 344 uoculsusn
958 292 1072 341 PAPAE

732 481 914 586 Epistola
941 481 1018 565 123.

107 618 229 744 affl
505 633 717 701 Hormisdae
739 650 850 718 papae
872 634 916 700 ad
938 633 1077 702 eosdem
1099 633 1247 717 legatos.

278 772 352 824 Unde
370 779 442 823 tantu
455 774 504 836 fiat
521 775 619 826 reditus
631 775 735 825 'illorum
751 790 835 833 mora,
859 780 885 824 et
903 788 1065 840 quaerasque
1082 775 1153 825 circa
1169 776 1241 838 ipsos
1258 781 1384 838 agenor,
1407 791 1474 840 qun

712 861 820 924 primsua
837 861 935 911 rescire
953 860 1031 925 cupit.

393 989 605 1055 Hormisda
631 990 825 1056 Germano
857 992 1061 1077 episcopo,
1095 988 1222 1055 Felici
1252 994 1291 1055 et
1318 989 1503 1057 Dioscoro

486 1093 667 1157 diaconis
690 1096 728 1158 et
749 1091 901 1158 Blando
922 1093 1167 1178 presbytero.

325 1210 461 1276 Animos
483 1214 609 1276 nostros
632 1216 698 1277 tam
720 1212 906 1277 diuturnum
928 1211 1108 1277 dilectionis
1131 1214 1255 1277 vestrae
1284 1211 1450 1277 silentium
1473 1216 1506 1278 ut

241 1315 405 1377 tantorum
426 1315 606 1398 temporum
629 1315 800 1379 contristat
821 1314 981 1397 absentia,
1004 1313 1175 1399 praecipue
1196 1335 1294 1399 quum
1316 1315 1368 1378 vir
1389 1315 1505 1400 magni·

241 1413 320 1479 ficus
341 1415 493 1499 patricius
516 1414 756 1503 Symmachus¹)
780 1418 812 1480 et
832 1416 883 1479 vir
904 1415 1038 1479 illustris
1060 1415 1224 1480 Romanus
1250 1416 1408 1502 magister
1433 1415 1505 1480 mili·

240 1517 310 1580 tum
332 1515 390 1580 filii
412 1517 513 1581 nostri
535 1517 672 1582 reditum
695 1518 778 1602 apud
800 1539 859 1582 uos
883 1517 1024 1582 caritatis
1042 1521 1167 1583 vestrae
1188 1517 1258 1582 sine
1273 1516 1428 1584 dilatione
1442 1539 1505 1603 pro

241 1618 397 1701 miserint,
421 1621 455 1683 et
474 1619 672 1705 ignoramus,
695 1623 803 1684 utrum
824 1619 891 1684 illic
914 1640 1079 1684 causarum
1101 1619 1236 1705 qualitas
1259 1641 1301 1683 an
1322 1623 1411 1684 certe
1424 1620 1506 1684 fraus

241 1718 346 1804 aliqua
375 1719 523 1785 simulata
549 1721 607 1786 sub
634 1722 827 1787 necessitate
853 1721 1011 1804 detinest3
1042 1721 1117 1806 quis
1142 1720 1236 1786 nobis
1263 1720 1506 1787 sollicitudinem

241 1821 310 1885 sine
333 1822 508 1887 cessatione
530 1824 717 1909 gerentibus
740 1827 772 1887 et
791 1844 874 1907 pene
889 1822 1054 1887 universos
1069 1822 1214 1887 homines
1229 1821 1358 1886 illarum
1373 1823 1506 1908 partium

241 1924 525 2007 percunctantibus
547 1926 671 1991 diversa
692 1927 725 1989 et
746 1923 910 1989 dissimilia
931 1925 1134 1989 nuntiantur.
1179 1923 1224 1988 Et
1244 1924 1334 2007 ideo,
1362 1926 1506 2010 quoniam

240 2047 296 2090 vos
319 2047 428 2092 causas
443 2029 552 2091 tantae
573 2026 733 2091 tarditatis
747 2024 861 2090 melius
877 2025 1113 2111 deprehendere
1133 2029 1166 2091 et
1180 2025 1365 2111 intelligere
1379 2028 1506 2112 potastis

241 2130 335 2212 atque
358 2150 565 2214 cognoscere,
600 2128 781 2215 significare
803 2129 896 2193 nobis
917 2129 993 2212 ista,
1020 2128 1196 2214 dequibus
1217 2131 1329 2193 noster
1352 2129 1507 2194 crucistm

241 2230 376 2314 animus,
400 2230 568 2313 debuistis3
591 2230 641 2294 vel
655 2233 683 2294 si
699 2235 748 2295 est
762 2252 856 2295 causa
871 2230 1034 2296 dilationis
1048 2231 1171 2313 idonea,
1195 2229 1279 2294 sicut
1299 2232 1506 2297 constitutum

241 2334 300 2415 cst,
324 2331 459 2416 aliquem
481 2332 519 2396 de
543 2333 656 2398 vestris
678 2332 717 2396 ad
732 2354 790 2397 nos
806 2336 989 2416 oportuerat
1004 2332 1167 2397 destinari.
1206 2330 1300 2397 Unde
1315 2355 1358 2398 ne
1374 2334 1505 2398 forsitan

240 2455 298 2517 per
319 2434 474 2498 versutias
488 2434 695 2520 autaliquem
711 2435 989 2499 concinnationem
1004 2434 1093 2499 vobis
1108 2433 1218 2498 dilatio
1234 2436 1267 2498 et
1282 2434 1506 2519 impedimenta

241 2537 452 2622 generentur,
479 2536 538 2601 sub
561 2535 724 2601 celeritate
745 2536 838 2601 nobis
861 2537 1006 2621 scribite,
1036 2540 1073 2601 ut
1093 2536 1154 2602 sub
1174 2536 1362 2601 rationabili
1385 2539 1505 2603 ordina

240 2638 328 2702 tione
350 2659 408 2722 pro
430 2641 536 2702 vestra
556 2638 746 2722 repetitione
768 2638 808 2702 sd
829 2638 930 2704 filium
945 2642 1090 2705 nostrum
1106 2638 1392 2704 clementissimum
1413 2641 1505 2725 impe·

240 2742 378 2804 ratorem
400 2739 584 2824 dirigamus.
629 2739 718 2826 Ergo
739 2742 806 2805 tam
829 2741 913 2806 circa
933 2763 1087 2825 personas
1108 2763 1204 2826 quam
1232 2741 1271 2806 de
1301 2763 1398 2806 cansa
1424 2742 1503 2824 fidei,

240 2862 299 2927 pro
320 2863 382 2926 qua
403 2842 458 2906 diu
479 2841 657 2925 moramini,
680 2842 756 2926 quid
777 2845 906 2928 gemtus
926 2843 1086 2926 instruite,
1110 2847 1204 2928 atque
1218 2841 1406 2927 plenissime
1418 2845 1505 2910 nobis

240 2944 388 3008 universa
415 2943 595 3008 rescribite:
622 2947 659 3008 ut
680 2944 828 3009 omnibus
851 2945 990 3029 cognitis
1012 2945 1081 3010 Deo
1102 2948 1212 3010 nostro
1235 2945 1369 3009 favente
1395 2949 1505 3010 tracte

240 3068 322 3128 mus,
346 3045 608 3130 quemadmodum
629 3047 773 3130 personis
794 3047 908 3111 vestris
931 3051 964 3111 et
984 3068 1096 3112 causas
1110 3048 1210 3132 ipsius
1225 3046 1318 3130 ctsjus
1335 3069 1389 3113 res
1404 3049 1505 3134 sgittis

239 3149 342 3233 possit
363 3149 578 3214 misericordia
598 3148 777 3214 subvenire.
815 3148 899 3214 Data
913 3148 1022 3215 Idibus
1041 3148 1131 3233 Julii,
1154 3148 1288 3214 Rustico
1312 3149 1382 3215 viro
1403 3149 1504 3215 claris

241 3252 321 3315 simo
343 3250 481 3316 consule.

732 3421 914 3525 Epistola
939 3422 1018 3507 124.

102 3620 133 3667 13
145 3615 228 3682 sug.)
412 3573 624 3642 Hormisdou
646 3592 756 3659 papae
777 3574 822 3641 ad
843 3575 1086 3643 Possessorem
1108 3575 1326 3658 episcopum.

101 3546 136 3613 (a.
144 3550 194 3600 tto
206 3545 232 3598 d.

274 3715 362 3764 Fidem
383 3716 452 3777 ejas,
480 3732 544 3782 quae
567 3717 599 3765 dc
621 3717 756 3780 infidelium
776 3717 947 3781 peruersitate
967 3715 1093 3780 gemebat.
1120 3716 1209 3765 tardat
1227 3722 1253 3764 et
1269 3717 1372 3766 solatur
1389 3714 1424 3779 (a.
1439 3715 1469 3777 l).
1508 3708 1573 3781 pili

272 3798 422 3865 Scytharum
439 3802 613 3851 monoclerum
631 3801 782 3865 superbiam,
801 3800 1004 3860 obstinationem,
1029 3801 1145 3850 tanaitas
1163 3799 1285 3850 describit
1302 3799 1338 3864 (n.
1353 3802 1370 3851 2
1388 3808 1413 3851 rt
1431 3804 1471 3863 δὶς

274 3901 339 3951 quae
357 3886 447 3935 Fausti
462 3888 597 3936 aliorumve
615 3885 686 3935 libris
704 3885 838 3936 tribuenda
860 3887 1000 3937 auctoritas
1018 3883 1105 3949 (η.4);
1135 3886 1168 3934 de
1183 3885 1272 3950 gratia
1289 3892 1316 3936 et
1332 3886 1414 3937 libero
1431 3904 1472 3936 w

592 3970 666 4020 bitrio
684 3972 746 4036 qaid
761 3972 925 4037 separandam,
944 3972 1052 4036 exponit
1069 3969 1105 4033 (n.
1117 3969 1153 4034 b).

391 4101 600 4168 Hormisda
621 4102 847 4168 Possessori
869 4104 1066 4189 episcopo.

326 4225 354 4288 1.
389 4221 479 4288 Sicut
499 4223 618 4288 rationi
640 4224 799 4309 congruit,
822 4226 859 4287 ut
881 4222 1050 4287 consulant
1072 4221 1284 4308 ambigentes,
1307 4223 1356 4287 ita
1378 4245 1438 4310 par
1457 4227 1504 4289 eol

240 4435 288 4483 las
323 4431 343 4496 ¹)
362 4427 520 4498 Symmachi
541 4428 677 4484 senatoris
698 4445 749 4483 nec
770 4443 826 4482 non
849 4426 984 4497 praetecti
1003 4426 1146 4497 praetorio
1168 4425 1279 4481 Africae
1297 4428 1327 4482 et
1351 4427 1504 4498 quaesterit

239 4513 387 4569 castrensis
409 4513 560 4585 Procopius
582 4513 616 4567 de
639 4512 712 4568 bello
730 4511 818 4567 Vand.
838 4518 867 4579 2,
887 4518 917 4567 to
935 4513 965 4566 et
982 4518 1013 4567 19
1038 4511 1170 4567 meminit
1211 4510 1330 4581 Propius
1353 4514 1449 4570 mtem
1470 4512 1505 4567 sd

238 4617 298 4655 rem
315 4602 440 4655 noemam
457 4600 569 4667 attinet,
587 4598 663 4668 quod
672 4598 828 4653 Maxentius
839 4614 960 4668 respons.
975 4595 1012 4652 ad
1022 4596 1133 4665 Herm„
1151 4596 1216 4650 dnm
1227 4597 1373 4653 &manus
1390 4597 1421 4653 in
1431 4598 1504 4653 Urbe

239 4686 324 4753 esset,
342 4685 490 4756 contigisse
507 4684 547 4740 sic
563 4686 670 4740 namt:
702 4688 736 4739 ta
746 4704 774 4738 sc
792 4681 961 4752 (Hormisda)
974 4689 1130 4752 apracitate
1145 4688 1251 4752 proprii
1266 4689 1349 4751 legati
1359 4681 1504 4752 (Dionea)

237 4777 399 4840 pacificaret,
417 4778 499 4827 matta
516 4777 613 4827 idoneis
630 4775 692 4825 ciris
706 4773 884 4839 praesentibus
896 4773 1031 4823 Romanius
1048 4774 1126 4822 sirum
1140 4773 1349 4838 pbriosbsim
1361 4777 1505 4838 naban

238 4861 339 4911 rnilitum
350 4864 503 4926 deprecatus
515 4868 565 4921 est,
584 4867 706 4926 qrtateaus
723 4875 770 4910 sua
786 4858 864 4910 uerba
880 4861 992 4924 piissimo
1009 4859 1160 4923 imperatori
1175 4859 1331 4917 insinuaret,
1350 4876 1417 4925 que
1432 4860 1505 4923 suen
