3450 5678
572 341 765 388 amasenus
789 332 934 390 :ro—37.
1323 329 1385 392 451

113 493 175 577 plis
198 492 432 557 detestaremur
459 492 640 556 antistitem
673 496 705 556 et
733 494 901 557 ecclesiam
930 498 1091 577 utcunque
1113 493 1300 558 destitutam
1322 517 1387 560 non

114 616 213 679 usque
235 594 316 659 adeo
332 593 552 678 judicaremus
574 594 827 679 relinquendam.
873 594 1075 679 Quapropter
1093 597 1163 677 jam
1184 597 1274 660 velut
1295 619 1387 662 usum

117 695 442 779 consuetudinemque
464 695 657 780 sacrilegam
679 697 890 781 declinantes,
914 700 1046 761 eatenus
1069 697 1218 782 religioni
1241 698 1388 763 duximus

116 797 359 882 consulendum,
393 801 430 862 ut
453 799 619 882 paroeciae
647 794 764 884 vicesl)
788 799 829 862 ab
852 799 1050 863 extrinsecus
1078 798 1193 883 positis
1215 801 1388 865 sacerdoti·

116 900 172 965 bns
195 900 435 986 gubernentur,
472 922 553 985 quae
582 900 700 964 ibidem
724 904 962 965 commanentes
990 903 1075 965 ferro
1103 900 1251 965 didicerit
1272 923 1388 967 necare

116 1006 270 1087 pastores,
293 1001 502 1087 inauditoque
524 1002 679 1086 facinore,
703 1003 787 1086 quod
810 1003 906 1066 etiam
929 1003 1027 1066 nullis
1042 1003 1215 1087 provinciis
1229 1026 1387 1089 nusquam

117 1126 246 1188 prorsus
269 1103 474 1190 acciderit-⁵),
504 1126 585 1190 quae
614 1104 769 1167 bellomm
792 1104 953 1167 continuis
982 1104 1176 1189 diversisque
1198 1106 1387 1170 incursioni-

118 1207 175 1269 bus
199 1205 408 1290 alfliguntur,
437 1205 518 1269 haec
541 1209 668 1289 reperta
691 1206 735 1268 sit
757 1206 885 1289 civitae,
915 1228 996 1289 quae
1018 1206 1179 1289 praesules
1199 1207 1387 1297 ministran-

109 1308 209 1391 dael’)
232 1308 294 1372 sibi
316 1307 390 1371 fidei
414 1305 616 1372 Christianae
639 1309 709 1372 sine
731 1309 952 1391 persecutione
974 1311 1168 1401 prosternat.
1203 1309 1386 1374 Curandum

116 1414 165 1474 est
186 1410 289 1494 igitur
296 1438 305 1492 5
335 1414 372 1473 ut
400 1409 466 1474 illio
488 1409 619 1473 funesta
640 1410 799 1494 pernicies
828 1409 1006 1472 cessatione
1034 1410 1234 1494 propriorum
1256 1416 1388 1475 sanetur

117 1511 311 1594 antistitum,
336 1514 433 1595 atque
455 1512 502 1575 ita
525 1512 640 1575 saltem
661 1511 778 1575 furoris
800 1499 886 1573 tanti
909 1512 1059 1575 materies
1082 1512 1301 1597 subtrahatur,
1325 1514 1386 1599 sil)

116 1615 149 1676 in
171 1634 236 1697 qua
258 1613 339 1676 haec
360 1613 644 1696 possitaeeruitas
667 1613 862 1697 perpetrari,
897 1614 1074 1677 consistens
1102 1615 1221 1678 ibidem
1250 1636 1387 1698 persona

115 1714 269 1778 deluerit:
292 1735 391 1799 eoque
413 1715 506 1778 modo
520 1715 571 1779 vel
586 1715 642 1778 illa
658 1715 782 1796 civitas,
806 1714 880 1776 dum
896 1714 930 1777 in
946 1737 1023 1798 quos
1039 1717 1161 1778 saeviat
1176 1737 1241 1779 non
1256 1716 1386 1799 habeat,
1415 1783 1421 1800 ,

116 1816 157 1879 ab
179 1815 362 1899 hujusmodi
385 1818 564 1881 cessatione
587 1816 722 1879 desistat
749 1815 799 1879 vel
823 1816 894 1878 aliis
916 1816 1120 1880 imitantibus
1143 1817 1212 1881 dira
1236 1819 1387 1903 contagia

25 1926 37 1933 “
115 1939 181 1982 non
207 1918 373 2009 praebeat.
418 1919 525 2003 ligent
553 1939 630 2002 ergo
658 1917 892 2001 episcopalibus
922 1917 1071 1981 subsidiis
1100 1919 1229 1983 sibimet
1259 1920 1387 1983 aliunde

116 2018 311 2106 depensis⁸),
347 2042 429 2104 quae
457 2041 582 2084 sacram
610 2020 644 2082 in
672 2041 727 2082 suo
749 2019 872 2104 gremio
895 2020 1084 2084 'collocatam
1114 2020 1186 2084 fuso
1216 2021 1388 2086 crudeliter

116 2121 294 2186 macularat
327 2121 485 2206 sanguine
518 2123 727 2207 dignitatem3
765 2121 840 2206 quia
869 2123 903 2186 in
937 2127 1070 2207 utroque
1098 2122 1160 2186 hac
1187 2126 1236 2186 est
1264 2124 1387 2188 ultione

117 2223 297 2308 plectenda,
322 2224 387 2287 sive
410 2224 534 2287 seilicet
561 2223 718 2287 instinctu
741 2223 915 2288 domestico
944 2246 1000 2288 seu
1021 2224 1114 2288 furiis
1136 2224 1273 2288 incitata
1295 2226 1387 2290 nefas

117 2326 176 2391 hoc
198 2325 370 2390 committit
391 2326 576 2412 externisl).
612 2325 771 2389 Praebeat
792 2347 870 2411 ergo
892 2326 1020 2390 dilectio
1041 2329 1148 2390 vestra
1169 2327 1204 2390 in
1220 2327 1280 2390 hoc
1299 2331 1387 2391 statu

117 2429 240 2512 positae
261 2428 477 2491 ministerium
499 2426 693 2491 visitationis
717 2428 880 2511 eeclesiae,
906 2431 938 2491 et
960 2431 1017 2492 aut
1032 2428 1250 2492 conveniendo
1265 2425 1387 2513 pariter

117 2534 175 2594 aut
195 2529 353 2614 vicissim,
382 2532 478 2613 prout
499 2529 638 2613 qualitas
662 2551 767 2593 rerum
791 2551 949 2614 causaque
971 2532 1166 2615 poposcerit,
1197 2531 1307 2594 divina
1329 2533 1386 2595 mi-

116 2632 298 2717 nisteria¹⁰)
310 2635 530 2716 repraesentet
545 2632 694 2716 ingratis,
712 2655 753 2696 ne
769 2655 865 2716 quum
880 2632 1059 2696 devitamus
1075 2633 1209 2715 zizania,
1227 2631 1387 2697 dominica

116 2734 281 2798 videamur
301 2735 476 2818 praeterire
498 2734 669 2798 friunenta.
816 2733 829 2749 ⁶

200 2837 231 2900 2.
261 2836 528 2921 Comperimus¹¹)
552 2840 668 2919 autem,
692 2838 775 2919 quod
791 2837 920 2920 quidam
936 2836 969 2900 in
986 2837 1095 2900 eadem
1111 2837 1242 2920 regione
1258 2842 1386 2922 sumpta

114 3029 256 3094 ablcanse
273 3030 405 3078 ecclesiam
422 3030 566 3077 destitutam
579 3029 755 3090 judicaremus
778 3043 827 3076 non
849 3043 927 3092 usqae
945 3029 1011 3077 acteo
1029 3029 1170 3077 nullatenus
1186 3030 1384 3094 relinquendam,

115 3109 192 3178 quod
211 3109 282 3163 Tc¹⁰
300 3107 412 3162 omnino
430 3108 570 3174 omittunt,
582 3124 638 3160 nos
657 3123 689 3159 ex
707 3100 866 3160 recensione
885 3108 917 3171 Q¹
931 3107 965 3160 ll¹
980 3108 998 3160 Z
1018 3108 1198 3161 restituimus.

182 3197 205 3265 ⁴)
223 3195 243 3248 Z
261 3200 314 3248 uice
384 3197 551 3262 pubernetar,
578 3192 727 3261 pergitque
746 3191 820 3244 Tell
837 3197 897 3261 quia
918 3196 1009 3246 ididem
1082 3199 1237 3254 didicerunt,
1267 3193 1303 3247 X¹
1322 3216 1386 3264 quae
1423 3219 1428 3224 ·

174 3285 273 3338 didicit.

184 3366 206 3434 ⁸)
223 3364 268 3419 lta
285 3362 353 3428 TQ'
364 3362 413 3429 X¹;
431 3363 450 3415 Z
469 3370 594 3418 accidisse
612 3368 711 3430 lepida,
731 3360 821 3414 minus
838 3363 921 3415 recte.
957 3362 1020 3415 Non
1033 3362 1107 3416 enim
1119 3363 1231 3417 Gelasio
1250 3364 1285 3417 de
1303 3366 1386 3418 rebus

114 3451 200 3518 longe
218 3451 304 3503 autea
319 3447 488 3517 praeteritis,
507 3464 576 3516 quas
593 3447 711 3500 lectione
730 3445 867 3513 didicerit,
885 3464 976 3500 sermo
995 3453 1045 3514 est,
1070 3447 1118 3501 sed
1137 3447 1171 3501 de
1189 3448 1231 3516 iis,
1250 3466 1321 3516 quae
1339 3450 1386 3504 ad·

114 3535 170 3588 hue
187 3551 277 3603 paens
294 3534 346 3586 sub
365 3533 459 3587 ocules
476 3532 536 3601 ejus
554 3531 782 3600 transigebant-ur
810 3534 838 3585 et
856 3550 873 3585 a
891 3533 990 3599 quibus
1009 3533 1156 3602 epistolam
1174 3539 1190 3586 6
1207 3535 1246 3587 sie
1265 3533 1385 3588 orditur:

116 3623 272 3674 Barbraieis
288 3623 409 3672 melenus
427 3621 570 3671 dolebamus
588 3620 730 3670 incursibus
747 3623 855 3670 maxime
874 3620 971 3679 uicinas
985 3622 1062 3671 Urbis
1072 3622 1219 3686 prouincias
1230 3628 1256 3671 el
1267 3621 1386 3671 bellorum

113 3723 193 3758 saera
210 3712 360 3772 tempestate
372 3708 477 3758 ariolari.
505 3700 550 3755 Sic
568 3718 633 3756 vero
653 3701 688 3754 de
706 3700 739 3754 iis
757 3701 887 3769 loquitur,
906 3703 937 3754 ut
948 3700 1067 3754 necdum
1084 3701 1254 3756 incursiones
1271 3702 1336 3755 illae
1354 3720 1387 3757 ac

116 3788 192 3843 bella
208 3787 347 3857 quievisse
364 3787 520 3842 videantur.
538 3786 659 3854 ‚Quodsi
677 3786 718 3839 ila
736 3787 787 3852 est,
814 3786 850 3839 ad
872 3785 952 3839 initia
969 3786 1146 3856 pontificatus
1164 3787 1224 3854 ejus
1243 3787 1312 3841 haec
1330 3788 1386 3857 epi-

116 3873 190 3927 stola
206 3873 354 3927 reserenda
371 3875 422 3927 est.
1030 3943 1032 3947 Δ
1385 3859 1390 3875 ’

183 3962 206 4028 ⁸)
223 3958 243 4012 Z
261 3964 434 4013 ministrantes
450 3961 500 4011 sibi
515 3963 577 4025 fidei
593 3960 755 4009 Christianae
776 3969 945 4019 sacrararum,
970 3956 993 4008 Τ
1006 3959 1044 4009 c¹⁰
1063 3961 1231 4011 ministranda
1248 3961 1298 4010 sibl
1311 3961 1386 4024 fidem

116 4047 301 4103 Cknstianarnr
319 4041 492 4111 caligantur
510 4056 543 4093 ex
562 4043 595 4105 ΩΙ
609 4041 643 4104 Q²
655 4040 698 4093 Xl.
736 4040 880 4104 Quomodo
899 4040 1025 4110 superius
1044 4040 1124 4110 epist.
1140 4048 1170 4095 1⁶2
1189 4047 1244 4094 n?
1263 4041 1386 4111 episcopi

115 4149 201 4182 rerum
216 4134 350 4196 praesules
367 4133 516 4194 divinarum,
534 4127 575 4179 ita
593 4127 621 4178 et
639 4125 683 4178 bic
698 4133 833 4193 praesules
850 4131 1033 4179 ministrandae
1047 4132 1112 4193 fidei
1129 4127 1277 4179 dicuutur.'

183 4211 299 4281 ⁷)'I'c¹⁰
315 4219 339 4266 si
355 4217 381 4265 r'n
399 4232 472 4282 quarn
490 4211 535 4279 (Χί
554 4214 614 4281 pua)
632 4240 665 4250 -
678 4215 803 4278 desuerit,
828 4227 860 4264 ac
878 4210 978 4263 deinde
996 4217 1084 4265 ciuitas
1103 4210 1243 4264 emittunt.
1281 4211 1344 4263 Mox
1363 4211 1385 4262 Τ

115 4297 134 4351 Z
149 4300 188 4351 c¹⁰
206 4301 314 4354 latebit.
1106 4350 1113 4360 Ι

184 4384 206 4451 ⁸)
225 4382 269 4436 lta
285 4380 405 4447 QTX¹3
424 4381 442 4434 Z
461 4386 608 4451 pensandis.
645 4380 709 4433 Mox
728 4379 800 4431 'l'c¹⁰
817 4385 934 4434 collatam
949 4385 1019 4448 friso,
1039 4380 1068 4434 et
1086 4379 1186 4433 deiude
1204 4381 1238 4433 x¹
1258 4385 1321 4433 daec
1338 4391 1383 4433 esi.

184 4471 207 4536 ⁸)
225 4469 248 4531 Q
258 4466 281 4520 T
291 4466 326 4519 X¹
340 4472 467 4530 raterium
486 4465 505 4517 Z
518 4471 641 4520 salernis.
666 4463 817 4532 Sequentia
835 4467 976 4532 (Praebeat
988 4495 1020 4503 —
1030 4469 1168 4532 friemenia)
1187 4483 1241 4519 non
1254 4465 1341 4518 babet
1352 4464 1384 4517 Τ.

186 4554 217 4618 ¹⁰)
236 4550 270 4615 (δ’
288 4551 317 4604 et
334 4550 428 4617 aliqua
446 4550 617 4620 exemplaria
635 4550 788 4618 Zmysteria
801 4550 845 4617 (X¹
858 4554 989 4618 misteria).
1009 4549 1141 4619 Superior
1153 4547 1292 4601 sententia
1303 4552 1386 4616 ilpeui

111 4656 179 4704 erpo
196 4640 384 4705 epscopalibus
400 4639 520 4689 subsidiis
537 4641 639 4690 aliunde
662 4641 780 4704 {depensis
802 4635 939 4703 postulat,
966 4637 997 4688 ut
1020 4635 1064 4688 hie
1087 4640 1227 4688 ministeria
1249 4651 1310 4686 cum
1328 4631 1384 4686 UZ

111 4722 318 4793 praeferamus.

187 4809 218 4873 11)
236 4804 317 4870 Quod
334 4805 466 4874 sequitur,
490 4805 541 4858 elsi
559 4805 614 4859 alio
633 4805 804 4870 distractum,
824 4806 878 4859 TZ
898 4809 1034 4872 sclerum,
1058 4805 1086 4858 id
1105 4821 1159 4858 uno
1177 4806 1270 4857 tamen
1289 4806 1387 4857 tenore

111 4909 179 4946 cnm
197 4889 387 4959 superioribus
406 4891 583 4957 eonirrnctum
602 4891 686 4956 utque
705 4889 894 4943 coutlrmatum
914 4890 1015 4955 QSX¹
1034 4892 1252 4958 repraesentant.

1120 4978 1185 5039 29*
