3450 5678
385 297 446 363 762
823 310 850 360 s.
868 309 1074 359 uoamsnsa
1096 308 1210 357 reesa

276 482 301 544 e,-
312 472 370 521 5¹⁰·
384 467 484 532 Paulo
499 466 661 551 apostolo:
686 472 797 531 Factus
811 469 949 530 obediens
965 486 1057 543 usque
1072 470 1116 528 ad
1128 475 1261 542 mortem,
1286 475 1409 529 mortem
1425 475 1524 531 autem
1539 474 1659 531 cruam

242 533 371 600 Phss'i‘g'
385 569 581 636 Confitemur
603 569 699 651 enim,
723 568 803 652 quod
828 567 969 653 genitrix
984 566 1042 632 Dei
1067 567 1161 631 beata
1182 567 1274 652 virgo
1289 566 1392 631 Maria
1413 567 1448 632 in
1463 589 1539 632 vera
1555 590 1660 635 carne

384 676 417 737 et
438 672 546 736 anima
568 670 751 735 rationabili
774 673 807 735 et
827 669 1026 753 intelligibili
1054 669 1147 734 nobis
1171 669 1272 733 Deum
1294 669 1420 754 peperit
1442 669 1658 736 Salvaterem.

383 774 483 851 Quem
506 773 693 838 homousion
715 772 784 837 Deo
806 771 896 836 Patri
924 776 958 835 et
979 770 1113 856 Spiritui
1140 774 1254 836 saneto
1282 775 1358 836 ante
1386 771 1514 837 saecula
1521 824 1530 856 ,
1567 796 1659 838 eum·

383 878 453 941 dem
476 875 569 941 nobis
591 897 715 960 qnoque
737 874 925 939 homousion
945 873 1107 960 praeter²)
1129 876 1263 959 peecata
1284 877 1406 956 nostra,
1428 874 1463 939 in
1487 875 1552 939 fine
1576 879 1659 941 tem-

383 1001 495 1064 porum
518 977 674 1042 eredimus
697 979 729 1041 et
751 975 921 1060 probamus
942 975 1042 1039 fuisse
1064 977 1285 1060 progenitum,
1309 976 1393 1041 sieut
1414 976 1576 1062 propheta
1592 977 1659 1043 Da·

271 1079 371 1134 Psalm.
383 1081 435 1145 vid
458 1081 552 1145 dicit:
581 1085 625 1144 oe
647 1092 750 1144 oerrtre
770 1084 877 1143 matris
904 1098 988 1142 meae
1010 1083 1090 1142 Deus
1116 1098 1198 1143 mem
1223 1100 1255 1143 es
1276 1091 1317 1143 tu.
1363 1077 1450 1154 Quae
1472 1081 1587 1144 tamen
1611 1079 1659 1145 its

275 1154 362 1213 Μ’
384 1183 453 1247 sine
476 1182 603 1246 defectu
625 1182 674 1245 vel
698 1181 884 1245 confusione
906 1179 1009 1243 nostri
1032 1179 1172 1263 eorporis
1195 1182 1244 1244 est
1266 1183 1430 1265 assumpta
1453 1185 1567 1246 nostra
1582 1183 1657 1247 sub

383 1285 521 1368 stantia,
556 1288 593 1348 ut
619 1284 654 1348 in
677 1283 786 1347 eadem
815 1303 911 1346 earne
934 1282 993 1346 Dei
1023 1281 1122 1345 Filius
1149 1283 1303 1346 mundum
1330 1283 1574 1347 examinaturus
1602 1283 1657 1348 ad·

384 1388 503 1470 veniat,
537 1386 636 1450 oeulis
658 1385 799 1449 omnium
821 1384 990 1448 vulnerum
1012 1387 1046 1448 et
1067 1384 1229 1448 clavorum
1251 1384 1370 1449 indicia
1393 1388 1655 1468 repraesentans,

233 1489 467 1575 incensioni
489 1489 643 1573 seriptum
666 1490 729 1552 est:
755 1493 794 1551 Et
816 1492 968 1568 videbunt,
992 1494 1024 1550 r'o
1046 1507 1131 1567 quem
1147 1499 1356 1567 papuaerant.
1402 1486 1482 1552 Cum
1503 1489 1655 1553 omnibus

384 1592 484 1656 etiarn
505 1589 689 1654 orthodoxis
711 1588 917 1673 impiissimos
931 1587 1117 1653 Nestorium
1133 1590 1229 1673 atque
1244 1587 1491 1671 eutychetem)
1513 1591 1653 1655 vitamus

384 1693 505 1778 pariter
532 1696 564 1756 et
591 1692 773 1774 horremus,
807 1712 915 1755 eorum
944 1690 1194 1755 condemnantes
1221 1694 1254 1754 et
1280 1689 1596 1757 anathematizantes
1621 1698 1653 1758 et

384 1816 537 1881 personas
560 1798 592 1858 et
613 1794 775 1878 (logmata,
800 1792 1041 1858 detestabilibus
1064 1792 1241 1877 sacrilegiis
1264 1792 1489 1878 comparanda,
1514 1794 1570 1879 qui
1592 1795 1652 1859 dis·

383 1896 606 1981 pausationem
628 1896 831 1960 divinanr'et
857 1894 1016 1959 humanae
1038 1895 1178 1958 remedia
1205 1894 1402 1960 infimritatis
1428 1895 1578 1961 similiter
1599 1900 1652 1961 aut·

384 1999 508 2064 nescire
530 1999 698 2063 voluerunt
721 2001 776 2061 aut
799 1998 930 2083 cognita
953 1996 1185 2080 blasphemare.
1225 1995 1305 2061 Tale
1327 1997 1427 2082 igitur
1450 1997 1537 2062 eirea
1558 1997 1650 2063 fidem

385 2101 573 2166 elementiae
595 2103 724 2164 nostrae
745 2101 944 2184 propositum
966 2121 1108 2163 summus
1124 2099 1209 2162 Deus
1232 2098 1273 2162 ab
1296 2100 1423 2163 exordio
1446 2099 1532 2164 vitae
1554 2101 1650 2165 sensi-

385 2204 444 2267 bus
467 2203 585 2268 nostris
608 2203 756 2266 immisit:
780 2202 864 2266 unde
884 2205 917 2265 et
931 2200 1100 2285 imperimn
1114 2204 1259 2265 nostrum
1275 2200 1431 2266 eredimus
1447 2203 1647 2289 custodire⁴).

470 2307 500 2369 2.
537 2304 692 2369 Miramur
714 2306 832 2387 autem,
856 2303 1059 2388 quamobrem
1083 2303 1121 2367 de
1143 2302 1337 2367 beatissimis
1359 2303 1517 2388 patribus,
1541 2305 1648 2389 quiin

386 2408 587 2474 Calchedona
615 2410 851 2489 convenerunt,
885 2405 991 2490 aliqua
1024 2405 1117 2470 nobis
1150 2405 1289 2468 seribere
1316 2404 1479 2488 volmstis,
1512 2406 1589 2471 dum
1615 2430 1649 2471 ea

385 2532 466 2595 qnae
489 2511 529 2574 ab
551 2509 602 2573 bis
624 2509 754 2573 fuerant
777 2507 951 2572 constituta
981 2507 1182 2570 decessorum
1209 2509 1391 2571 nostrornm
1422 2507 1650 2593 multiplicibus

386 2612 521 2676 decretis
545 2612 733 2676 eonsrrnrata
760 2613 998 2692 monstrantnr3
1031 2610 1063 2671 et
1090 2630 1186 2692 quum
1215 2631 1274 2672 nee
1303 2609 1367 2672 alia
1395 2610 1537 2693 synodus
1565 2611 1650 2676 faeta

385 2714 498 2798 fuerit,
533 2737 590 2798 per
617 2735 712 2797 quarn
739 2735 819 2797 quae
847 2712 888 2776 ab
915 2710 971 2775 illa
998 2710 1153 2795 disposita
1180 2715 1256 2775 sunt
1283 2710 1491 2776 redderentur
1514 2712 1650 2797 infirma,

385 2839 445 2881 nee
466 2817 517 2881 lex
541 2816 675 2880 anobis
697 2814 902 2900 processerit,
936 2813 1025 2896 eujus
1052 2813 1196 2877 novitate
1223 2815 1346 2877 statuta
1373 2813 1513 2898 praelati
1536 2816 1652 2900 episeo

386 2919 467 3003 palis
490 2918 616 2983 concilii
640 2918 853 2981 solverentur:
881 2916 1019 2979 maxime
1047 2937 1142 2998 quum
1171 2916 1242 3000 ipsa
1270 2914 1409 2998 synodus
1437 2915 1558 2981 dixerit
1578 2940 1653 2982 ana·

385 3020 495 3085 thema
523 3043 592 3084 esse
619 3020 750 3102 debere,
787 3019 966 3103 quicunqne
994 3019 1089 3081 aliam
1119 3018 1227 3100 tidem,
1262 3039 1358 3102 quam
1386 3018 1470 3102 apud
1500 3018 1654 3085 Nieaeam

386 3123 523 3187 trecenti
546 3123 654 3186 ‹leeern
677 3126 711 3185 et
731 3124 803 3186 octo
825 3120 1024 3185 venerabiles
1045 3123 1153 3203 patres
1181 3119 1433 3201 constituenu1t‚
1462 3120 1579 3187 docere
1606 3123 1654 3187 rel

386 3225 554 3289 immutare
577 3224 720 3288 voluerit.
768 3214 817 3287 hd
840 3222 901 3286 hoo
922 3222 1020 3285 etiam
1042 3244 1111 3303 eos,
1141 3245 1219 3307 quos
1247 3222 1392 3306 superius
1414 3222 1656 3308 ‹mmprehenrli-

386 3350 467 3408 mas,
491 3327 522 3391 id
545 3329 594 3390 est
609 3325 793 3390 Nestorium
816 3328 848 3389 et
863 3323 1076 3408 Eutychetem
1092 3324 1334 3407 damnaverunt,
1359 3347 1438 3409 (laos
1456 3346 1516 3389 nos
1531 3349 1656 3412 quoque

454 3604 474 3667 ²)
492 3600 511 3651 b
525 3618 559 3654 eo
574 3609 697 3667 propter,
717 3600 751 3651 ΙΙΙ
765 3601 790 3650 a¹
810 3608 925 3665 praeter.
957 3595 1089 3649 Similiter
1106 3594 1191 3648 etiam
1202 3594 1230 3648 in
1243 3595 1371 3650 henotico
1384 3596 1560 3660 Zenoniano,
1579 3600 1656 3669 enjus

386 3684 547 3739 Anrrshasius
570 3683 805 3754 pertinaeissinrus
827 3682 926 3736 vindex
945 3682 1018 3746 erat,
1041 3680 1116 3750 apud
1134 3679 1284 3747 Evagrinm
1304 3681 1353 3746 ΙΙΙ,
1374 3688 1405 3734 14
1426 3684 1539 3751 peceati
1557 3701 1655 3755 espen

386 3765 607 3839 (ἀναμάρτητος)
626 3790 661 3823 ea·
680 3775 729 3822 ner
743 3774 867 3836 neolone
889 3773 1045 3823 iecessario.
1068 3782 1115 3819 sen
1141 3765 1171 3818 ut
1186 3764 1390 3835 interpretatur
1407 3764 1558 3823 Liberatus
1574 3788 1597 3823 r.
1616 3774 1655 3833 ¹8,

384 3861 439 3907 sine
457 3867 563 3922 perorato
581 3875 616 3907 rar
636 3860 684 3907 slei
700 3859 822 3919 israilrtre
839 3858 972 3905 seeundum
991 3857 1119 3903 vamtatem
1138 3857 1282 3903 lrrearnotrb
1300 3849 1487 3920 praedicatur.
1526 3853 1593 3908 l'osl
1610 3870 1653 3907 w

385 3957 445 3992 cern
463 3944 606 3993 homoaa'on
624 3937 889 4007 subintelligendum
908 3938 951 3989 est
973 3947 998 3989 et
1018 3956 1066 4002 per
1083 3941 1165 3988 omnio
1187 3941 1297 3991 rasilem.
1336 3936 1401 3991 Mox
1419 3936 1455 3991 ΙΙΙ
1469 3940 1495 3991 a*
1515 3945 1652 4007 padum

384 4025 457 4092 (loco
473 4028 628 4094 probaram).

454 4114 474 4177 ³)
491 4110 609 4164 Eosdem
633 4111 717 4166 etiam
741 4108 890 4164 henoticon
912 4107 1090 4163 anathemate
1113 4106 1269 4176 perculerat
1293 4106 1321 4159 in
1339 4107 1411 4160 hunc
1430 4107 1559 4162 modurn:
1594 4114 1650 4175 ρι’·

386 4215 483 4264 viraque
506 4217 566 4249 erro
588 4203 664 4250 aliter
682 4208 725 4249 orit
742 4201 822 4249 sensit
840 4205 883 4247 ant
900 4200 988 4255 sentit,
1010 4200 1049 4246 rel
1066 4212 1130 4245 areae
1148 4198 1187 4244 nel
1203 4196 1402 4260 quomloraaqae
1424 4198 1503 4251 alios.
1526 4201 1579 4249 sire
1596 4200 1652 4247 ‹ur-

385 4285 497 4334 rhedone
514 4287 566 4334 rire
584 4288 609 4335 in
627 4288 680 4335 olio
698 4285 808 4351 orrelibel
826 4284 935 4347 synodo,
954 4298 1007 4332 erem
1025 4281 1272 4333 anathematizamur.
1297 4283 1437 4345 praecipue
1460 4290 1544 4333 tons
1562 4284 1650 4334 Nesto·

386 4372 447 4417 riam
466 4378 491 4418 et
510 4370 641 4432 Hieroclen
660 4378 685 4419 r!
702 4386 757 4426 cos,
777 4371 820 4435 qui
836 4370 902 4418 idern
919 4384 972 4417 ran
989 4368 1040 4416 illie
1055 4367 1175 4415 sentiant.
1212 4360 1297 4429 Cuius
1311 4361 1448 4417 formulae
1460 4363 1551 4419 verba
1560 4382 1649 4434 qm·

386 4449 427 4502 ris
445 4452 535 4504 mutet
552 4451 726 4515 harenarius,
745 4452 776 4504 ut
794 4450 916 4517 rejectae
935 4446 1166 4502 Calelredonensis
1184 4446 1283 4515 synodi
1301 4445 1434 4501 invidiam
1448 4447 1579 4515 decliner,
1594 4449 1650 4517 sjm

385 4538 480 4590 tannen
497 4536 663 4590 sententiam
681 4536 737 4589 alte
755 4535 782 4588 in
801 4534 893 4589 animo
912 4534 1032 4588 defixam
1050 4531 1164 4596 retinet,
1182 4535 1214 4586 ut
1230 4531 1353 4585 subnexa
1370 4531 1500 4601 prodent.

453 4623 475 4679 *ι
493 4621 536 4674 lta
554 4622 587 4673 a*
603 4624 642 4685 a¹3
666 4621 683 4671 h
697 4638 731 4674 ee
753 4626 884 4676 cratodr'rr'.
925 4619 1062 4689 Expressa
1085 4618 1128 4669 est
1150 4617 1219 4671 haee
1240 4616 1380 4671 sententia
1403 4634 1436 4670 ex
1460 4616 1649 4680 hereticam

387 4721 441 4771 quo
464 4706 499 4759 de
517 4705 643 4773 symbolo
661 4705 782 4759 Nieaeno
802 4705 902 4758 (heitar
920 4708 1004 4759 τοῦτο
1027 4697 1081 4772 γάρ
1103 4702 1153 4756 sal
1174 4697 1278 4771 nisos,
1302 4697 1340 4764 oie
1359 4700 1487 4769 ἔφαμεν,
1515 4699 1570 4772 τὴν
1586 4698 1648 4772 q'pe·

387 4790 473 4857 ripas
490 4786 655 4857 περισώζειν
668 4785 889 4858 τεθαρὁκαμεν
902 4791 1068 4860 debilitas,
1088 4787 1162 4855 quod
1180 4786 1326 4841 Liberatus
1345 4806 1367 4840 e.
1384 4791 1415 4841 18
1432 4787 1520 4843 lat-iae
1533 4787 1585 4843 sir:
1606 4792 1649 4841 bc

386 4880 449 4929 roim
467 4882 544 4929 sobam
563 4888 686 4937 aristeum,
706 4887 731 4928 ut
749 4881 872 4941 dirimas,
890 4896 990 4945 reyaron
1009 4880 1108 4926 solvere
1126 4877 1279 4939 confidimns.
