3412 5664
640 113 855 165 raaauaura
880 107 1025 166 12-15.
1414 105 1475 169 491

167 283 313 350 ictum
340 272 487 356 pontifex
519 272 646 336 noverit
679 292 747 335 esse
776 270 1010 356 concessam2),
1043 274 1201 357 quatenus
1229 272 1312 358 apud
1336 273 1477 357 judicem

167 373 392 470 ¹»revincire
415 373 572 440 atrocium
593 373 785 459 injuriarum
806 376 941 460 quaerat
961 374 1179 460 propositione
1200 374 1386 440 vindictam.

657 577 937 683 Fragmentum
965 579 1018 663 15.

217 725 259 777 Ut
287 722 329 771 dc
346 721 455 783 abjectis
473 721 581 770 diacaua
598 719 744 770 Verulauae
762 719 872 768 ciuitatis
890 720 1019 768 calumniis
1031 719 1155 782 judicium
1173 720 1307 770 instituant
1324 727 1349 770 et
1368 722 1445 786 dipua

719 805 813 853 ultione
831 804 965 853 vindicent.

362 919 549 985 Gelasius
570 920 754 1007 Rufino¹)
778 923 816 983 et
836 919 953 984 Justo
976 919 1186 1004 episcopis.

289 1038 452 1106 Honorati
479 1043 513 1104 et
533 1039 677 1124 primarii
699 1038 882 1104 Verulanae
910 1037 1049 1103 ciuitatis
1081 1038 1183 1102 fusius
1210 1039 1303 1103 nobis
1330 1041 1478 1125 precibus

207 1143 445 1232 supplicarunt,
469 1141 553 1206 sicut
574 1141 711 1208 habetur
731 1142 767 1206 in
789 1140 935 1224 subditis,
959 1141 1073 1225 quibus
1096 1141 1192 1205 etiam
1211 1141 1478 1226 subscriptionem

211 1245 371 1335 propriam
394 1244 645 1328 commodarunt,
669 1266 702 1308 se
725 1245 766 1308 ab
782 1242 923 1328 Agnello
945 1243 1079 1307 diaumo
1101 1243 1192 1327 graui
1213 1244 1478 1308 contumeliarum

217 1346 447 1436 pererebuisse
469 1349 663 1430 maceratos,
689 1350 725 1410 ut
747 1347 844 1410 etiam
866 1345 970 1430 reos²)
993 1344 1141 1429 perjurii,
1166 1344 1249 1408 sicut
1270 1345 1332 1429 ipsi
1355 1345 1476 1430 dicuint,

220 1473 252 1517 se
272 1451 413 1515 asserant
433 1447 618 1512 inclinatos,
663 1448 708 1512 Et
729 1448 817 1531 ideo,
850 1448 968 1511 fratres
996 1447 1168 1530 carissimi,
1203 1447 1376 1511 secundum
1398 1449 1477 1532 peti-

222 1551 292 1616 torii
310 1550 400 1615 fidem
422 1549 607 1635 supradicto
629 1550 763 1615 diacono
786 1549 826 1613 ad
845 1553 985 1613 vestrum
1004 1549 1170 1633 judicium,
1194 1549 1383 1615 imminente
1398 1551 1477 1615 Lau-

227 1653 320 1717 rentio
339 1651 504 1717 &manae
526 1650 678 1717 eeclesiae
708 1652 889 1735 (leiensore,
923 1673 996 1716 mox
1025 1652 1177 1737 deducto,
1213 1652 1356 1717 veritatis
1379 1675 1477 1718 asser-

227 1752 305 1829 b'one
328 1754 468 1819 discussa
497 1755 525 1819 si
552 1755 733 1819 constiterit
756 1753 961 1840 iutegritas3)
983 1754 1245 1838 supplicantium,
1275 1757 1331 1819 aut
1351 1755 1478 1820 intenta

229 1853 327 1921 doceat
344 1856 506 1939 diaconiis,
530 1861 587 1921 aut
608 1857 646 1920 de
669 1859 737 1941 ejus
759 1856 967 1939 protervitate
982 1855 1135 1921 noveritis
1151 1878 1219 1920 esse
1236 1856 1477 1922 vindicandum:

230 1960 367 2038 quatenus
395 1959 434 2024 de
462 1960 563 2024 tantis
591 1959 772 2024 excessibus
799 1962 992 2024 memoratae
1020 1958 1184 2042 improbae
1207 1959 1398 2024 temeritatis
1426 1981 1477 2023 ex-

290 2248 388 2316 uuam
407 2249 521 2305 clericos
536 2249 643 2318 judicia
659 2248 773 2318 publica
789 2266 837 2303 scu
855 2249 1008 2304 saecularia
1020 2246 1173 2302 inconsulto
1186 2263 1219 2301 ac
1231 2264 1287 2302 non
1299 2250 1478 2317 permittente

228 2325 343 2405 ‘rumpo
357 2336 511 2403 uetuerunt
532 2335 671 2403 expetere.
708 2333 785 2388 Istud
808 2333 972 2390 nominatim
995 2349 1068 2388 anno
1086 2337 1136 2386 465
1158 2331 1187 2385 in
1210 2332 1325 2388 concilio
1344 2333 1478 2389 Venetico

226 2423 241 2460 θ·
258 2417 281 2466 9
300 2419 498 2476 cambituerunb:
522 2426 622 2474 clericis
640 2425 689 2473 misi
706 2439 741 2473 ex
761 2426 887 2488 perruirsu
904 2426 1081 2488 episcoporum
1098 2437 1198 2473 suarum
1215 2424 1359 2472 saecularia
1376 2425 1478 2486 judicia

224 2497 300 2555 stin
313 2525 354 2560 ms
369 2513 453 2562 liceat.
489 2504 520 2559 Id
539 2503 632 2575 ipsum
649 2506 677 2558 et
695 2505 779 2559 antea
796 2520 868 2558 anuo
886 2511 936 2557 tua
954 2502 982 2556 in
999 2501 1195 2572 Andegavensi
1210 2502 1325 2558 concilio
1338 2505 1477 2570 caverant,

222 2574 250 2669 ὅ.
267 2590 360 2652 pua
379 2590 408 2645 in
430 2589 623 2645 Aurelianensi
645 2589 684 2643 111
707 2607 729 2642 c.
748 2597 780 2643 32
803 2607 836 2642 ac
857 2587 983 2658 pluribus
1006 2587 1067 2641 aliis
1089 2588 1242 2648 firmarunt.
1283 2587 1417 2652 Quocirca
1439 2588 1478 2641 uil

220 2670 329 2741 mmm,
348 2674 369 2730 si
385 2676 526 2731 Romanus
551 2673 666 2730 antistes
688 2673 824 2744 episcopis
846 2672 945 2727 Italiae
966 2672 1020 2726 sibi
1037 2672 1169 2741 subjectis
1184 2671 1215 2724 id
1237 2671 1417 2741 permittendi
1431 2674 1478 2743 jus

220 2740 275 2803 '¹²5
298 2761 411 2830 merit,
429 2778 462 2816 ac
480 2779 552 2816 niune
565 2758 692 2816 (talasius
704 2758 841 2829 Salpirrati
860 2757 990 2827 episcopo
1009 2757 1046 2811 ad
1059 2755 1183 2825 judicem
1201 2756 1345 2826 publicum
1357 2758 1478 2814 adeundi

219 2832 379 2921 maletum
396 2846 542 2905 concedat.
573 2845 684 2911 Quanta
701 2846 795 2899 autcm
813 2841 961 2897 severitate
979 2842 1038 2896 utri
1057 2841 1206 2912 episcopis,
1223 2841 1395 2912 presbyteris
1407 2844 1478 2898 cete·

218 2927 314 3060 mue
327 2930 425 2988 clericis
443 2931 553 3002 judicia
574 2929 687 3001 publica
709 2927 916 2994 interdixerint,
939 2927 1021 2983 docet
1042 2926 1170 2997 vulgatus
1189 2926 1276 2982 codex
1294 2944 1390 2983 canon.
1411 2929 1476 2984 eccl.

282 3028 308 3066 c
321 3031 340 3071 c.
352 3022 382 3073 15
393 3019 423 3072 et
436 3023 492 3072 104.

167 3138 170 3207 p
222 3106 249 3155 ¹⁵
296 3118 312 3185 ¹)
325 3117 383 3174 eod.
401 3118 570 3174 Laborantis
588 3123 705 3173 Martiae
723 3130 748 3172 et
765 3122 846 3176 lama.

293 3218 362 3285 ‘illu
377 3220 421 3277 Τῑ.
452 3219 529 3275 Editi
546 3242 597 3275 res.

293 3318 376 3385 'illoc
397 3321 510 3392 quidem
533 3323 625 3394 ipsum
648 3321 794 3378 concilium
817 3321 1040 3382 Calchedoneuse
1063 3340 1085 3377 c.
1105 3329 1136 3376 m
1160 3321 1194 3376 de
1216 3322 1341 3391 personis
1363 3323 1477 3379 clericos

229 3387 410 3463 Mutuus
428 3411 553 3464 caverat:
572 3414 684 3463 Clericus
696 3420 741 3463 aut
754 3415 846 3469 laicos,
865 3405 1003 3475 inquiens,
1021 3418 1170 3462 accusantes
1188 3413 1323 3476 episcopos
1341 3419 1384 3462 aut
1402 3415 1475 3463 cleri·

233 3492 282 3541 ωἰ
296 3497 375 3556 neth
391 3505 418 3549 et
434 3499 489 3548 siue
510 3498 664 3564 probaticae
682 3500 718 3548 ad
734 3499 919 3547 (accurationem
936 3500 1020 3561 recipi
1036 3514 1085 3549 sou
1103 3495 1208 3554 debere,
1232 3499 1282 3547 uisi
1301 3499 1375 3561 prius
1392 3513 1478 3548 earum

238 3564 364 3631 &was
378 3585 574 3635 existimationis
591 3585 687 3647 opinio.
722 3579 850 3632 Pluribus
869 3578 902 3631 dc
921 3579 1019 3633 eadem
1038 3595 1067 3632 re
1086 3577 1173 3632 codex
1191 3595 1328 3633 canonum
1346 3579 1477 3636 ecclcsiae

242 3644 357 3717 lffime
372 3680 396 3719 c.
413 3670 462 3719 128
480 3665 509 3719 ct
527 3670 574 3718 1⁶29
594 3666 662 3733 (syn.
679 3664 730 3718 Vll
749 3663 880 3733 carthag.
895 3680 916 3718 c.
933 3671 945 3716 1
960 3665 989 3719 ct
1000 3668 1027 3732 2)
1045 3662 1119 3732 agit:
1151 3668 1286 3730 Definimus
1303 3684 1357 3718 eum
1375 3670 1424 3719 rite
1443 3672 1479 3720 acl

245 3749 393 3803 “wicun
414 3747 482 3817 (scil.
501 3752 660 3817 clericorum)
680 3770 729 3804 aas
747 3755 857 3811 admitti,
883 3749 931 3819 qui
951 3760 1118 3819 posteaquam
1139 3755 1367 3804 excommunicatus
1387 3754 1477 3818 suerit,

247 3818 319 3892 “litt
330 3837 408 3889 mure
424 3840 681 3890 excommunicatione
698 3841 860 3896 constitutus.
878 3840 931 3889 siue
948 3841 982 3889 sit
1000 3840 1108 3889 clericus
1119 3840 1172 3889 siae
1189 3841 1282 3899 laicum,
1300 3854 1423 3890 accusare
1435 3857 1478 3891 aa·

249 3907 306 3966 ΜΙ-
328 3921 386 3974 len
400 3927 511 3990 placuit,
530 3933 557 3974 ut
574 3940 658 3974 omues
676 3926 743 3975 serui
759 3928 798 3974 ael
813 3925 917 3989 proprii
934 3923 1020 3974 liberti
1036 3925 1072 3973 ad
1083 3927 1268 3976 accusationem
1280 3941 1329 3975 aaa
1342 3927 1477 3977 admittan-

251 3998 285 4053 ἰ
302 4007 333 4056 sel
348 4024 446 4070 oms,
468 4026 531 4076 quas
554 4011 590 4060 ad
610 4012 755 4060 accusanda
780 4010 884 4075 publica
905 4011 1011 4059 miurinus
1034 4013 1102 4072 lepes
1123 4011 1239 4077 publicae
1262 4027 1312 4061 acu
1333 4012 1476 4062 admittunt.

249 4074 310 4140 Μ
321 4094 390 4145 eus·
408 4094 529 4158 &suniae
553 4097 656 4146 macariis
679 4099 791 4160 aspersi,
815 4096 844 4144 id
864 4103 903 4145 est
925 4096 1062 4145 histriones
1080 4112 1111 4146 ac
1129 4096 1327 4160 turpitudinibus
1344 4096 1476 4159 subjectae

167 4208 173 4220 ·
246 4178 348 4245 Μς
365 4179 490 4232 umus
506 4182 588 4240 etiam,
606 4182 658 4230 sice
676 4183 778 4246 papatui,
797 4182 850 4230 siue
866 4181 969 4232 dadraei.
1005 4180 1059 4230 Sed
1079 4189 1161 4231 tamen
1178 4180 1302 4240 amuibsu,
1325 4182 1416 4247 quibus
1433 4197 1475 4231 ac·

243 4262 471 4332 Udesepster,
489 4267 515 4316 is
533 4269 617 4316 causis
634 4268 748 4331 propriis
766 4267 905 4317 accusandi
921 4267 1023 4316 licentia
1041 4280 1090 4315 uas
1103 4273 1142 4316 est
1153 4268 1312 4331 deucpaudu.
1343 4260 1476 4316 Similiter

236 4334 281 4407 'n
292 4345 429 4401 concilim
446 4347 472 4401 ll
489 4346 709 4417 Carthaginensc
732 4366 804 4403 anno
822 4355 872 4402 390
890 4364 950 4402 cau.
969 4354 985 4401 6
1007 4347 1155 4403 statuerat:
1185 4354 1318 4403 Gesects'us
1340 4354 1476 4418 episcopm

234 4430 297 4484 fl:
312 4438 396 4502 μετα
411 4450 475 4502 erpa
491 4438 599 4487 caritati
615 4445 727 4496 restrae,
751 4445 777 4487 ut
795 4438 817 4487 is
835 4441 878 4502 qui
894 4439 1020 4504 aliquibus
1035 4438 1173 4489 sceleribus
1190 4439 1305 4490 irretitus
1323 4444 1374 4496 cst,
1392 4453 1475 4488 uocem

228 4520 331 4572 &enus
346 4522 461 4586 naiores
478 4530 538 4573 satu
556 4540 605 4574 uon
623 4524 715 4573 lrabeat
733 4524 889 4573 accusandi?
920 4524 960 4572 Ab
978 4525 1101 4574 uniuersis
1119 4525 1247 4589 episcopis
1264 4525 1356 4572 dictum
1373 4530 1427 4572 est:
1452 4526 1477 4574 sl

222 4606 354 4659 aalma
369 4614 422 4673 est,
442 4615 469 4659 ut
480 4624 530 4659 nou
542 4610 703 4673 adtribuatur,
723 4608 833 4658 amnibus
850 4610 944 4672 placet,
974 4605 1045 4660 Hinc
1056 4603 1143 4677 igitur
1156 4604 1234 4674 justa
1245 4602 1383 4675 pontificis
1394 4621 1475 4674 prae·

216 4688 305 4747 mutio.
