3450 5678
580 345 673 394 vrrs.
696 367 738 376 -
760 343 930 396 aersrona
954 337 982 394 1.
1354 332 1414 398 641

150 506 247 564 homae
260 506 324 563 inde
335 505 397 578 jura
413 505 500 563 divina
518 506 687 581 humanaque
702 507 815 563 eoniusa
830 515 903 564 sunt.
941 507 1051 564 uenum
1067 525 1137 566 anno
1153 508 1214 567 506
1230 508 1416 568 Theudoricus

148 609 194 648 res
209 607 279 649 nova
293 591 444 666 Symmachi
465 590 601 666 legatione
621 609 670 665 per
685 592 842 648 bioscorum
865 592 1005 649 diaconum
1021 593 1230 650 Alexandrinum
1245 595 1361 667 petitus,
1389 604 1418 651 ut

149 693 243 733 omnes
265 678 293 733 in
310 675 376 732 urbe
391 676 519 732 ecelesiae
540 676 612 732 tituli
635 677 721 733 eidem
742 679 953 733 restituerentur
973 672 1100 752 euecti).
1143 679 1210 734 Tum
1231 680 1259 736 in
1280 681 1417 753 praedium

149 761 284 836 quoddam
293 759 364 817 Festi
380 762 486 837 p'atroni
502 762 545 817 sui
560 760 817 825 cessitbaurentius
834 763 877 819 ulii
893 763 1065 820 utJohannes
1081 763 1208 820 diaconus
1220 763 1332 839 (Symm.
1342 764 1419 841 epil)

144 846 222 918 justo
246 844 367 921 pontifici
387 846 582 902 satisfacientes
609 845 802 922 indulgentiam
831 858 998 903 meruerunt.
1042 847 1136 922 Neque
1161 849 1264 905 interea
1291 852 1420 908 omiserat

148 931 334 1006 Symmachus,
356 932 421 1005 quin
437 932 509 987 omui
522 931 602 988 modo
619 939 646 987 et
661 931 817 1006 disciplinae
832 932 1029 989 ecclesiasticae
1045 941 1077 989 et
1087 935 1170 990 statui
1185 932 1319 992 Romanae
1334 935 1420 992 eccle·

147 1018 204 1073 siae
219 1016 385 1073 consuleret.
425 1015 480 1072 Etsi
501 996 598 1090 synodi
619 1015 679 1072 illae
700 1021 800 1090 quinta
824 1024 851 1072 et
872 1026 959 1075 sexta
973 1017 1189 1075 Pseudo-Isidori
1205 1035 1276 1074 mera
1292 1018 1420 1095 figmenta

149 1110 222 1173 sunt,
240 1109 328 1158 tamen
344 1118 407 1158 vere
423 1102 517 1176 quinta
532 1101 653 1175 synodus
668 1103 695 1157 in
711 1101 818 1158 basilica
833 1120 855 1157 s.
870 1101 941 1158 l'etri
956 1101 1056 1159 Romae
1071 1102 1139 1158 dvi
1152 1102 1309 1160 Novembris
1325 1121 1348 1160 a.
1358 1103 1419 1163 502

148 1189 184 1244 de
200 1188 288 1244 rebus
303 1179 445 1244 ecclesiae
461 1189 669 1244 conservandis
684 1185 773 1243 habita
788 1194 839 1250 est.
861 1204 1020 1264 quamquam
1040 1205 1054 1243 a
1075 1187 1266 1245 collectoribus
1287 1206 1420 1258 monum

149 1272 268 1328 confuso
284 1271 379 1328 ordine
394 1270 472 1329 uobis
487 1279 592 1327 servata
607 1271 718 1346 (Symm.
736 1273 815 1345 epist.
830 1272 869 1344 6).

235 1355 266 1412 4.
296 1355 396 1413 liudem
417 1357 474 1413 lere
497 1365 618 1431 tempore
637 1358 785 1430 imperator
806 1359 960 1414 Anastasius
982 1375 1036 1414 non
1058 1366 1202 1416 contentus
1224 1360 1353 1417 ecclesiae
1367 1358 1421 1418 llo·
1514 1398 1521 1419 r

150 1458 244 1499 manae
259 1440 477 1516 perturbatione,
504 1458 583 1516 quam
604 1443 777 1506 excitaverat,
804 1441 931 1498 adversus
947 1443 1135 1517 Symmachum
1157 1446 1213 1519 ipse
1228 1444 1348 1502 libellum
1363 1445 1422 1502 vul·

151 1529 225 1602 gavit
239 1526 410 1584 contumeliis
426 1535 453 1583 et
469 1526 586 1601 querelis
601 1527 741 1584 refertum.
772 1526 819 1583 Cui
835 1536 962 1585 strenuus
978 1523 1100 1603 pontileir
1116 1529 1289 1603 apologetico
1304 1539 1422 1594 tractatu

150 1612 317 1688 respondere
332 1611 477 1677 festinavit,
499 1629 554 1687 quo
569 1629 648 1687 quarn
663 1614 770 1688 iniquae
786 1621 878 1668 essent
898 1613 970 1669 illius
991 1621 1047 1668 tum
1063 1614 1242 1671 contumeliae
1259 1623 1314 1671 tum
1331 1615 1421 1689 queri·

151 1699 257 1755 maniae
278 1696 479 1754 demonstrabat
500 1696 589 1772 (epist.
608 1696 669 1770 10).
714 1696 855 1772 Quumque
880 1697 951 1755 idem
973 1699 1129 1754 Anastasius
1154 1701 1182 1755 iu
1198 1699 1308 1757 Oriente
1328 1699 1422 1758 ortho-

152 1782 254 1845 doxos.
276 1783 321 1856 qui
342 1781 587 1839 Calchedonensem
615 1782 748 1857 synodum
769 1781 992 1857 propugnabant,
1019 1800 1114 1840 vexare
1135 1801 1190 1840 non
1213 1785 1372 1848 desisteret.
1396 1785 1423 1841 hi

154 1867 224 1943 apud
239 1866 361 1923 eumdem
377 1884 510 1924 summum
527 1884 621 1942 papam
636 1868 761 1924 solatium
778 1869 1044 1941 quaesierunt‚enixe
1056 1879 1194 1942 rogantes,
1207 1886 1241 1926 ne
1256 1871 1423 1927 communic·

153 1969 213 2009 nem
229 1969 304 2009 suam
320 1960 432 2027 negaret
448 1953 626 2009 orthodoxum
642 1951 721 2008 fidem
736 1951 938 2027 profitentibus,
955 1970 1025 2028 quos
1040 1953 1097 2009 sola
1116 1953 1249 2010 Ecclesiae
1266 1954 1423 2012 universalis

156 2038 255 2095 utilitas
271 2049 332 2093 cum
345 2039 379 2093 iis
393 2039 590 2094 communicare
605 2045 744 2113 cogerent,
768 2039 814 2112 qui
830 2055 859 2094 se
874 2036 906 2093 ab
922 2039 1008 2095 Aeacii
1024 2040 1154 2095 societate
1169 2038 1259 2097 divelli
1279 2057 1333 2096 non
1349 2048 1424 2116 pate·

155 2131 248 2180 renim
262 2121 353 2197 (epist.
368 2121 427 2195 12).
465 2121 575 2179 Litteris
591 2139 684 2179 corum
700 2141 714 2178 a
725 2122 800 2194 justa
815 2124 966 2179 constantia
985 2123 1115 2180 dimoveri
1136 2141 1190 2181 non
1207 2125 1296 2188 valuit,
1318 2124 1366 2181 sed
1382 2141 1424 2180 re·

154 2209 301 2282 sponsione
323 2209 361 2263 eis
383 2208 452 2265 iacta
472 2215 629 2264 constanter
649 2209 778 2272 asseruit,
805 2207 1062 2282 sedisapostolicae
1088 2211 1305 2266 communionem
1324 2210 1425 2266 nemini

153 2291 322 2366 sperandam.
344 2294 395 2349 nisi
416 2295 461 2367 qui
478 2310 492 2348 a
507 2293 693 2349 damnatorum
709 2294 897 2350 communione
912 2310 1025 2366 prorsus
1040 2285 1180 2350 secederet
1200 2293 1291 2368 (epist.
1306 2292 1366 2367 13).
1386 2324 1422 2335 —

152 2377 225 2434 atas
240 2372 270 2434 iri
284 2377 333 2433 alia
350 2387 437 2434 terrae
452 2386 529 2452 parte
544 2395 594 2452 pro
610 2376 671 2435 fidei
688 2379 845 2453 integritate
860 2376 1023 2434 luctantibus
1039 2378 1159 2436 solamen
1175 2387 1202 2436 et
1218 2379 1338 2436 levamen
1353 2380 1425 2436 ierne

147 2463 196 2536 pie
217 2463 373 2538 properavit
393 2465 454 2537 pius
475 2462 596 2537 pontiier
617 2461 706 2537 (epist.
725 2464 779 2526 11;
807 2462 879 2519 conl.
905 2465 1027 2519 inustas.
1050 2463 1068 2518 l.
1081 2461 1132 2535 c),
1163 2466 1210 2538 qui
1231 2468 1293 2522 sola
1312 2468 1425 2538 putauit

142 2549 257 2615 luera,
279 2563 355 2622 qaae
373 2551 431 2621 ipsi
444 2550 479 2605 de
498 2550 675 2605 liberalitate
696 2556 890 2605 nascerentur
910 2546 1000 2623 (epist.
1015 2547 1069 2610 20:
1096 2549 1168 2604 coni.
1186 2551 1265 2624 epist.
1279 2546 1423 2621 17-24).

134 2631 216 2689 Nec
230 2634 334 2690 miuore
354 2649 414 2689 cum
436 2635 588 2690 constantia
608 2643 635 2689 et
656 2635 755 2707 pietate
777 2632 925 2689 Gallicanae
946 2633 1074 2689 ecclesiae
1095 2634 1246 2696 consuluit,
1274 2636 1302 2690 in
1324 2651 1377 2708 qua
1397 2641 1426 2690 et

129 2715 225 2776 ordo
239 2717 420 2775 hierarchicus
436 2720 584 2794 antiquitus
600 2719 766 2774 constitutus
789 2725 816 2773 et
836 2716 978 2792 disciplina
997 2718 1177 2775 ecclesiastica
1191 2719 1337 2794 periclitari
1353 2717 1426 2775 vide·

112 2804 243 2862 haser.
274 2801 387 2877 Utrique
401 2803 520 2877 periculo
536 2802 665 2859 medelam
681 2802 772 2858 attulit
787 2803 961 2876 Symmachus
984 2801 1073 2877 (epist.
1092 2802 1235 2875 14-16),
1257 2805 1303 2877 qui
1319 2802 1424 2860 modern

103 2882 282 2949 xlvcat.
301 2893 436 2963 Augustas
458 2889 519 2944 anni
537 2887 598 2945 514
621 2887 651 2943 ud
672 2904 787 2962 superos
808 2888 953 2944 translatus
975 2897 1029 2950 est,
1060 2886 1181 2944 laborum
1203 2896 1231 2944 et
1250 2889 1425 2944 certaminum

88 2995 129 3034 s
138 2983 269 3032 uorum
284 2974 400 3048 praemia
415 2982 584 3048 accepturus.
1088 2968 1091 2975 '

691 3177 894 3185 -----

679 3375 906 3567 Spissieplui
1406 3513 1411 3527 ¹
1440 3416 1562 3541 ,pm

404 3629 587 3684 Decretum
609 3625 773 3694 synodale
795 3639 822 3681 s.
845 3622 1038 3694 Symmachi
1059 3637 1177 3693 papae.

47 3748 98 3798 ¹·
149 3761 359 3841 Sumam
380 3776 515 3838 rugaret
537 3775 711 3824 ammana
737 3774 862 3823 emesae
884 3775 1013 3823 aomo
1041 3773 1071 3822 ue
1098 3773 1258 3834 saumana
1279 3769 1372 3832 moto
1395 3781 1429 3818 οι

212 3865 381 3924 meopte
399 3874 481 3924 papae
500 3860 651 3922 Symmachi

14 3908 88 3963 n*
136 3926 386 3999 htmtuautta
405 3947 557 4008 Symmachi,
573 3949 604 3994 ut
621 3944 773 4007 episcopalis
791 3944 904 3992 ambitus
921 3943 1047 3992 radicitus
1065 3945 1220 4004 amputetur.

10 3991 91 4046 m·
141 4014 356 4083 Quum
376 4031 478 4093 modi,
503 4035 534 4079 ut
555 4030 578 4078 si
600 4031 659 4090 quis
682 4043 750 4090 psps
771 4029 911 4090 superstite
935 4040 979 4090 prc
1000 4029 1112 4077 mmo
1134 4027 1287 4088 pontificatu
1310 4025 1430 4087 cuiquam

210 4117 451 4179 quonammodo
468 4116 582 4164 lavarem
599 4118 732 4176 praestare
750 4113 922 4173 convincitur,
944 4113 995 4162 loci
1017 4112 1059 4159 sui
1081 4111 1168 4161 ordine
1190 4111 1234 4160 vel
1256 4111 1429 4173 communicas

10 4237 75 4290 w
210 4204 370 4259 privetur.

78 4281 95 4296 ⁸
140 4261 236 4327 ut
269 4288 295 4338 sl
312 4299 380 4349 papa
397 4290 479 4336 morte
496 4289 651 4349 praeventus
672 4297 722 4334 aon
743 4284 856 4346 potuerit
878 4286 937 4332 ante
961 4283 991 4331 de
1015 4282 1056 4330 sui
1073 4283 1228 4331 successoris
1245 4281 1370 4331 electione
1388 4281 1431 4329 ds·

36 4404 87 4454 v
217 4379 360 4431 mers,
376 4372 400 4420 is
418 4371 547 4420 ordinetur
564 4371 683 4428 antima,
700 4381 777 4429 quem
794 4371 900 4417 cunctus
912 4367 996 4417 clerus
1008 4371 1055 4416 sut
1066 4369 1136 4417 certe
1148 4380 1209 4429 pars
1220 4366 1302 4428 maior
1314 4363 1431 4426 elegerit

90 4450 107 4466 “
149 4430 238 4497 ut
274 4457 380 4518 siquis
402 4457 545 4506 ambientes
566 4456 610 4505 vel
632 4456 746 4504 lautores
767 4453 934 4502 ambientium
958 4451 1183 4514 conjuratoresque
1205 4450 1357 4513 prodiderit,
1383 4458 1431 4496 non

38 4557 469 4620 Ν,-

51 4672 311 4797 {genteque
327 4707 368 4764 riri
388 4724 423 4763 ue
442 4706 568 4763 custodia
586 4705 707 4775 quadam
726 4703 904 4769 retineretur;
934 4702 1034 4782 deinde
1055 4703 1120 4773 post
1141 4701 1277 4781 synodum
1300 4698 1432 4778 annitcca

152 4761 250 4824 ¹¹¹¹]
270 4776 336 4832 rude
412 4794 493 4846 psum
504 4776 678 4842 Romamque
696 4789 836 4827 reversum
853 4788 918 4826 vere
937 4787 1099 4842 episcopum
1117 4771 1321 4825 aehrsmehcum
1407 4782 1430 4820 e.

86 4833 249 4958 92¹¹AE
269 4845 317 4983 ἐξ,
325 4860 487 4967 ssatucnymus
503 4843 632 4908 Blcnch.‚
660 4843 689 4895 ei
710 4839 836 4910 apprime
859 4839 998 4894 consentit
1015 4839 1174 4909 Symmachi
1197 4836 1312 4907 epist.8
1335 4851 1350 4889 e
1385 4851 1432 4904 ap·

166 4985 356 5054 *Floram
370 5016 475 5056 seusu.
489 5015 603 5052 rueras.
622 5000 642 5050 Ι.
1189 4997 1229 5055 41
