3450 5678
216 310 278 375 736
669 323 697 368 s.
715 320 896 371 suanacas
919 318 1033 367 eneas

214 488 374 544 saltationes
389 487 578 560 episcoporum
594 483 749 538 mordentes
764 481 950 544 subtliderunt.
966 496 1006 537 eae
1018 485 1189 553 praeceptis
1202 486 1291 556 repiis
1307 485 1499 543 evocationis

216 590 334 629 ceresam
348 571 442 643 fuisse
452 574 517 642 jam
534 573 689 642 coercitam,
712 576 740 624 et
753 567 859 624 Italiac
879 569 1197 624 summamoderantem
1212 584 1269 623 non
1287 567 1388 640 fuisse
1404 572 1500 641 quasi

215 661 250 714 de
266 677 336 714 nono
357 661 467 730 nepotio
489 656 706 711 cartsulendum:
727 656 797 725 plus
818 655 940 708 oleariae
961 661 988 708 ct
1008 656 1160 724 scriptioni
1184 655 1330 726 relipionis
1350 655 1495 721 debitum,

216 762 300 815 quom
313 745 500 814 praesentiae
513 742 681 811 principali.
727 737 827 792 Exhinc
842 738 966 812 digressi.
990 753 1023 792 ue
1038 738 1111 810 regis
1127 746 1154 792 et
1171 739 1289 793 virorum
1306 737 1496 794 honestarum

216 829 334 882 omnium
350 828 462 900 gratiam
478 824 584 880 laedere
600 823 768 887 viderentur,
792 825 930 879 botrorum
950 838 1048 877 rerum
1069 823 1096 877 iu
1112 821 1158 877 illo
1174 821 1318 877 laudarunt
1333 825 1495 895 affectum,

216 922 243 968 et
264 911 341 986 plura
362 917 507 966 texuerunt
533 907 625 970 verba,
657 907 754 982 quibus
780 925 810 962 se
839 924 941 963 summe
969 910 1067 964 colere
1095 910 1288 963 innocentiam
1318 916 1497 964 testarentur

216 996 245 1069 (t.
262 982 285 1052 ei
304 995 387 1066 aaa).
1153 1064 1157 1071 ,

301 1098 329 1153 2.
353 1097 414 1153 llos
425 1096 594 1157 addiderunt,
608 1097 634 1150 lu
647 1096 706 1169 ipso
718 1095 765 1151 illo
774 1094 876 1166 judicio
885 1103 987 1151 eontra
996 1093 1498 1167 apostolumimpanatoressummi

213 1186 359 1256 pontificis
370 1201 426 1238 nan
442 1184 563 1251 ariditas,
580 1199 627 1254 qut
624 1183 774 1237 eoelestis
788 1181 918 1236 mandati
931 1195 1069 1235 memoris
1082 1184 1195 1249 partem
1210 1194 1323 1234 struma
1340 1184 1495 1239 consortio

216 1270 353 1325 adulterii
362 1267 425 1338 (hoe
437 1269 507 1322 eninr
518 1268 590 1322 iuter
601 1264 650 1320 alia
662 1266 772 1320 erimine
781 1264 1053 1338 etiarusymrnactnuu
1065 1278 1188 1335 arguisse
1195 1261 1330 1335 videntur)
1338 1267 1494 1322 subduxe-

216 1360 299 1409 retnt:
310 1355 390 1408 immo
403 1354 503 1407 crimen
515 1326 984 1424 istudquodammodoapprobatum,
993 1348 1402 1421 quisineriminibusobjectis,
1412 1353 1497 1425 qarod

215 1456 270 1494 non
283 1439 457 1505 excluditur,
475 1438 665 1508 approbatur.
697 1434 780 1490 Simul
796 1437 985 1508 episcoporum
1001 1431 1160 1493 libertatem,
1171 1433 1216 1505 qui
1229 1445 1430 1506 suggesserant
1443 1453 1492 1510 pa·

215 1540 275 1597 pam
288 1522 412 1578 debuisse
424 1520 557 1595 synodum
569 1536 726 1583 convocare,
739 1528 873 1592 tamquam
884 1534 943 1592 eegr
936 1516 1176 1574 'eotttumeliosam
1189 1525 1309 1573 taxantes
1321 1519 1490 1594 allegarunt,

215 1611 361 1665 oblocutos
376 1609 543 1663 sacerdotes
556 1606 818 1677 praeceptionibus,
841 1621 872 1659 ae
887 1604 1028 1677 qrtoddam
1049 1603 1232 1674 seterilepium
1249 1619 1318 1664 esse,
1341 1610 1413 1661 mati
1433 1609 1490 1661 ali·

215 1695 338 1766 quidde
360 1696 470 1748 terreni
489 1694 595 1747 domini
608 1693 743 1762 jussione
763 1692 876 1759 sentiri,
899 1686 1075 1763 apponendo-t
1103 1690 1168 1758 quis
1188 1689 1251 1759 repr·
1263 1689 1361 1744 debuit
1376 1693 1487 1759 dicere,

128 1834 134 1843 ,
213 1796 322 1850 papam
348 1781 508 1850 oportuisse
535 1778 672 1849 synodum
700 1779 881 1831 conuocare?
925 1774 1008 1829 Certe
1033 1773 1110 1845 arrad
1133 1774 1161 1826 in
1182 1773 1240 1826 bac
1257 1781 1348 1844 parte
1370 1784 1488 1832 canstat

216 1866 399 1934 exemplum?
432 1863 518 1918 Itium
536 1865 712 1934 praecipue,
739 1864 789 1933 qui
808 1862 966 1915 criminosis
986 1860 1137 1913 inultorum
1156 1860 1404 1928 propositionibus
1418 1865 1485 1933 jam

208 1950 346 2021 jacebat,
374 1963 456 2021 quern
477 1949 531 2004 leuc
547 1946 651 2018 suerat
666 1948 805 2001 damnare
825 1947 902 2042 quod
914 1947 1012 2017 arqui,
1040 1945 1089 1997 eui
1106 1948 1344 2014 praeropatieam
1363 1949 1485 2003 coelitus

103 2078 142 2130 ¹,ss
156 2079 163 2129 l
215 2036 393 2105 adscriptam
417 2034 539 2089 bostium
564 2048 681 2087 setarum
708 2032 848 2087 oblocutio
868 2032 934 2101 J'am
956 2030 1086 2083 udisset!
1126 2027 1283 2083 Peccatori
1299 2030 1371 2085 dicit
1391 2031 1484 2087 lteus:

109 2096 200 2210 33⁵²&
215 2136 329 2191 „quare
345 2126 375 2173 tu
391 2112 518 2173 enarras
525 2121 660 2188 justitias
674 2132 766 2172 meas
764 2116 793 2149 '⁸‘
823 2115 984 2171 Protrtteas
998 2113 1091 2186 igitun
1109 2127 1158 2184 per
1172 2113 1358 2187 apostrophen
1373 2116 1482 2171 eosdem

215 2204 357 2277 episcopos
378 2201 586 2287 compellabant,
614 2205 681 2274 quia
700 2219 782 2273 papa
804 2202 881 2257 beuti
899 2200 981 2255 Petri
1001 2200 1125 2269 apostoli
1148 2201 1276 2254 vicarius
1301 2204 1481 2271 aestimatur,

215 2290 395 2344 archiatrum
411 2290 477 2360 ejus
493 2291 657 2358 corporis
624 2305 642 2341 o
642 2288 738 2358 fferre
753 2288 937 2342 medicinam.-
958 2284 1095 2356 quarrada
1117 2299 1165 2337 eos
1180 2287 1296 2339 animae
1310 2287 1381 2356 ejus
1395 2303 1479 2343 cura-

216 2376 319 2428 tionem
335 2373 473 2428 exbiberi
488 2376 634 2428 renuetis?
678 2371 733 2425 'lali
756 2370 851 2433 motio,
873 2367 1036 2429 irriderent,
1054 2368 1166 2423 beatum
1181 2368 1300 2424 Petrum
1320 2389 1341 2425 ιι
1362 2371 1481 2428 Domino

215 2475 279 2513 erem
295 2460 371 2513 sedis
383 2460 540 2530 prieilcpiis
556 2460 599 2513 aei
614 2472 799 2512 successores
814 2458 880 2526 eJ'us
897 2455 1044 2525 peccandi
1056 2455 1201 2523 judicatis
1220 2456 1369 2512 licentiam
1385 2472 1479 2513 susce·

212 2546 300 2613 pisse.
331 2544 429 2597 tloutra
445 2541 577 2611 ejustuodi
592 2543 837 2615 praesumptionem
858 2539 908 2594 situ
924 2540 987 2612 ipsis
1003 2540 1153 2594 coetestem
1173 2537 1362 2611 gloriabantur
1376 2540 1478 2613 patea-

215 2631 282 2683 tiam
298 2629 442 2701 suffronio
458 2644 529 2695 esse,
551 2629 627 2700 pttod
641 2627 681 2681 ad
692 2627 869 2697 praesidium
891 2626 968 2680 iterati
987 2627 1111 2695 apostedi
1132 2625 1306 2695 ‹inputrirern
1329 2628 1480 2683 (dexteram

215 2716 435 2769 commodarent.
466 2713 524 2767 (tur
539 2711 664 2785 «laetique,
680 2709 820 2772 addebant,
843 2712 881 2766 ad
890 2713 1054 2781 principem
1070 2713 1249 2779 conrern'stis,
1272 2713 1300 2765 si
1313 2713 1415 2767 audiri
1427 2730 1479 2767 non

213 2799 320 2854 licebat
334 2802 510 2869 impetitum?
538 2797 567 2867 (l.
585 2814 609 2851 e.
627 2796 687 2853 uto
704 2805 731 2851 et
747 2794 829 2868 dil).

299 2900 327 2954 3.
360 2898 457 2953 lleitrde
473 2906 502 2952 ut
518 2899 706 2971 Synuuaeluuu
721 2897 880 2970 dignitatem
902 2898 984 2970 ipsam
1001 2893 1165 2970 perdideiam
1187 2906 1242 2952 tum
1255 2895 1311 2966 jam
1332 2898 1482 2971 perdidisse

214 2984 444 3044 riemtmstrarent.
465 3000 526 3039 eum
542 2985 623 3039 Esau
639 2981 840 3056 comparabant.
864 2986 915 3055 ιμιι·
928 2985 1050 3038 senioris
1070 2988 1196 3038 naturae
1211 2983 1382 3054 beneficium
1399 2989 1483 3039 unius

214 3071 271 3124 ribi
285 3060 502 3126 commutatione
516 3071 689 3140 perdidisset
704 3076 732 3123 et
744 3071 927 3140 primopeniti
941 3083 1044 3123 cernam
1065 3069 1228 3139 alienitatem
1250 3070 1395 3125 amisisset
1412 3070 1482 3141 sau·

214 3157 295 3210 cibus
309 3156 498 3227 obsequenda.
529 3153 605 3221 Quod
621 3153 691 3207 idem
706 3162 736 3207 ut
752 3154 825 3226 ipsos
841 3153 983 3227 episcopos
999 3150 1215 3225 tpuoddammedo
1230 3156 1377 3225 agnarum
1392 3162 1485 3211 ostea-

213 3239 318 3303 dereat‚
336 3256 404 3296 aera
420 3248 471 3303 est,
488 3237 652 3312 inquiebant,
668 3241 867 3309 episcoporum
883 3241 1013 3307 assertio,
1030 3239 1107 3293 sedis
1121 3241 1300 3308 apostoticae
1310 3242 1484 3311 praesulem

213 3328 353 3382 minorum
376 3343 523 3398 rttrnquam
543 3325 726 3396 subjacuisse
747 3326 920 3379 sentcntiae:
948 3340 1004 3379 cur
1023 3324 1109 3396 igitur
1128 3325 1169 3378 ad
1180 3326 1325 3394 Jndicium
1347 3327 1484 3381 districta

214 3415 399 3467 conuentione
409 3412 573 3482 productus
588 3413 650 3465 esti
671 3408 699 3479 (l.
717 3425 740 3463 c.
758 3406 840 3480 978).
886 3407 984 3463 lteittde
1004 3407 1111 3463 cottdlii
1126 3407 1159 3463 de
1174 3407 1326 3479 rejiciendis
1343 3420 1485 3467 aecusato-

214 3494 287 3550 ribus
302 3494 463 3551 irritaltililms
479 3496 640 3550 seutentiam
655 3492 734 3549 latius
750 3495 940 3567 perstrinxisse
956 3493 1090 3549 videntur.
1115 3493 1163 3548 Cui
1177 3490 1327 3551 addebant:
1343 3510 1402 3552 cur
1413 3512 1484 3567 per·

213 3597 302 3636 sonae
318 3584 425 3653 J'nssac
445 3583 500 3636 sint
518 3582 718 3652 praesentari.
747 3595 821 3651 pateis
842 3594 931 3650 saepe
950 3580 1110 3650 imperialis
1126 3581 1289 3652 tlapitasset
1307 3585 1480 3643 auctoritas.

213 3667 253 3720 ad
266 3667 517 3737 defraudationem
532 3669 609 3739 Jcreii
619 3668 770 3735 pertinere
785 3666 860 3735 eJ'ns,
883 3668 933 3737 qui
951 3680 1029 3720 nunc
1044 3667 1072 3719 in
1088 3665 1155 3718 sede
1170 3667 1329 3736 apostatica
1345 3670 1435 3741 quasi
1453 3670 1482 3721 in

213 3753 337 3822 arandam
358 3767 429 3807 aree
449 3753 586 3807 consistit.
632 3749 719 3822 thue
739 3748 852 3822 amplius
873 3747 1052 3804 admittendos
1080 3749 1158 3803 etiam
1184 3746 1288 3805 semilis
1315 3751 1482 3809 conditionis

214 3844 297 3890 testes
313 3838 481 3898 etQiucereut
497 3833 677 3894 adducebant.
694 3838 786 3906 ipsum
801 3835 949 3890 Dominum
965 3834 1223 3905 etliedcmptorem
1236 3843 1368 3893 nostrum
1383 3854 1480 3893 serao-

61 3964 105 4019 J
213 3939 276 3977 rum
292 3923 412 3978 subiisse
421 3923 547 3993 judicia,
565 3928 592 3976 ot
608 3921 680 3976 coeli
693 3927 875 3991 operatorem
888 3922 1054 3991 particulae
1064 3921 1482 3995 cuidamspontesubjaeuissr

83 4019 160 4070 ιιι]
147 4038 171 4083 a
177 4027 201 4072 3
213 4013 363 4077 terrenae,
393 4009 458 4063 dum
480 4014 604 4062 testatur
625 4008 814 4077 attenditur.
843 4006 1037 4075 „bomoluda
1058 4013 1086 4061 et
1106 4008 1157 4078 qui
1174 4006 1291 4062 liabitas
1303 4007 1480 4073 Jerusalem,

206 4093 341 4162 judicate
356 4095 489 4148 interme
505 4100 532 4147 ιι
548 4095 658 4148 uincam
672 4091 801 4153 meam“,·
829 4091 884 4148 itae
905 4093 990 4147 etiam
1005 4091 1118 4147 beatum
1129 4091 1260 4159 Petrum,
1282 4092 1340 4148 boc
1355 4094 1480 4149 Ριιιὶιιι

213 4179 373 4249 apostolum
387 4195 443 4233 non
459 4179 624 4235 horruisse:
647 4176 808 4232 Samuelem
823 4180 907 4232 etiam
920 4176 1092 4249 proplietam
1112 4179 1263 4248 mirificum
1278 4178 1314 4233 de
1330 4183 1479 4235 sonaim·

212 4266 271 4318 tiae
286 4279 358 4318 suae
372 4267 528 4319 serenitate
545 4265 620 4335 vulpi
633 4265 804 4333 implorasse
824 4265 1027 4323 testimonium
1055 4245 1136 4334 a‘tque
1156 4260 1288 4332 ejusmodi
1303 4262 1355 4319 alia
1370 4280 1479 4338 quoqne

212 4345 265 4418 (er.
283 4364 325 4422 gr.
343 4350 427 4403 sarreti
443 4347 589 4419 Athanasii)
605 4346 724 4419 exempla
740 4345 868 4417 adjecisse
885 4339 1013 4403 videatur
1027 4345 1057 4418 (Ι.
1073 4363 1098 4402 e.
1116 4344 1197 4418 980).
1227 4345 1329 4403 lteiude
1345 4358 1377 4404 ut
1391 4350 1479 4425 panti·

213 4432 334 4489 liciarum
350 4433 381 4488 ad
397 4434 519 4506 autiquae
537 4432 695 4487 traditiones
710 4430 916 4505 appellationem
931 4431 1120 4495 refunderent,
1137 4448 1220 4506 arao,
1242 4430 1366 4503 ajebaat.
1387 4434 1480 4507 ,noya

212 4538 230 4575 a
253 4520 330 4575 nobis
344 4520 465 4591 jejunia
487 4526 515 4575 ct
530 4519 642 4573 Etisaei
660 4521 818 4585 miracula,
847 4533 922 4591 qnae
943 4522 999 4593 epit
1018 4520 1083 4574 dum
1104 4526 1244 4574 mortuum
1265 4523 1431 4589 suscitarit,
1454 4520 1481 4573 si

212 4621 323 4660 annosa
339 4612 448 4661 territum
464 4607 625 4671 sectamini,
643 4606 879 4660 condemnantur.

296 4705 324 4761 4.
363 4706 401 4761 td
428 4723 522 4762 nevam
549 4706 760 4761 eriuduatiuuem
785 4714 955 4761 transeuntes
980 4705 1163 4761 recluserunt:
1192 4720 1288 4779 quare
1310 4722 1394 4782 papa
1417 4708 1478 4762 sine

211 4794 337 4864 exempti
355 4795 482 4849 instituto
499 4793 705 4864 praecedentis
725 4793 861 4864 synodum
878 4795 1057 4859 conuocauit,
1081 4798 1112 4847 ut
1131 4793 1167 4846 de
1182 4795 1334 4849 criminum
1349 4797 1419 4866 rjus
1431 4792 1476 4849 ab

206 4879 337 4948 jectione
351 4881 559 4952 eoprtoscereti
573 4876 602 4949 (1.
619 4894 643 4932 e.
661 4875 746 4948 sulp
777 4876 980 4953 arguebautque
994 4875 1092 4951 sytrtnli
1106 4885 1197 4950 patres
1210 4876 1370 4951 falsitatis,
1391 4894 1446 4935 ear
1458 4894 1476 4931 ι
