3412 5664
379 319 441 383 764
816 333 844 380 s.
861 330 1066 379 nonmsoau
1088 329 1202 376 prena

272 514 290 551 a
308 489 461 553 maberie
490 510 549 551 nos
576 488 693 571 arguit.
749 485 812 549 Per
838 486 947 549 omnia
976 489 1085 550 tamen
1113 484 1289 549 voluntatis
1317 486 1446 548 nostrae
1472 484 1663 577 punitam,

379 591 559 675 legatorum
585 589 815 674 nostrorum¹¹)
844 588 990 672 poteritis
1023 587 1209 653 narratione
1242 607 1446 672 cognoscere.
1500 584 1646 673 Mna

379 696 501 775 alitem,
536 694 572 754 ut
599 714 656 776 pro
683 691 777 755 nobis
805 689 1002 774 apostolatus
1029 693 1134 755 vester
1161 710 1252 755 orare
1280 689 1449 774 dignetur:
1479 690 1553 773 qued
1594 722 1631 769 vm

367 795 491 859 'libenti
515 794 627 857 animo
643 794 765 875 facere,
793 792 853 857 hae
875 792 1050 876 poterimus
1071 793 1209 857 nraxime
1232 792 1359 857 ratione
1381 812 1581 879 cognoscere,
1600 806 1620 866 q·

378 899 553 981 perfectam
581 896 673 959 nobis
701 896 858 958 unitatem
886 895 1092 959 eeclesiarum
1124 895 1278 980 dignatus
1311 893 1412 958 fuerit
1438 892 1518 958 Dem
1545 899 1609 963 on

378 998 619 1083 disponentibus
635 998 826 1061 condonare.
855 997 948 1061 lllam
965 997 1051 1062 euim
1065 1020 1125 1061 vox
1141 997 1201 1061 Dei
1222 1018 1376 1081 magnam
1391 995 1604 1063 benedictionem

286 1078 348 1130 ‘¹⁰¹¹‘
377 1101 587 1186 diligentibus
609 1124 642 1164 se
665 1100 829 1164 mandavit
852 1101 948 1184 atque
970 1100 1111 1184 donavit,
1135 1121 1198 1185 qua
1212 1098 1404 1164 declaravit:
1427 1103 1601 1163 Pactam

323 1152 338 1182 θ

278 1150 417 1268 14μῖἰἰο
440 1210 529 1282 votis,
549 1224 659 1282 pacem
681 1225 776 1266 meom
800 1209 915 1267 derideo
937 1206 1027 1267 nobis.

884 1422 1066 1527 Epistola
1092 1425 1131 1507 11

237 1572 363 1695 213¹?qu
629 1576 809 1643 Anastaaii
834 1577 1066 1660 imperatoris
1087 1577 1131 1643 ad
1154 1575 1394 1643 Hormisdam.

415 1717 599 1782 Theopompum
611 1720 722 1768 comitem
734 1719 925 1769 dornesticororo
937 1726 963 1768 ee
975 1718 1137 1768 Severianum
1149 1719 1261 1768 cernitem
1273 1719 1345 1768 socri
1355 1720 1498 1769 commorit
1507 1722 1583 1784 leqator
1615 1728 1635 1779 p.

550 1805 665 1867 pontifici
681 1805 718 1853 od
733 1805 893 1853 solertotionr's
911 1803 1020 1867 officium
1038 1810 1062 1853 el
1080 1819 1168 1868 pacem
1184 1805 1369 1854 conciliandam
1387 1804 1468 1853 nictit.

533 1954 773 2017 Anastasius
796 1954 1000 2039 Augustus
1023 1953 1258 2019 Hormisdae
1280 1976 1407 2039 papae
1434 1976 1499 2038 per
1517 1952 1612 2017 Theo·

621 2078 800 2140 pompam
822 2060 861 2120 et
883 2055 1139 2121 Severianum
1161 2056 1269 2120 viros
1292 2055 1542 2120 clarissimos.

462 2174 595 2254 Omnia,
618 2197 700 2259 qnae
723 2175 908 2260 benignitas
932 2175 1116 2259 conceperit
1137 2175 1332 2257 animorum,
1360 2174 1445 2240 dulei
1468 2174 1620 2239 ambituet

377 2277 584 2341 festinatione
611 2276 764 2341 laudabili
792 2280 1028 2362 propagantnr3
1062 2299 1122 2342 nee
1151 2277 1213 2341 sibi
1240 2276 1383 2362 requiem
1410 2279 1527 2361 putant
1549 2298 1623 2361 posse
1694 2312 1696 2321 ·

377 2379 551 2463 praestari,
580 2378 681 2442 donec
709 2379 748 2442 ad
771 2379 921 2443 affectum
948 2379 1192 2443 saluberrimum
1220 2378 1402 2444 desiderata
1424 2378 1627 2463 penluxerint:

377 2484 409 2543 et
431 2483 510 2544 tunc
531 2480 687 2564 spiraedam
710 2481 811 2564 ipsius
832 2481 1052 2545 festinationis
1074 2481 1112 2545 fit
1133 2482 1268 2566 requies,
1292 2481 1369 2545 dum
1385 2481 1560 2567 contigerit
1572 2502 1633 2565 spes

376 2585 532 2646 uotiuum.
579 2582 667 2657 Quod
695 2583 730 2646 in
759 2582 922 2666 praesenti
950 2604 1008 2647 nos
1037 2589 1124 2647 certa
1152 2583 1277 2647 ratione
1306 2583 1518 2668 pertulimus,
1550 2584 1636 2648 doner

378 2685 523 2747 eoelestis
545 2684 636 2748 favor
658 2689 691 2749 et
713 2689 842 2749 nostrae
865 2684 1014 2767 petitioni
1037 2685 1195 2771 aditum¹)
1225 2688 1258 2750 et
1279 2688 1407 2750 vestrae
1429 2686 1643 2770 promissionis

377 2808 525 2850 serenum
547 2786 645 2851 donet
668 2788 825 2851 effectum.
872 2786 960 2871 Ergo
987 2787 1063 2870 quia
1087 2787 1135 2852 vel
1157 2787 1298 2852 maxima
1328 2786 1462 2852 itineris
1485 2788 1647 2875 longitudo

376 2888 426 2952 vel
449 2889 534 2952 ultra
555 2888 684 2952 solitum
707 2911 827 2953 nrorern
842 2887 989 2952 hiemalis
1005 2889 1173 2973 asperitas,
1196 2890 1280 2974 quod
1295 2889 1542 2978 optabamus2),
1566 2892 1650 2957 uobis

377 2990 456 3053 fecit
484 2990 658 3074 incertum,
690 2990 819 3054 interim
843 2990 929 3055 intra
952 2991 1076 3055 animos
1098 2995 1225 3056 nostros
1252 2990 1440 3057 desiderata
1470 2993 1653 3080 compressi·

377 3114 464 3173 runs,
489 3093 644 3156 beneficia
666 3092 775 3156 divina
798 3096 983 3176 crepitantes,
1007 3114 1088 3176 qnae
1110 3094 1247 3178 bonae‘l)
1274 3094 1382 3158 exitus
1405 3096 1456 3159 rei
1480 3120 1543 3161 sna
1565 3097 1657 3161 inter·

377 3194 535 3277 positione
562 3195 715 3258 decidunt
742 3197 965 3278 agnoscentes.
1017 3194 1136 3280 igitur,
1171 3195 1255 3279 qnod
1283 3195 1352 3278 ejus
1381 3197 1497 3280 pietas
1527 3200 1658 3285 primam

379 3295 470 3358 nobis
492 3297 632 3379 gratiani
656 3296 858 3377 condonavit,
886 3299 923 3359 ut
943 3296 1074 3383 missa⁴)
1096 3297 1217 3382 legatio
1240 3297 1279 3361 ad
1304 3296 1553 3367 beatitudiuem
1576 3306 1661 3367 lnam

377 3398 515 3460 feliciter
537 3403 704 3480 remcaret,
728 3399 767 3461 ad
790 3398 961 3462 secundam
983 3398 1211 3482 processimus,
1239 3402 1276 3463 ut
1296 3399 1509 3485 dirigeretur
1532 3428 1553 3469 a
1576 3406 1662 3469 nobis·

378 3500 567 3585 pr·omissa⁵)
591 3500 727 3585 legatio,
756 3522 813 3585 por
841 3522 938 3584 quam
965 3503 997 3564 et
1020 3501 1279 3567 commemoratio
1300 3502 1399 3567 fieret
1420 3525 1564 3590 eorum,
1586 3530 1663 3595 quac

379 3789 438 3824 runi
458 3773 585 3835 conatus,
609 3773 640 3826 ut
661 3771 752 3841 ipsum
774 3772 810 3827 ab
828 3771 923 3827 Aeacii
942 3771 1134 3827 communione
1156 3771 1344 3841 dimoverent,
1368 3774 1497 3846 oblique
1516 3781 1616 3853 culpat
1635 3798 1664 3835 ac

379 3858 518 3927 reprobat.

447 3945 477 4009 11)
496 3942 514 3995 b
533 3953 685 3996 vestrorum:
703 3941 778 4011 quod
796 3943 872 3997 nulla
889 3944 933 3998 vel
951 3942 1119 3998 auctoritate
1137 3944 1180 3998 vel
1201 3943 1310 3999 ratione
1327 3944 1462 4003 fulcitur.
1508 3950 1580 4017 Quis
1596 3951 1665 4007 eain

378 4027 431 4081 sibi
449 4027 477 4080 in
495 4028 617 4082 animum
633 4026 761 4093 inducat,
779 4027 958 4082 Anastasium
976 4027 1076 4097 legatis
1093 4027 1265 4098 apostolicis,
1282 4046 1356 4098 quos
1374 4048 1407 4086 rs
1418 4030 1539 4091 infecta
1550 4036 1665 4091 dimitte

378 4113 441 4176 bat,
464 4130 568 4167 arcana
589 4111 704 4167 consilia
724 4128 775 4166 sua
796 4113 966 4167 crediturum
989 4113 1091 4167 luisse?
1128 4114 1224 4184 Longo
1242 4114 1285 4168 est
1306 4114 1501 4184 probabilius
1519 4138 1557 4177 ne
1579 4122 1664 4177 dim

378 4201 496 4265 certum,
516 4214 579 4251 euru
592 4198 626 4251 dc
639 4196 781 4266 legatione
798 4197 883 4267 loqui,
896 4215 980 4268 quam
992 4215 1022 4253 se
1034 4198 1181 4253 missurum
1191 4197 1252 4269 ipse
1263 4216 1340 4255 nuuc
1350 4202 1510 4274 promisit,
1528 4190 1665 4279 quinque

376 4281 406 4337 in
422 4301 526 4339 annum
543 4285 706 4351 sequentem
725 4283 845 4350 uotum,
863 4285 895 4338 ut
912 4300 1029 4353 sequens
1046 4282 1165 4353 epistola
1182 4282 1265 4339 tidem
1281 4282 1380 4340 faciet

380 4375 408 4421 11
446 4372 466 4436 ¹)
484 4368 551 4422 boc
568 4374 690 4431 auditum,
708 4384 828 4438 moxque
847 4379 872 4423 et
889 4375 967 4427 ultro.

445 4458 466 4515 ²)
484 4453 536 4508 Vol
558 4453 651 4523 potius
673 4470 732 4508 sese
750 4456 849 4524 optare
870 4453 1032 4520 simulabat,
1054 4455 1086 4508 ut
1109 4454 1238 4509 nimirum
1255 4454 1417 4514 nominos
1442 4464 1572 4523 concilio
1593 4482 1665 4538 pm

378 4539 496 4593 sentiam
514 4556 593 4592 suam
610 4555 666 4591 non
683 4537 845 4608 denegaret.

445 4626 465 4691 ³)
484 4624 502 4677 b
521 4627 580 4677 toni
591 4628 689 4684 acilas,
708 4624 816 4677 etcum
835 4642 870 4679 ce
887 4630 1015 4680 decidunt.
1047 4629 1220 4693 Apnorceales
1231 4631 1324 4695 ipim.
1344 4627 1460 4689 dmndo
1478 4642 1570 4705 piem
1581 4638 1663 4693 omitt

377 4706 419 4761 lbi
438 4714 494 4775 ejas
511 4708 637 4777 ponitur,
655 4706 736 4776 quasi
754 4711 837 4764 antea
856 4715 906 4764 Dei
921 4714 1042 4778 beneficio
1059 4709 1162 4766 dietum
1180 4712 1261 4767 esset.

445 4794 467 4855 ⁴)
485 4794 551 4847 bec
568 4800 644 4847 mireo
661 4800 696 4847 od
713 4814 759 4849 noa
774 4800 875 4861 leporio.

447 4882 467 4945 ²¹)
485 4877 582 4945 Neque
600 4878 685 4933 etiam
703 4878 846 4951 promissis
863 4880 916 4935 hae
934 4880 962 4934 in
980 4897 1011 4934 ro
1023 4881 1110 4939 stetit.
1140 4881 1179 4939 Ut
1190 4881 1266 4938 euim
1276 4882 1446 4947 Hormisda
1459 4892 1550 4965 epist..
1561 4902 1603 4953 ιε,
1615 4900 1666 4949 22
