3412 5664
595 308 796 358 rano'mrus
820 310 865 357 1v.
1306 300 1368 366 567

211 460 261 525 sed
284 461 458 545 adjudicati
483 463 614 526 suntin
638 485 695 527 sua
718 464 861 548 nequitia
883 464 1043 551 deperire,
1072 471 1115 552 et,
1145 473 1297 534 manente
1323 473 1368 535 di-

206 564 379 644 sententia‚
415 587 478 629 non
518 589 576 649 per
603 568 745 649 ipsorum
771 568 934 652 propriam
962 570 1218 635 emendationem
1252 596 1369 658 suoque

191 675 262 731 eetu
285 667 335 730 vel
358 671 446 731 motu
469 691 589 753 suaque
612 669 729 734 virtute
752 669 802 734 vel
824 670 1038 755 possibilitate
1061 675 1206 738 conversi
1232 676 1367 762 srmt⁰³),

192 773 356 853 narentur,
386 771 440 835 sed
464 794 521 854 per
549 773 688 856 gratiam
711 772 771 836 Dei
794 774 900 836 sanati
923 777 1007 856 smrt,
1036 778 1072 838 ut
1093 780 1366 843 converterentur.

191 886 380 939 invertantur
401 874 517 958 inquit,
541 887 571 939 el
591 897 693 939 sunem
717 897 781 940 cos:
809 898 850 939 ne
879 899 936 940 sua
957 879 1082 960 sponte,
1112 900 1153 941 ne
1179 880 1244 943 suis
1266 882 1367 966 operi·

191 976 303 1061 quibus
319 976 429 1060 utique
446 976 661 1061 confidebant,
687 1000 727 1041 ne
744 1000 832 1041 suam
851 978 1013 1062 justitiam
1029 983 1201 1064 sectantes,
1221 981 1367 1066 justitiae

191 1079 293 1164 ronll)
319 1078 459 1143 debeant
487 1102 555 1144 esse
578 1079 725 1163 subjecti,
755 1080 793 1144 de
822 1081 886 1144 suis
914 1080 1035 1144 viribus
1064 1082 1271 1168 confidentes
1303 1109 1367 1149 non

191 1202 221 1245 re
249 1203 284 1245 se
311 1181 548 1246 misericorrhae
576 1182 868 1268 illuminationique
890 1184 1072 1247 subdentes
1117 1183 1162 1248 Et
1187 1186 1258 1250 ideo
1286 1187 1368 1252 inhi-

210 1283 256 1347 eis
283 1285 439 1368 superbae
462 1284 732 1369 praesumptionis
755 1286 900 1350 effeetus:
931 1308 968 1350 ne
990 1299 1208 1353 connotantur
1230 1289 1295 1352 suis
1318 1291 1366 1355 in-

191 1386 302 1469 rnibuS,
328 1387 393 1450 suis
416 1386 551 1471 nisibus,
576 1391 612 1451 ut
632 1391 805 1472 putarant3
828 1401 980 1454 erronem
1003 1413 1061 1469 eos,
1088 1412 1128 1453 ne
1151 1412 1258 1454 eorunr
1275 1394 1366 1477 quasi

191 1489 217 1553 is
240 1512 278 1552 ex
302 1489 433 1573 propria
455 1489 619 1554 facultate¹
633 1491 836 1555 venientibus
858 1490 1011 1556 salvatrix
1033 1493 1141 1578 gratia
1156 1494 1295 1577 daretur,
1321 1500 1366 1559 at·

191 1596 224 1655 ta
246 1591 354 1676 gratia
373 1591 442 1676 jain
465 1615 529 1657 non
546 1596 630 1657 essct
651 1593 769 1677 gratia,
793 1593 819 1656 si
842 1616 907 1657 non
930 1595 1032 1680 gratis
1055 1595 1130 1659 data
1153 1600 1236 1661 esset
1259 1597 1365 1661 imme-

201 1695 256 1758 sed
279 1716 401 1758 merces
424 1698 587 1779 tamquam
615 1696 738 1760 meritis
761 1695 920 1761 restituta.
966 1696 1039 1760 Non
1064 1719 1140 1782 ergo
1162 1707 1223 1779 r'psr'
1244 1722 1365 1765 convcr-

191 1820 212 1875 r,
235 1809 389 1861 resonem
412 1820 478 1862 eos:
506 1798 562 1862 sed
588 1799 694 1861 sanati
722 1821 780 1883 per
800 1798 952 1883 gratiam,
982 1799 1120 1883 qualiter
1142 1800 1182 1864 ad
1205 1800 1365 1866 humilita-

191 1897 292 1963 lhristi
315 1904 555 1983 convertantur,
580 1904 769 1985 agnoscant.
805 1901 856 1965 Ita
877 1901 912 1964 in
935 1901 1088 1985 utrisque,
1111 1902 1171 1967 hoc.
1194 1907 1252 1987 est,
1277 1909 1309 1968 et
1331 1905 1365 1969 in

191 2003 418 2067 rrnranentibus
441 2002 475 2067 in
498 2025 560 2086 quo
581 2003 680 2067 talem
708 2003 904 2067 sententiam
931 2009 1153 2088 perceperunt,
1183 2009 1216 2069 et
1243 2006 1277 2069 in
1306 2007 1365 2071 sal-

206 2103 320 2169 exinde
350 2106 513 2169 sententia
542 2105 701 2169 dominica
729 2105 792 2169 fixa
820 2106 1008 2189 permansit.
1053 2106 1096 2170 Et
1107 2108 1147 2191 65)
1175 2111 1283 2172 tamen
1310 2109 1366 2172 illa

191 2210 315 2290 unentc,
345 2208 390 2272 sic
414 2208 459 2272 eis
482 2207 563 2272 miro
585 2229 704 2291 genere
726 2208 849 2272 sanitas
871 2209 1054 2272 intrrnlucta
1077 2213 1136 2292 est,
1160 2214 1196 2274 ut
1218 2210 1274 2273 illa
1295 2233 1365 2275 sen-

191 2333 200 2372 r
220 2332 285 2374 non
308 2313 433 2374 mutata
456 2310 626 2393 videretur,
650 2311 704 2374 sed
729 2311 839 2375 eadcnr
860 2311 1056 2395 perdurante
1072 2311 1194 2376 sanitas
1210 2335 1274 2376 non
1297 2314 1365 2376 illo-

191 2412 382 2477 confidentia
404 2413 459 2477 scd
481 2413 590 2477 divino
613 2435 744 2477 munere
766 2413 960 2497 proveniret.

191 2517 232 2580 ll.
276 2514 394 2591 Quodsi
417 2515 496 2579 haec
518 2519 644 2580 tentare
654 2516 693 2601 ⁶⁶)
717 2516 893 2579 fonnidant
901 2566 909 2599 ,
944 2538 1003 2579 neo
1032 2516 1072 2579 ad
1101 2539 1176 2580 suae
1203 2518 1365 2601 pertinere

191 2622 295 2682 neunt
317 2618 478 2682 modulum
500 2619 682 2703 potestatis,
712 2619 762 2683 cui
785 2621 912 2682 tantum
935 2617 974 2681 de
997 2617 1145 2681 humanis
1168 2618 1261 2682 rebus
1280 2620 1364 2704 judi-

193 2720 379 2804 permissum
402 2724 461 2804 est,
485 2742 550 2785 non
574 2721 671 2785 ctiam
688 2743 834 2804 praeesse
843 2721 882 2804 Γῆ)
905 2719 1039 2783 divinis:
1062 2718 1218 2803 quomodo
1240 2722 1279 2785 de
1302 2722 1362 2804 his,

192 2846 256 2907 quos
284 2822 394 2887 divina
416 2822 651 2905 ministrantur,
677 2824 823 2907 judicare
845 2824 1077 2905 praesumunt?
1120 2821 1252 2885 Fuerint
1285 2822 1364 2888 haec

197 2925 365 2990 adventum
389 2925 519 3009 Christi,
545 2930 579 2989 nt
601 2926 731 3010 quidam
758 2924 947 3010 figuraliter,
978 2923 1081 2987 adhue
1104 2927 1211 2987 tamen
1241 2925 1274 2988 in
1298 2948 1364 2989 ear-

191 3050 223 3092 us
245 3028 425 3092 actionibus
449 3029 625 3112 constituti,
651 3027 770 3111 pariter
792 3049 884 3111 reges
907 3025 1098 3090 exsisterent
1121 3030 1153 3088 et
1175 3014 1296 3109 pariter
1316 3050 1364 3091 sa-

191 3132 254 3213 rtes,
290 3130 373 3215 quod
401 3134 549 3194 sanctuni
576 3129 812 3194 Melchisedech
840 3129 939 3192 irrisae
966 3150 1058 3192 sacra
1086 3128 1192 3212 prodit
1220 3124 1363 3192 historia.
1385 3114 1452 3167 G⁰¹¹=

210 3232 240 3296 in
264 3232 331 3297 suis
354 3255 477 3317 quoque
500 3232 644 3297 diabolus
667 3232 810 3294 inritatus
833 3233 891 3313 est,
921 3233 1032 3314 utpote
1060 3231 1114 3313 qui
1137 3250 1262 3311 semper
1284 3252 1365 3314 quae
1379 3188 1463 3248 Μ’

191 3357 206 3395 rr
232 3334 332 3399 cultui
361 3336 572 3400 convenirent
598 3334 727 3398 sibimet
753 3332 925 3417 tyrannico
953 3331 1069 3417 spiritu
1098 3330 1260 3395 vindicare
1290 3356 1364 3396 con·

191 3440 212 3520 t,
236 3441 272 3501 nt
293 3439 413 3524 pagani
437 3437 646 3522 imperatores
667 3437 763 3502 iidem
787 3439 820 3500 et
841 3435 970 3500 niaxirni
987 3434 1155 3518 pontifices
1170 3434 1362 3499 dicerentur.

191 3562 278 3624 prrrrrr
301 3540 341 3604 ad
370 3562 479 3605 verum
502 3548 633 3604 ventum
655 3542 704 3603 cst
733 3538 877 3602 eumdem
906 3558 1016 3622 regem
1044 3540 1140 3621 atque
1168 3537 1363 3620 pontificem,

210 3644 270 3707 sibi
301 3665 361 3707 nee
388 3643 564 3727 imperator
591 3641 753 3727 pontificis
783 3663 900 3705 nomen
928 3640 1094 3724 imposuit,
1130 3661 1188 3702 nee
1218 3639 1363 3723 pontifex
1416 3714 1424 3739 )

191 3747 253 3831 ,eq
275 3745 443 3830 fastigium
460 3744 648 3808 vindicarit:
673 3744 832 3829 (quamvis
854 3743 940 3807 enim
956 3740 1098 3805 membra
1114 3740 1225 3825 ipsius,
1249 3740 1281 3804 id
1304 3743 1363 3825 est,
1380 3712 1476 3845 Ῑὲὶξξῐ·

191 3950 241 4014 ld*
261 3949 341 4004 addit
362 3956 413 4005 alr'r‘.
450 3949 544 4003 Potius
563 3948 748 4019 supplendum
765 3952 877 4017 apostoli
893 3957 920 3999 ee
939 3951 1066 4015 prirnr'n'oa
1087 3950 1204 3999 Ecclesia
1223 3963 1237 3997 e
1255 3944 1364 3999 Judaeo

191 4055 201 4091 1
217 4038 351 4090 assrnula.

191 4120 340 4179 1801111111Ι
362 4143 411 4175 non
430 4131 512 4174 insen!
531 4125 649 4186 snhjervi.

191 4218 196 4265 l
215 4210 253 4260 0¹⁰
268 4219 293 4260 c!
312 4219 393 4259 lnrnen
411 4212 454 4260 illu
472 4217 632 4274 perniuncrrl;
656 4210 693 4257 nir·
711 4205 763 4257 ete.
784 4205 807 4255 c'
828 4213 852 4255 cl
870 4213 952 4255 lernen
971 4222 1024 4254 cnvn
1045 4212 1219 4269 permanente.
1256 4199 1321 4252 Mss.
1341 4198 1364 4249 ll

191 4309 332 4359 sequimur.

191 4398 196 4437 1
214 4377 241 4429 d¹
261 4376 339 4430 addit
357 4383 533 4446 imper-utores.
568 4376 655 4428 Porro
673 4390 826 4443 pronomen
844 4378 907 4426 leuce
925 4371 1030 4441 aliquid
1048 4371 1153 4425 indicat
1170 4368 1259 4434 alind,
1281 4384 1365 4434 quarn

191 4461 314 4532 proxime
332 4461 449 4528 dictum,
468 4462 594 4529 adeoque
613 4460 688 4527 quod
711 4459 755 4513 hie
774 4458 987 4514 desiderandum
1006 4457 1141 4511 videatur.
1178 4453 1308 4522 Alioquin
1327 4453 1365 4504 in-

199 4547 350 4601 haberel-ur
370 4546 453 4601 lectio
477 4546 504 4599 in
528 4545 600 4599 hunc
619 4543 743 4598 modurn:
770 4548 866 4610 erodar'
887 4548 972 4597 diuina
994 4547 1134 4597 rninr'stcrio
1156 4550 1255 4593 {errrore
1275 4543 1364 4604 formi-

246 4637 334 4703 an'lms
351 4643 445 4686 tanturn
464 4638 496 4685 de
513 4637 626 4685 hainonis
644 4643 692 4687 etc.

191 4738 196 4775 1
216 4719 251 4771 D’
269 4718 347 4773 addit
365 4731 391 4773 ee
408 4739 475 4779 earn·
493 4734 612 4784 moxque
632 4721 752 4770 Fuerunt

191 4826 196 4863 r
215 4804 337 4858 D²DlF¹¹¹
356 4821 417 4858 cunr
435 4810 526 4857 lines.
547 4806 595 4872 (rr')
613 4808 717 4871 repnlae
734 4807 820 4871 νεμέσα
837 4806 977 4871 dactylum,
997 4799 1044 4854 alii
1062 4799 1129 4852 itern
1148 4800 1265 4864 reputare
1278 4800 1366 4862 regiae

191 4910 232 4946 mr.
266 4888 371 4943 Exinde
390 4889 416 4943 d'
437 4889 591 4959 suppressit
613 4894 684 4944 enin.
721 4886 799 4943 Idem
821 4886 856 4941 de
879 4884 982 4957 duplici
1004 4883 1144 4955 potestate
1168 4880 1365 4949 argumentum
