3450 5678
726 317 753 364 S.
769 314 904 364 rumora
927 314 954 361 11
976 313 1092 362 Purus

787 501 968 606 Epistola
994 503 1027 585 5.

141 685 178 752 (a.
191 685 262 749 aa)
522 656 655 723 Felicis
676 673 788 739 papae
810 655 854 720 ad
877 655 1053 722 Zenonem
1074 654 1291 738 episcopum.

717 797 884 847 Terentianus
901 796 1097 847 commendatur.

426 947 702 1011 Dilectissimo
723 946 843 1009 fratri
866 943 1017 1009 Zenoni
1039 944 1196 1029 aelim).

357 1066 457 1129 Filius
483 1066 626 1149 noster²)
660 1065 710 1128 vir
738 1064 932 1128 clarissimus
960 1063 1174 1128 Terentianus
1202 1063 1242 1128 ad
1269 1062 1399 1128 Italiam
1426 1062 1551 1128 dudum

272 1169 404 1233 veniens
427 1158 607 1249 dilectionis
635 1171 710 1231 tuae
737 1167 910 1252 singularis
939 1166 1065 1230 exstitit
1091 1164 1302 1249 praedicator,
1330 1164 1495 1251 talemque
1516 1170 1551 1231 te

273 1293 342 1335 esse
364 1269 519 1355 vulgavit,
543 1270 598 1355 qni
621 1270 667 1333 ita
684 1268 802 1333 Christi
825 1270 932 1355 gratia
954 1267 1159 1351 redundares,
1182 1271 1219 1332 ut
1239 1267 1325 1332 inter
1346 1267 1459 1333 mundi
1482 1271 1551 1333 tur-

272 1373 364 1437 bines
386 1373 584 1457 gubernator
598 1371 762 1436 Ecclesiae
785 1372 975 1455 praecipuus
998 1392 1179 1456 appareres.
1216 1367 1429 1455 Quapropter,
1444 1369 1553 1436 frater

273 1474 447 1556 carissime,
471 1497 568 1559 quum
586 1474 631 1546 ad
654 1473 853 1558 prouinciam
876 1477 1069 1538 commearet
1090 1472 1262 1557 seduloque
1281 1471 1472 1557 deposceret
1493 1495 1553 1539 no·

272 1581 355 1641 stras
384 1576 425 1640 ad
448 1576 652 1641 dilectionem
673 1580 762 1639 tuam
785 1575 941 1659 litteras³l
965 1575 1130 1651 destinari,
1158 1578 1329 1660 gratanter
1357 1574 1552 1659 annuimus3

271 1679 347 1764 quia
370 1682 402 1742 et
424 1678 558 1763 dignum
573 1678 641 1742 Deo
664 1700 809 1743 sermone
833 1678 1001 1762 complecti
1024 1698 1210 1762 cuperemus
1226 1676 1416 1761 antistitem,
1438 1680 1476 1741 et
1492 1697 1553 1762 per

272 1772 345 1845 euni
364 1781 502 1844 maxime
524 1781 676 1844 vellemus
699 1781 730 1844 id
753 1781 832 1862 fieri,
857 1780 947 1863 eujus
970 1779 1062 1843 nobis
1083 1779 1189 1844 fuerat
1202 1778 1350 1843 laudibus
1363 1778 1550 1844 intimatus.

271 1881 422 1958 Quamvis
446 1903 522 1967 ergo
545 1883 666 1947 sanctis
682 1883 831 1967 operibus
847 1882 988 1946 exomni
1003 1885 1096 1967 parte
1111 1881 1290 1965 praeditam
1304 1880 1552 1946 fraternitatem

271 1988 360 2048 tuam
382 1985 431 2047 vir
452 1984 616 2067 praelatus
639 1984 844 2067 adstruxerit,
868 1983 1064 2068 multumque
1079 1982 1215 2047 fiduciae
1230 1983 1269 2047 de
1283 1986 1341 2047 tua
1354 1981 1551 2049 benevolen-

272 2087 319 2149 tia
337 2085 407 2167 jam
429 2089 566 2169 teneret,
591 2109 728 2170 aequum
749 2090 859 2170 tamon
882 2089 940 2167 est,
964 2088 1000 2149 ut
1024 2084 1107 2170 quod
1130 2084 1323 2149 desideravit
1336 2105 1550 2171 magnopere,

273 2192 499 2272 consequatur:
528 2192 684 2272 qiiatenus
713 2190 767 2272 qui
794 2188 858 2252 tuis
886 2187 962 2251 olim
983 2190 1096 2277 gratus
1118 2190 1168 2251 est
1190 2186 1315 2269 animis,
1350 2175 1551 2273 contempla·

271 2291 360 2354 tione
382 2291 485 2353 nostri
507 2291 658 2354 reddatur
680 2291 851 2374 acceptior,
875 2289 1030 2372 simulque
1052 2292 1199 2352 materna
1221 2291 1254 2352 et
1268 2286 1463 2353 sacerdotali
1474 2310 1551 2355 eon·

272 2392 428 2455 solatione
455 2392 634 2477 foveatnrt)
668 2392 1000 2477 peregrinationisque
1029 2391 1223 2475 praesidium
1248 2390 1403 2475 pastorali
1424 2393 1552 2476 pietate

272 2493 457 2577 reperiat5),
487 2499 523 2558 ut
546 2498 670 2559 vestrae
693 2494 863 2580 dignitatis
885 2493 1002 2557 affectu
1024 2496 1188 2578 appareat,
1219 2493 1304 2577 apud
1326 2492 1552 2559 sinceritatem

271 2600 361 2659 tuam
388 2599 532 2660 nostrum
560 2619 684 2681 quoqne
712 2618 777 2660 non
805 2596 983 2677 minimum,
1013 2618 1075 2679 quo
1101 2596 1260 2678 salutaris,
1289 2595 1430 2660 valuisse
1454 2595 1552 2662 aolhr

272 2697 391 2781 quium.
437 2698 523 2762 Deus
545 2701 578 2762 te
600 2699 793 2763 incolumem
815 2698 985 2781 custodiat,
1009 2697 1112 2762 frater
1134 2698 1348 2793 canssime⁶)!

343 2975 360 3040 ¹)
380 2970 454 3024 Editi
473 2971 581 3026 addunt
598 2977 755 3041 epu'sropus.¹
771 2971 861 3025 Antea
879 2969 907 3023 in
925 2969 1104 3040 inscriptione
1122 2968 1161 3023 J¹⁰
1180 2975 1216 3024 ud
1227 2975 1352 3026 Zenonem
1366 2973 1551 3041 Hispalam·

274 3055 332 3121 lH¹²
351 3059 509 3125 Spalenseru)
528 3064 680 3124 episcopan.

341 3145 361 3210 ²)
381 3142 424 3195 lta
441 3160 519 3207 mss,
537 3140 589 3195 nisi
608 3140 683 3210 qnod
699 3140 736 3195 K³
753 3153 851 3201 πειθη-
869 3140 937 3195 editi
955 3136 1031 3197 neus.
1067 3140 1187 3208 Moxque
1205 3139 1221 3194 J
1225 3142 1243 3176 ¹⁴
1265 3144 1409 3196 Terentius.

339 3227 361 3293 ⁸)
379 3225 513 3293 Alioquot
530 3244 594 3280 mss.
614 3232 753 3281 destinare.
788 3225 853 3278 Mox
872 3225 939 3283 adiri
958 3232 1001 3295 qui
1018 3237 1044 3280 et
1115 3231 1274 3294 praedictam
1289 3230 1494 3293 fraternitatem.

342 3312 364 3378 ⁴)
383 3312 413 3364 hi
424 3314 546 3365 limmat
555 3310 617 3365 1¹0¹
628 3310 744 3366 verbum
752 3314 872 3377 sonentur
880 3309 1006 3380 proxime
1017 3310 1120 3380 excipit
1131 3322 1157 3364 ut
1169 3323 1269 3366 uestrae
1281 3316 1430 3381 dipnitatie.
1439 3310 1550 3367 ..omis-

274 3395 310 3448 sis
322 3396 503 3462 intermediis,
522 3412 595 3465 quae
613 3401 707 3450 tamen
726 3396 754 3449 in
773 3398 790 3467 β
802 3395 855 3449 ri²
873 3412 906 3450 ex
918 3395 1026 3450 sincera
1039 3394 1099 3449 coll.
1109 3395 1188 3466 Hisp.
1200 3395 1347 3466 descriptis
1358 3398 1547 3461 warram

341 3485 360 3548 1)
378 3481 400 3533 i²
417 3488 492 3549 majia
507 3486 675 3551 proculdubio
693 3492 722 3543 et,
733 3485 858 3550 probetur
876 3487 1006 3550 dignitatis
1019 3485 1114 3549 affectu
1133 3501 1182 3536 non
1197 3486 1274 3550 parui
1290 3485 1363 3551 apud
1371 3486 1550 3538 &aemma

273 3579 338 3620 lirum
357 3579 481 3629 nostrum,
500 3588 548 3637 qaue
567 3573 664 3620 niarium
681 3573 817 3623 salutaria.
835 3573 943 3621 ualuisse
955 3573 1112 3637 colloquium.
1142 3565 1226 3636 Cujus
1244 3563 1373 3622 lectionis
1391 3564 1462 3621 sam
1479 3566 1550 3623 nln-

272 3653 373 3706 brosae
392 3654 484 3706 fontes
502 3670 587 3721 quum
604 3670 660 3707 non
678 3650 819 3716 dicentum,
837 3652 988 3706 retinemus
1006 3651 1151 3720 vulgatam
1169 3652 1227 3706 solo
1246 3653 1363 3722 excepto
1382 3673 1434 3725 quo
1450 3658 1549 3707 rable-

253 3746 309 3795 .ris
328 3756 389 3808 ipro
407 3742 567 3807 saltitantis).
588 3737 663 3807 quod
681 3754 777 3792 omnes
794 3755 856 3790 mss.
876 3737 983 3791 habent
1001 3737 1046 3804 (01
1066 3737 1155 3791 omitt.
1176 3740 1246 3807 quo).

339 3828 359 3890 1)
379 3825 404 3875 01
430 3823 522 3878 addit:
547 3828 629 3877 Cetius
651 3828 729 3877 Feliae
750 3829 885 3892 episcopus
907 3832 1012 3875 suariae
1035 3826 1167 3876 Ecclesiae
1189 3827 1330 3878 catholicae
1357 3826 1432 3879 aba
1454 3826 1549 3883 nau
1572 3846 1597 3865 ⁴

271 3913 420 3976 arubscripsi,
464 3914 530 3961 Data
557 3913 584 3960 V
603 3913 778 3962 Kalendarum
802 3913 912 3977 Augusti
938 3912 1066 3961 Venanllo
1090 3911 1125 3961 II
1146 3915 1255 3963 consule.
1296 3912 1378 3963 &nul
1402 3921 1503 3981 septen
1522 3920 1597 3967 efl

271 3998 411 4061 serapiam
433 4000 549 4061 episcopi
570 3997 664 4062 absque
686 4014 758 4063 papa
778 3997 991 4061 subscripserunt.
1033 3992 1121 4056 Quam
1145 4010 1250 4048 meram
1267 3992 1597 4051 Pseudo-Isidorffi

272 4077 389 4144 aliosque
409 4075 511 4130 codicis
530 4080 606 4141 (nam
623 4077 652 4130 in
664 4076 697 4131 0¹
718 4079 806 4145 deest)
836 4077 1040 4148 appositionem
1058 4095 1129 4144 esse,
1144 4079 1206 4146 Jam
1223 4080 1291 4132 nota
1302 4078 1461 4135 consularis
1477 4078 1597 4137 Ν-

272 4160 381 4214 erincit.
413 4160 555 4229 Siquidem
567 4161 720 4216 Venantins
738 4163 829 4232 primo
848 4162 942 4216 consul
960 4180 1015 4216 una
1034 4181 1096 4217 cum
1109 4163 1282 4218 Theodorieo
1295 4178 1362 4233 rega
1374 4162 1597 4221 somon-

272 4262 344 4298 nnno
362 4250 412 4299 484
430 4245 580 4308 invenitur,
601 4247 721 4302 sectando
739 4248 851 4302 demum
869 4264 941 4302 anno
959 4254 1007 4302 507
1027 4251 1093 4316 (una
1111 4266 1173 4303 enm
1191 4248 1339 4303 Anastasio
1351 4248 1486 4321 Augusto
1502 4248 1568 4321 Π).

272 4330 378 4385 Deinde
390 4331 450 4385 toto
464 4333 594 4385 contextu
611 4333 760 4401 probatur,
779 4350 841 4387 cam
859 4333 972 4388 minime
984 4333 1132 4403 epistolam
1145 4333 1306 4403 synodicam
1319 4350 1394 4401 ease,
1412 4334 1466 4391 sed
1477 4344 1597 4407 qm-

166 4468 173 4479 ,
272 4416 331 4468 solo
350 4432 367 4469 a
383 4415 514 4487 pontifice
533 4417 629 4471 oblata
641 4419 785 4472 occasione
802 4417 886 4472 missa
904 4418 946 4472 sit.
977 4418 1028 4471 Est
1039 4420 1134 4473 alitem
1145 4421 1208 4473 tota
1219 4420 1274 4474 ista
1286 4418 1597 4491 subscription&-

271 4501 306 4553 do
324 4501 443 4570 epistola
460 4502 586 4570 sequenti
604 4503 754 4570 translatu,
772 4503 824 4557 nisi
843 4505 918 4571 quod
935 4505 996 4558 loco
1015 4526 1037 4558 u.
1056 4525 1078 4561 a.
1097 4504 1218 4573 positum
1239 4508 1280 4559 ΙΙ.
1501 4504 1514 4527 ’
