3450 5678
336 116 399 182 592
811 130 838 178 s.
855 128 996 178 aanssu
1017 126 1132 175 erran

337 283 599 372 praevaricando,
624 283 705 367 qued
729 288 779 347 est
801 282 992 367 appellatus,
1016 281 1136 365 amisit,
1166 282 1250 346 sicut
1271 280 1356 345 idem
1377 283 1412 345 et
1432 278 1614 367 discipulus

337 389 440 453 dictus
457 391 516 471 est,
540 409 637 471 quum
659 385 788 469 quidem
810 406 870 449 nec
886 383 1006 449 Christi
1028 384 1203 468 discipulus
1226 387 1311 449 esset
1332 382 1389 447 scd
1411 382 1521 468 potius
1544 382 1614 447 dia·

185 490 412 574 roncuboli,
437 490 520 555 sicut
541 488 580 552 de
603 511 639 551 eo
662 488 782 551 dictum
805 491 869 550 est:
896 492 978 552 Unus
999 508 1040 550 ex
1062 491 1142 550 vobis
1156 492 1295 551 diatetm
1310 495 1365 564 eat,
1388 484 1476 571 qued
1489 484 1614 550 diaboli

340 595 424 657 esset
445 590 621 675 operarius.
660 589 773 653 Dictus
796 592 845 653 est
867 592 977 652 tamen
999 588 1183 672 discipulus,
1207 589 1305 653 etiam
1320 608 1418 672 quum
1439 608 1501 651 nec
1516 608 1614 652 veras

338 697 421 758 esset
443 696 476 757 et
498 695 678 757 cessat-urus
700 690 760 756 hec
783 691 856 756 dici.
908 689 970 753 list
991 694 1024 754 et
1045 691 1100 755 ille
1128 691 1255 772 modus,
1284 689 1368 774 quod
1396 710 1494 773 saepe
1522 689 1615 754 velut

337 794 531 880 generaliter
542 797 582 875 [et
597 793 741 857 absolute
757 792 885 874 dicitur,
909 815 1007 875 quum
1022 796 1132 856 tamen
1148 792 1189 857 ad
1203 813 1314 856 omnes
1328 790 1529 876 generaliter
1545 813 1611 856 non

234 895 315 1014 deep,
336 898 497 982 pertinere
522 896 727 959 manifestum
751 897 816 977 est,
848 897 884 957 ut
906 916 1004 978 quum
1026 895 1144 959 dieitur
1166 893 1332 959 Abrahae:
1361 900 1400 959 Iu
1422 901 1538 959 semiue
1559 907 1613 960 tue

235 1000 273 1025 “¹
303 1005 321 1015 ’“
335 1006 549 1064 benedicentur
571 1020 670 1062 emeres
690 1009 804 1075 pentes.
849 998 969 1060 (tumes
992 996 1118 1081 quidem
1141 999 1255 1081 gentes
1281 995 1527 1077 benedicentur,
1552 1018 1613 1060 nec

222 1096 321 1150 tiaram.
336 1102 397 1165 erit
419 1101 484 1165 ulla
506 1101 596 1164 natio
619 1100 677 1163 sub
701 1099 803 1181 coele,
834 1099 885 1162 cui
909 1120 973 1162 nou
997 1099 1198 1182 praedicetur
1220 1098 1439 1183 evangelium,
1474 1101 1509 1161 et
1531 1102 1611 1163 tunc

233 1172 320 1230 ‘³⁴³⁴'
336 1203 445 1267 veniat
467 1203 557 1285 finis3
585 1202 640 1265 sed
664 1202 751 1285 ipsae
774 1204 888 1285 gentes
918 1222 984 1264 non
1014 1224 1052 1263 ex
1075 1201 1204 1285 integre
1226 1223 1336 1265 omues
1365 1199 1610 1283 benedicentur,

243 1302 321 1355 1³⁰¹st
336 1306 411 1389 quia
433 1327 499 1370 nen
523 1304 664 1369 omnium
687 1307 737 1367 est
758 1302 847 1366 fides.
878 1301 938 1366 Vel
961 1303 1056 1367 sicuti
1079 1306 1144 1367 cst:
1172 1310 1272 1368 Omnis
1292 1310 1401 1383 linqua
1422 1310 1612 1380 confiteatur

237 1376 275 1435 μ’
286 1378 323 1480 il'
338 1413 408 1472 Deo.
447 1407 506 1472 Cui
528 1406 679 1470 locutioni
704 1427 816 1468 sensus
839 1404 892 1468 ille
908 1406 1120 1488 connectitur,
1145 1427 1241 1490 quum
1257 1426 1294 1469 ex
1311 1408 1404 1489 parte
1418 1408 1527 1469 totum
1542 1426 1610 1470 eae·

336 1510 407 1593 pius
429 1511 644 1591 nuncupatur.
691 1507 781 1571 Sicut
803 1510 835 1571 et
856 1511 934 1570 tune
963 1506 1057 1570 homo
1079 1513 1181 1590 luda,
1219 1529 1315 1591 quum
1341 1509 1446 1571 totam
1475 1510 1610 1592 gentem

334 1611 444 1695 procul
468 1611 563 1674 dubio
585 1610 777 1691 nominaret,
802 1610 846 1673 sic
869 1612 902 1672 et
923 1608 969 1672 illi
985 1609 1094 1673 fideles
1108 1615 1211 1676 suncti
1222 1609 1322 1673 rideri
1336 1609 1477 1693 possunt
1491 1610 1607 1689 vocati,

335 1713 410 1798 quia
432 1713 525 1777 multi
548 1712 596 1776 vel
618 1711 748 1795 plurimi
776 1734 814 1774 ex
841 1710 892 1773 bis
918 1733 976 1794 per
1005 1734 1058 1794 ea,
1093 1734 1175 1796 quae
1201 1710 1288 1774 (licta
1315 1715 1408 1793 sunt,
1444 1711 1608 1795 mysteriis

335 1816 449 1880 imbuti
473 1814 662 1878 coelestibus
685 1813 788 1877 sancti
805 1813 996 1877 efficientur.
1032 1812 1076 1877 Et
1098 1814 1212 1877 merito
1229 1813 1298 1897 jam
1321 1834 1391 1877 esse
1413 1812 1495 1877 dicti
1517 1818 1605 1893 aaut,

334 1918 418 2002 quod
440 1916 541 1979 futuri
564 1918 649 1979 suut.
687 1914 748 1978 Vel
771 1938 809 1979 ex
832 1937 870 1979 ea
886 1915 1042 1999 portione,
1066 1937 1130 1999 qua
1151 1937 1209 1999 per
1229 1915 1416 2000 religiosum
1439 1920 1606 2000 parentem

335 2022 429 2083 erant
443 2018 616 2102 participes
631 2017 825 2100 sanctitatis,
848 2022 1011 2102 tamquam
1023 2017 1093 2101 jam
1108 2039 1147 2082 ex
1162 2017 1290 2102 integro
1308 2016 1341 2080 id
1356 2020 1477 2101 meent,
1502 2018 1605 2083 sancti

334 2123 411 2184 suut
433 2120 622 2203 nuncupati,
646 2119 695 2182 vel
717 2119 792 2203 quia
815 2142 853 2183 ex
876 2119 994 2182 talibus
1022 2118 1097 2183 filiis
1119 2117 1212 2183 multi
1234 2118 1333 2183 futuri
1357 2121 1469 2184 essent
1490 2119 1605 2205 plenae

335 2222 598 2286 sarretiticationis
625 2221 786 2284 haeredes.
830 2221 905 2284 dam
934 2223 966 2284 ct
994 2221 1048 2285 isti
1076 2242 1115 2285 er
1137 2242 1189 2304 eo,
1219 2220 1302 2305 quod
1330 2220 1433 2286 futuri
1460 2222 1604 2305 fucrant,

216 2334 259 2386 tt.
272 2356 321 2387 »aaa
336 2324 512 2406 nuncupati
536 2328 626 2406 eruit,
659 2327 692 2386 ct
713 2322 789 2386 licet
811 2323 869 2387 hoc
892 2327 1000 2387 essent
1021 2323 1152 2406 plurimi
1181 2322 1318 2387 forsitan
1340 2322 1469 2389 *nunc
1492 2324 1603 2407 sutum,

334 2429 467 2508 aparte
490 2428 673 2489 sanctuarum
696 2426 756 2488 toti
778 2425 883 2488 saucti
905 2424 1101 2509 generaliter
1123 2428 1200 2489 sunt
1220 2425 1335 2489 vocati.

417 2527 469 2591 20.
500 2526 549 2590 De
571 2527 811 2591 resurrectionis
835 2548 908 2590 vero
930 2527 1086 2612 qualitate
1107 2526 1158 2591 vel
1180 2526 1219 2591 de
1240 2549 1288 2609 ea,
1311 2549 1395 2613 quae
1409 2532 1487 2613 post
1500 2550 1604 2595 resur·

235 2693 278 2747 ,C
333 2629 508 2694 rectionem
531 2630 653 2712 species
676 2630 719 2692 sit
740 2630 860 2712 futura,
885 2630 1051 2693 audiamus
1073 2628 1252 2714 apostolum
1273 2628 1529 2715 praedicantem,
1551 2630 1604 2695 ubi

235 2711 319 2827 1532]
334 2731 396 2795 ait:
425 2735 488 2795 Sed
509 2738 588 2796 dicet
610 2738 736 2810 ulturus·
768 2738 916 2811 quremode
943 2744 1104 2812 resurgent
1124 2738 1257 2797 mortui?
1302 2736 1394 2807 Quali
1413 2746 1518 2799 auten
1538 2756 1606 2801 ccr-

329 2856 408 2914 pere
430 2841 568 2898 venient?
612 2833 656 2896 llt
684 2832 844 2897 humanae
871 2835 989 2898 mentis
1017 2833 1231 2899 diffidentiam
1253 2832 1469 2919 redarguens,
1494 2837 1606 2921 (quam

333 2937 446 3026 meritp
461 2937 605 3018 stultam,
629 2957 709 3019 (lirae
724 2935 793 2998 lieo
807 2936 980 3021 quidquam
998 2935 1160 3019 judicaret
1175 2935 1382 3020 impossibile,
1406 2939 1606 3025 nuncupet),

332 3041 552 3123 competenter
574 3059 613 3100 ex
635 3059 740 3101 rerum
762 3037 861 3100 etiam
883 3037 1055 3102 visibilium
1078 3041 1112 3102 et
1132 3037 1282 3103 humanis
1304 3039 1608 3106 conversationibus

332 3141 485 3204 usitatam
522 3139 764 3203 similitudinem
800 3140 1133 3225 comparationemque
1171 3141 1378 3227 magnificam
1416 3142 1609 3227 praeclarus

232 3224 317 3344 {2²25
331 3243 441 3306 docter
463 3241 597 3323 inducit,
622 3241 745 3305 dicens:
768 3247 929 3322 Inalpieua,
948 3243 1017 3327 (qui
1033 3242 1100 3307 llec
1115 3241 1194 3307 haec
1210 3241 1423 3328 impossibilia
1436 3244 1609 3329 mamm,

247 3328 281 3355 ”⁸
311 3337 379 3409 ¹uel
404 3344 541 3429 ambigis
564 3364 632 3406 esse
654 3342 833 3427 facienda),
868 3353 918 3408 tu!
946 3352 1028 3425 qumi
1052 3352 1182 3411 semines
1208 3353 1395 3423 eviotfieutur,
1429 3352 1494 3411 nter·
1518 3356 1611 3429 ρήω

246 3513 252 3533 1
330 3453 500 3510 trutinetur?
532 3445 635 3520 Qurun
649 3444 893 3509 similitudinem
916 3447 956 3511 ad
979 3447 1243 3511 resurrectionem
1261 3446 1402 3532 corporis
1423 3452 1503 3531 post
1524 3470 1611 3513 mer·

181 3512 315 3643 mliii„
329 3551 395 3609 tem
417 3547 560 3609 futuram
583 3547 811 3611 convenienter
833 3550 966 3631 aptavit.
1009 3549 1132 3613 Deinde
1146 3548 1230 3634 quod
1252 3552 1378 3613 secutus
1401 3547 1544 3633 adiecit:
1569 3556 1612 3617 Et

330 3655 413 3728 quod
433 3657 571 3727 caninus,
603 3671 663 3714 acu
687 3672 798 3731 corpus
819 3657 902 3729 quod
918 3656 1060 3729 futurum
1082 3663 1125 3716 est
1146 3658 1286 3729 aesinus,
1315 3656 1371 3715 sert
1390 3656 1511 3717 nmen
1531 3676 1611 3733 m·

329 3773 416 3829 terrra,
446 3764 479 3816 ut
498 3765 575 3832 pute
598 3759 694 3817 tritici
720 3765 750 3817 et
772 3766 949 3818 ceterorum.
996 3759 1074 3818 Deus
1094 3766 1192 3817 uatem
1215 3760 1269 3818 dat
1291 3758 1338 3816 illi
1357 3774 1489 3834 corpus,
1511 3770 1613 3837 peut

330 3861 431 3917 celred.
483 3855 534 3917 alal
562 3854 750 3938 cruditatem
774 3855 843 3936 jam
872 3860 905 3919 et
932 3855 1086 3940 speciem,
1120 3877 1202 3939 quae
1230 3858 1303 3938 pacet
1332 3858 1613 3925 resurrectionem

327 3956 438 4019 futura
451 3960 511 4037 est,
535 3978 637 4039 gellus
654 3958 902 4041 comparationis
918 3956 1069 4021 adhibere
1085 3958 1223 4021 ‹urrrrvitz
1242 3970 1337 4037 prout
1351 3964 1459 4037 uoluit,
1484 3960 1610 4047 inquit

328 4057 409 4133 Quid
432 4057 534 4120 adhuc
557 4060 707 4141 quaeris?
751 4059 849 4124 l'rout
872 4059 1008 4123 voluerit
1030 4059 1126 4142 lleus,
1156 4061 1201 4123 sic
1224 4059 1315 4125 dabit
1336 4060 1515 4148 uuicuique
1538 4086 1612 4131 eor·

328 4182 386 4241 pus
410 4158 565 4223 iuetlbbili
588 4161 732 4243 purteeutia
754 4163 954 4226 suscitatum.

411 4263 462 4325 21.
494 4261 555 4325 Sed
578 4262 716 4325 torsitan
738 4263 914 4346 arbitreris,
939 4263 1009 4328 idco
1024 4264 1128 4348 magis
1145 4264 1321 4349 significari
1342 4286 1408 4329 nou
1425 4268 1611 4357 unicnique

326 4386 418 4427 sumu
430 4364 667 4427 rel'ornumdum
683 4366 810 4448 proprie
826 4388 950 4451 corpus,
963 4387 1059 4450 quum
1073 4366 1257 4431 adstruatur
1267 4380 1363 4447 proed
1375 4372 1459 4434 detes
1474 4378 1604 4439 ectum

326 4488 395 4529 esse
418 4465 640 4550 reparandum.
692 4467 875 4551 Diligenter
903 4490 979 4552 crgo
1007 4490 1136 4533 sensum
1163 4469 1290 4553 plenius
1317 4467 1397 4532 haec
1426 4474 1596 4541 tractanti

325 4567 467 4651 iutcrule,
494 4569 520 4631 si
544 4569 625 4631 scire
648 4570 783 4651 certaris,
815 4571 989 4651 ‹ujusuuuli
1019 4592 1134 4654 corpus
1161 4570 1333 4657 uuicuique
1361 4571 1406 4636 sit
1431 4570 1523 4640 lleus
1548 4576 1582 4643 lu

327 4668 431 4750 ipsum
456 4674 547 4751 prout
573 4672 705 4733 nutrierit
730 4670 924 4755 redditurus,
957 4676 990 4736 ct
1012 4677 1175 4756 tuuupmm
1199 4673 1258 4737 tibi
1277 4674 1345 4756 jam
1368 4677 1452 4739 tuuc
1477 4678 1521 4743 ad
1547 4680 1579 4745 is·
