<?xml version="1.0" encoding="UTF-8"?>
<!DOCTYPE html PUBLIC "-//W3C//DTD XHTML 1.0 Transitional//EN"
    "http://www.w3.org/TR/xhtml1/DTD/xhtml1-transitional.dtd">
<html xmlns="http://www.w3.org/1999/xhtml" xml:lang="en" lang="en">
 <head>
  <title>
</title>
<meta http-equiv="Content-Type" content="text/html;charset=utf-8" />
  <meta name='ocr-system' content='tesseract 3.04.00' />
  <meta name='ocr-capabilities' content='ocr_page ocr_carea ocr_par ocr_line ocrx_word'/>
</head>
<body>
  <div class='ocr_page' id='page_1' title='image "./epistolaeromano00cousgoog/epistolaeromano00cousgoog_0241.png"; bbox 0 0 3412 5664; ppageno 0'>
   <div class='ocr_carea' id='block_1_1' title="bbox 316 280 1124 371">
    <p class='ocr_par' dir='ltr' id='par_1_1' title="bbox 316 280 1124 371">
     <span class='ocr_line' id='line_1_1' title="bbox 316 280 1124 371; baseline -0.014 0"><span class='ocrx_word' id='word_1_1' title='bbox 316 280 383 371; x_wconf 84' lang='grc' dir='ltr'>184Ι</span> <span class='ocrx_word' id='word_1_2' title='bbox 774 317 801 365; x_wconf 90' lang='lat' dir='ltr'>s.</span> <span class='ocrx_word' id='word_1_3' title='bbox 820 313 988 365; x_wconf 80' lang='lat' dir='ltr'>mnemon</span> <span class='ocrx_word' id='word_1_4' title='bbox 1010 313 1124 361; x_wconf 78' lang='lat' dir='ltr'>caesa</span> 
     </span>
    </p>
   </div>
   <div class='ocr_carea' id='block_1_2' title="bbox 207 466 1569 3838">
    <p class='ocr_par' dir='ltr' id='par_1_2' title="bbox 207 466 1569 2507">
     <span class='ocr_line' id='line_1_2' title="bbox 207 466 1569 560; baseline -0.005 -17"><span class='ocrx_word' id='word_1_5' title='bbox 207 506 231 543; x_wconf 80' lang='lat' dir='ltr'>a,</span> <span class='ocrx_word' id='word_1_6' title='bbox 245 478 382 542; x_wconf 65' lang='lat' dir='ltr'>melers</span> <span class='ocrx_word' id='word_1_7' title='bbox 409 473 556 560; x_wconf 87' lang='lat' dir='ltr'>permoti,</span> <span class='ocrx_word' id='word_1_8' title='bbox 584 471 666 556; x_wconf 92' lang='lat' dir='ltr'>quod</span> <span class='ocrx_word' id='word_1_9' title='bbox 697 471 763 535; x_wconf 87' lang='lat' dir='ltr'>illie</span> <span class='ocrx_word' id='word_1_10' title='bbox 785 470 871 534; x_wconf 88' lang='lat' dir='ltr'>infra</span> <span class='ocrx_word' id='word_1_11' title='bbox 893 466 1074 534; x_wconf 79' lang='lat' dir='ltr'>Ecclesiam</span> <span class='ocrx_word' id='word_1_12' title='bbox 1102 468 1163 532; x_wconf 86' lang='lat' dir='ltr'>llci</span> <span class='ocrx_word' id='word_1_13' title='bbox 1191 467 1415 533; x_wconf 82' lang='lat' dir='ltr'><strong>scandalorum</strong></span> <span class='ocrx_word' id='word_1_14' title='bbox 1451 470 1569 536; x_wconf 72' lang='lat' dir='ltr'>recidis</span> 
     </span>
     <span class='ocr_line' id='line_1_3' title="bbox 316 570 1569 658; baseline -0.006 -13"><span class='ocrx_word' id='word_1_15' title='bbox 316 579 494 646; x_wconf 79' lang='lat' dir='ltr'>11ascrmtur</span> <span class='ocrx_word' id='word_1_16' title='bbox 516 575 675 656; x_wconf 88' lang='lat' dir='ltr'>incendia,</span> <span class='ocrx_word' id='word_1_17' title='bbox 699 574 754 638; x_wconf 89' lang='lat' dir='ltr'>uhi</span> <span class='ocrx_word' id='word_1_18' title='bbox 775 573 902 658; x_wconf 84' lang='lat' dir='ltr'>totics³)</span> <span class='ocrx_word' id='word_1_19' title='bbox 926 572 1117 637; x_wconf 73' lang='lat' dir='ltr'>carretoritatc</span> <span class='ocrx_word' id='word_1_20' title='bbox 1140 570 1443 657; x_wconf 83' lang='lat' dir='ltr'>apostolicaesedis</span> <span class='ocrx_word' id='word_1_21' title='bbox 1467 576 1502 638; x_wconf 88' lang='lat' dir='ltr'>et</span> <span class='ocrx_word' id='word_1_22' title='bbox 1524 594 1569 638; x_wconf 81' lang='lat' dir='ltr'>ser</span> 
     </span>
     <span class='ocr_line' id='line_1_4' title="bbox 317 674 1569 764; baseline -0.005 -16"><span class='ocrx_word' id='word_1_23' title='bbox 317 681 422 748; x_wconf 86' lang='lat' dir='ltr'>tentia</span> <span class='ocrx_word' id='word_1_24' title='bbox 444 678 557 764; x_wconf 83' lang='lat' dir='ltr'>synodi</span> <span class='ocrx_word' id='word_1_25' title='bbox 579 677 767 741; x_wconf 88' lang='lat' dir='ltr'>universalis</span> <span class='ocrx_word' id='word_1_26' title='bbox 796 676 955 740; x_wconf 82' lang='lat' dir='ltr'>exstincta</span> <span class='ocrx_word' id='word_1_27' title='bbox 983 678 1068 739; x_wconf 89' lang='lat' dir='ltr'>sunt.</span> <span class='ocrx_word' id='word_1_28' title='bbox 1115 675 1174 740; x_wconf 84' lang='lat' dir='ltr'>Cui</span> <span class='ocrx_word' id='word_1_29' title='bbox 1196 696 1333 759; x_wconf 87' lang='lat' dir='ltr'>namque</span> <span class='ocrx_word' id='word_1_30' title='bbox 1361 674 1397 739; x_wconf 94' lang='lat' dir='ltr'>in</span> <span class='ocrx_word' id='word_1_31' title='bbox 1422 679 1495 742; x_wconf 88' lang='lat' dir='ltr'>toto</span> <span class='ocrx_word' id='word_1_32' title='bbox 1518 676 1569 741; x_wconf 85' lang='lat' dir='ltr'>orl</span> 
     </span>
     <span class='ocr_line' id='line_1_5' title="bbox 318 776 1569 865; baseline -0.002 -17"><span class='ocrx_word' id='word_1_33' title='bbox 318 789 475 849; x_wconf 88' lang='lat' dir='ltr'>terrarum</span> <span class='ocrx_word' id='word_1_34' title='bbox 504 803 576 846; x_wconf 72' lang='lat' dir='ltr'>canu</span> <span class='ocrx_word' id='word_1_35' title='bbox 604 779 813 864; x_wconf 85' lang='lat' dir='ltr'>perversitate</span> <span class='ocrx_word' id='word_1_36' title='bbox 847 778 1034 863; x_wconf 81' lang='lat' dir='ltr'>dogmatrmr</span> <span class='ocrx_word' id='word_1_37' title='bbox 1060 776 1274 842; x_wconf 88' lang='lat' dir='ltr'>nefandorum</span> <span class='ocrx_word' id='word_1_38' title='bbox 1300 776 1463 861; x_wconf 85' lang='lat' dir='ltr'>Nestorii,</span> <span class='ocrx_word' id='word_1_39' title='bbox 1493 778 1569 865; x_wconf 69' lang='lat' dir='ltr'>surg</span> 
     </span>
     <span class='ocr_line' id='line_1_6' title="bbox 320 879 1569 967; baseline -0.004 -15"><span class='ocrx_word' id='word_1_40' title='bbox 320 886 422 953; x_wconf 91' lang='lat' dir='ltr'>chetis</span> <span class='ocrx_word' id='word_1_41' title='bbox 444 883 651 967; x_wconf 89' lang='lat' dir='ltr'>Dioscoriquc</span> <span class='ocrx_word' id='word_1_42' title='bbox 678 882 852 965; x_wconf 72' lang='lat' dir='ltr'>‹lamnatiq</span> <span class='ocrx_word' id='word_1_43' title='bbox 883 882 933 946; x_wconf 89' lang='lat' dir='ltr'>cui</span> <span class='ocrx_word' id='word_1_44' title='bbox 955 880 1115 945; x_wconf 77' lang='lat' dir='ltr'>Timothei</span> <span class='ocrx_word' id='word_1_45' title='bbox 1142 902 1250 944; x_wconf 88' lang='lat' dir='ltr'>rursus</span> <span class='ocrx_word' id='word_1_46' title='bbox 1277 879 1525 947; x_wconf 73' lang='lat' dir='ltr'>Alexandrinae</span> <span class='ocrx_word' id='word_1_47' title='bbox 1547 903 1569 947; x_wconf 86' lang='lat' dir='ltr'>e</span> 
     </span>
     <span class='ocr_line' id='line_1_7' title="bbox 321 981 1569 1074; baseline -0.002 -20"><span class='ocrx_word' id='word_1_48' title='bbox 321 989 435 1054; x_wconf 85' lang='lat' dir='ltr'>elesius</span> <span class='ocrx_word' id='word_1_49' title='bbox 456 985 636 1074; x_wconf 81' lang='lat' dir='ltr'>pervasoris</span> <span class='ocrx_word' id='word_1_50' title='bbox 659 1006 725 1049; x_wconf 89' lang='lat' dir='ltr'>non</span> <span class='ocrx_word' id='word_1_51' title='bbox 748 989 796 1049; x_wconf 90' lang='lat' dir='ltr'>est</span> <span class='ocrx_word' id='word_1_52' title='bbox 818 988 895 1049; x_wconf 88' lang='lat' dir='ltr'>nota</span> <span class='ocrx_word' id='word_1_53' title='bbox 918 982 1078 1067; x_wconf 77' lang='lat' dir='ltr'>dejectio?</span> <span class='ocrx_word' id='word_1_54' title='bbox 1107 981 1212 1048; x_wconf 83' lang='lat' dir='ltr'>Testis</span> <span class='ocrx_word' id='word_1_55' title='bbox 1228 985 1277 1047; x_wconf 87' lang='lat' dir='ltr'>est</span> <span class='ocrx_word' id='word_1_56' title='bbox 1291 983 1472 1070; x_wconf 64' lang='lat' dir='ltr'>anteriusl)</span> <span class='ocrx_word' id='word_1_57' title='bbox 1486 983 1569 1071; x_wconf 71' lang='lat' dir='ltr'>aph</span> 
     </span>
     <span class='ocr_line' id='line_1_8' title="bbox 320 1085 1569 1173; baseline -0.002 -17"><span class='ocrx_word' id='word_1_58' title='bbox 320 1092 440 1173; x_wconf 92' lang='lat' dir='ltr'>sinum,</span> <span class='ocrx_word' id='word_1_59' title='bbox 479 1089 570 1153; x_wconf 87' lang='lat' dir='ltr'>testis</span> <span class='ocrx_word' id='word_1_60' title='bbox 603 1090 652 1151; x_wconf 89' lang='lat' dir='ltr'>cst</span> <span class='ocrx_word' id='word_1_61' title='bbox 686 1109 797 1152; x_wconf 89' lang='lat' dir='ltr'>recens</span> <span class='ocrx_word' id='word_1_62' title='bbox 826 1086 1085 1152; x_wconf 80' lang='lat' dir='ltr'>Oalclredonense</span> <span class='ocrx_word' id='word_1_63' title='bbox 1114 1086 1296 1170; x_wconf 89' lang='lat' dir='ltr'>concilium,</span> <span class='ocrx_word' id='word_1_64' title='bbox 1329 1085 1414 1171; x_wconf 92' lang='lat' dir='ltr'>quod</span> <span class='ocrx_word' id='word_1_65' title='bbox 1448 1086 1569 1172; x_wconf 80' lang='lat' dir='ltr'>quisqu</span> 
     </span>
     <span class='ocr_line' id='line_1_9' title="bbox 320 1188 1569 1273; baseline -0.002 -15"><span class='ocrx_word' id='word_1_66' title='bbox 320 1192 479 1258; x_wconf 76' lang='lat' dir='ltr'>desiderat</span> <span class='ocrx_word' id='word_1_67' title='bbox 505 1189 686 1272; x_wconf 89' lang='lat' dir='ltr'>retractari,</span> <span class='ocrx_word' id='word_1_68' title='bbox 723 1191 759 1253; x_wconf 88' lang='lat' dir='ltr'>in</span> <span class='ocrx_word' id='word_1_69' title='bbox 786 1211 918 1254; x_wconf 88' lang='lat' dir='ltr'>numero</span> <span class='ocrx_word' id='word_1_70' title='bbox 945 1188 1087 1253; x_wconf 89' lang='lat' dir='ltr'>fidelium</span> <span class='ocrx_word' id='word_1_71' title='bbox 1108 1211 1141 1252; x_wconf 90' lang='lat' dir='ltr'>se</span> <span class='ocrx_word' id='word_1_72' title='bbox 1163 1188 1353 1273; x_wconf 89' lang='lat' dir='ltr'>pronuntiat</span> <span class='ocrx_word' id='word_1_73' title='bbox 1375 1211 1442 1261; x_wconf 88' lang='lat' dir='ltr'>non</span> <span class='ocrx_word' id='word_1_74' title='bbox 1465 1188 1569 1255; x_wconf 87' lang='lat' dir='ltr'>haber</span> 
     </span>
     <span class='ocr_line' id='line_1_10' title="bbox 320 1290 1569 1381; baseline -0.002 -21"><span class='ocrx_word' id='word_1_75' title='bbox 320 1291 416 1381; x_wconf 81' lang='lat' dir='ltr'>quani</span> <span class='ocrx_word' id='word_1_76' title='bbox 443 1293 680 1378; x_wconf 87' lang='lat' dir='ltr'>praedictorum</span> <span class='ocrx_word' id='word_1_77' title='bbox 707 1292 781 1356; x_wconf 85' lang='lat' dir='ltr'>talis</span> <span class='ocrx_word' id='word_1_78' title='bbox 809 1292 973 1376; x_wconf 73' lang='lat' dir='ltr'>impietae,</span> <span class='ocrx_word' id='word_1_79' title='bbox 1013 1290 1229 1378; x_wconf 67' lang='lat' dir='ltr'>auctoribusl)</span> <span class='ocrx_word' id='word_1_80' title='bbox 1259 1291 1357 1355; x_wconf 90' lang='lat' dir='ltr'>etiam</span> <span class='ocrx_word' id='word_1_81' title='bbox 1390 1292 1569 1379; x_wconf 75' lang='lat' dir='ltr'>principibc</span> 
     </span>
     <span class='ocr_line' id='line_1_11' title="bbox 323 1393 1569 1478; baseline -0.002 -15"><span class='ocrx_word' id='word_1_82' title='bbox 323 1396 517 1464; x_wconf 72' lang='lat' dir='ltr'>Christianis</span> <span class='ocrx_word' id='word_1_83' title='bbox 540 1418 605 1460; x_wconf 91' lang='lat' dir='ltr'>non</span> <span class='ocrx_word' id='word_1_84' title='bbox 629 1395 731 1459; x_wconf 90' lang='lat' dir='ltr'>solmn</span> <span class='ocrx_word' id='word_1_85' title='bbox 754 1395 795 1459; x_wconf 89' lang='lat' dir='ltr'>ab</span> <span class='ocrx_word' id='word_1_86' title='bbox 811 1395 976 1459; x_wconf 79' lang='lat' dir='ltr'>Ecclesiae</span> <span class='ocrx_word' id='word_1_87' title='bbox 1000 1415 1130 1478; x_wconf 88' lang='lat' dir='ltr'>corpore</span> <span class='ocrx_word' id='word_1_88' title='bbox 1151 1416 1262 1459; x_wconf 85' lang='lat' dir='ltr'>verum</span> <span class='ocrx_word' id='word_1_89' title='bbox 1285 1394 1411 1459; x_wconf 84' lang='lat' dir='ltr'>aeoetu</span> <span class='ocrx_word' id='word_1_90' title='bbox 1427 1393 1569 1461; x_wconf 88' lang='lat' dir='ltr'>hominm</span> 
     </span>
     <span class='ocr_line' id='line_1_12' title="bbox 322 1497 1569 1584; baseline -0.001 -19"><span class='ocrx_word' id='word_1_91' title='bbox 322 1501 441 1565; x_wconf 84' lang='lat' dir='ltr'>exsiliis</span> <span class='ocrx_word' id='word_1_92' title='bbox 472 1501 643 1583; x_wconf 85' lang='lat' dir='ltr'>segregata</span> <span class='ocrx_word' id='word_1_93' title='bbox 670 1497 821 1580; x_wconf 87' lang='lat' dir='ltr'>diversis,</span> <span class='ocrx_word' id='word_1_94' title='bbox 857 1497 968 1562; x_wconf 88' lang='lat' dir='ltr'>unitae</span> <span class='ocrx_word' id='word_1_95' title='bbox 996 1497 1177 1562; x_wconf 88' lang='lat' dir='ltr'>sententiae</span> <span class='ocrx_word' id='word_1_96' title='bbox 1205 1497 1414 1562; x_wconf 85' lang='lat' dir='ltr'>damnatione</span> <span class='ocrx_word' id='word_1_97' title='bbox 1441 1518 1569 1584; x_wconf 85' lang='lat' dir='ltr'>percuss</span> 
     </span>
     <span class='ocr_line' id='line_1_13' title="bbox 322 1599 1569 1686; baseline -0.002 -18"><span class='ocrx_word' id='word_1_98' title='bbox 322 1607 379 1668; x_wconf 86' lang='lat' dir='ltr'>est.</span> <span class='ocrx_word' id='word_1_99' title='bbox 423 1601 472 1667; x_wconf 90' lang='lat' dir='ltr'>De</span> <span class='ocrx_word' id='word_1_100' title='bbox 500 1623 633 1686; x_wconf 91' lang='lat' dir='ltr'>quorum</span> <span class='ocrx_word' id='word_1_101' title='bbox 660 1599 742 1665; x_wconf 87' lang='lat' dir='ltr'>nihil</span> <span class='ocrx_word' id='word_1_102' title='bbox 770 1603 819 1664; x_wconf 91' lang='lat' dir='ltr'>est</span> <span class='ocrx_word' id='word_1_103' title='bbox 849 1622 936 1665; x_wconf 91' lang='lat' dir='ltr'>mmc</span> <span class='ocrx_word' id='word_1_104' title='bbox 958 1621 1064 1665; x_wconf 90' lang='lat' dir='ltr'>errore</span> <span class='ocrx_word' id='word_1_105' title='bbox 1092 1599 1272 1685; x_wconf 89' lang='lat' dir='ltr'>dicendum,</span> <span class='ocrx_word' id='word_1_106' title='bbox 1301 1602 1377 1686; x_wconf 89' lang='lat' dir='ltr'>quia</span> <span class='ocrx_word' id='word_1_107' title='bbox 1398 1602 1475 1685; x_wconf 87' lang='lat' dir='ltr'>post</span> <span class='ocrx_word' id='word_1_108' title='bbox 1496 1600 1569 1666; x_wconf 86' lang='lat' dir='ltr'>trad</span> 
     </span>
     <span class='ocr_line' id='line_1_14' title="bbox 321 1702 1569 1797; baseline -0.001 -27"><span class='ocrx_word' id='word_1_109' title='bbox 321 1707 442 1770; x_wconf 88' lang='lat' dir='ltr'>tionem</span> <span class='ocrx_word' id='word_1_110' title='bbox 465 1707 629 1769; x_wconf 85' lang='lat' dir='ltr'>tantormn</span> <span class='ocrx_word' id='word_1_111' title='bbox 644 1702 774 1767; x_wconf 89' lang='lat' dir='ltr'>Domini</span> <span class='ocrx_word' id='word_1_112' title='bbox 798 1702 1008 1797; x_wconf 84' lang='lat' dir='ltr'>sacerdotum,</span> <span class='ocrx_word' id='word_1_113' title='bbox 1033 1702 1086 1787; x_wconf 91' lang='lat' dir='ltr'>qui</span> <span class='ocrx_word' id='word_1_114' title='bbox 1109 1702 1206 1788; x_wconf 85' lang='lat' dir='ltr'>longe</span> <span class='ocrx_word' id='word_1_115' title='bbox 1229 1705 1304 1767; x_wconf 83' lang='lat' dir='ltr'>ante</span> <span class='ocrx_word' id='word_1_116' title='bbox 1318 1724 1378 1768; x_wconf 90' lang='lat' dir='ltr'>nos</span> <span class='ocrx_word' id='word_1_117' title='bbox 1393 1703 1430 1768; x_wconf 92' lang='lat' dir='ltr'>in</span> <span class='ocrx_word' id='word_1_118' title='bbox 1444 1703 1569 1770; x_wconf 86' lang='lat' dir='ltr'>univers</span> 
     </span>
     <span class='ocr_line' id='line_1_15' title="bbox 322 1805 1569 1892; baseline 0.002 -20"><span class='ocrx_word' id='word_1_119' title='bbox 322 1807 434 1872; x_wconf 78' lang='lat' dir='ltr'>nrrurdi</span> <span class='ocrx_word' id='word_1_120' title='bbox 459 1810 552 1892; x_wconf 88' lang='lat' dir='ltr'>parte</span> <span class='ocrx_word' id='word_1_121' title='bbox 585 1806 643 1870; x_wconf 90' lang='lat' dir='ltr'>has</span> <span class='ocrx_word' id='word_1_122' title='bbox 675 1827 799 1890; x_wconf 89' lang='lat' dir='ltr'>quoque</span> <span class='ocrx_word' id='word_1_123' title='bbox 826 1805 973 1871; x_wconf 89' lang='lat' dir='ltr'>haereses</span> <span class='ocrx_word' id='word_1_124' title='bbox 1005 1805 1186 1889; x_wconf 89' lang='lat' dir='ltr'>evicerunt,</span> <span class='ocrx_word' id='word_1_125' title='bbox 1220 1806 1334 1873; x_wconf 87' lang='lat' dir='ltr'>beatae</span> <span class='ocrx_word' id='word_1_126' title='bbox 1362 1805 1569 1875; x_wconf 82' lang='lat' dir='ltr'>recordation</span> 
     </span>
     <span class='ocr_line' id='line_1_16' title="bbox 322 1906 1565 1996; baseline 0 -22"><span class='ocrx_word' id='word_1_127' title='bbox 322 1910 546 1996; x_wconf 88' lang='lat' dir='ltr'>praedecessor</span> <span class='ocrx_word' id='word_1_128' title='bbox 568 1911 677 1972; x_wconf 88' lang='lat' dir='ltr'>noster</span> <span class='ocrx_word' id='word_1_129' title='bbox 692 1906 756 1971; x_wconf 88' lang='lat' dir='ltr'>Leo</span> <span class='ocrx_word' id='word_1_130' title='bbox 778 1908 949 1993; x_wconf 88' lang='lat' dir='ltr'>multiplici</span> <span class='ocrx_word' id='word_1_131' title='bbox 964 1930 1109 1973; x_wconf 89' lang='lat' dir='ltr'>sermone</span> <span class='ocrx_word' id='word_1_132' title='bbox 1124 1908 1300 1991; x_wconf 90' lang='lat' dir='ltr'>doctrinae,</span> <span class='ocrx_word' id='word_1_133' title='bbox 1324 1907 1400 1993; x_wconf 90' lang='lat' dir='ltr'>quid</span> <span class='ocrx_word' id='word_1_134' title='bbox 1416 1908 1565 1975; x_wconf 80' lang='lat' dir='ltr'>catholic:</span> 
     </span>
     <span class='ocr_line' id='line_1_17' title="bbox 322 2009 1569 2095; baseline 0.001 -19"><span class='ocrx_word' id='word_1_135' title='bbox 322 2011 467 2076; x_wconf 84' lang='lat' dir='ltr'>veritatis</span> <span class='ocrx_word' id='word_1_136' title='bbox 483 2013 634 2095; x_wconf 89' lang='lat' dir='ltr'>sequatur</span> <span class='ocrx_word' id='word_1_137' title='bbox 648 2010 831 2095; x_wconf 80' lang='lat' dir='ltr'>integritas,</span> <span class='ocrx_word' id='word_1_138' title='bbox 856 2010 932 2095; x_wconf 90' lang='lat' dir='ltr'>quid</span> <span class='ocrx_word' id='word_1_139' title='bbox 948 2011 1135 2093; x_wconf 84' lang='lat' dir='ltr'>detestetur,</span> <span class='ocrx_word' id='word_1_140' title='bbox 1153 2010 1298 2075; x_wconf 87' lang='lat' dir='ltr'>asseruit.</span> <span class='ocrx_word' id='word_1_141' title='bbox 1327 2009 1400 2077; x_wconf 87' lang='lat' dir='ltr'>Hac</span> <span class='ocrx_word' id='word_1_142' title='bbox 1416 2010 1569 2077; x_wconf 85' lang='lat' dir='ltr'>eruditio·</span> 
     </span>
     <span class='ocr_line' id='line_1_18' title="bbox 322 2112 1569 2198; baseline 0.002 -20"><span class='ocrx_word' id='word_1_143' title='bbox 322 2114 458 2178; x_wconf 85' lang='lat' dir='ltr'>fundata</span> <span class='ocrx_word' id='word_1_144' title='bbox 492 2135 557 2177; x_wconf 90' lang='lat' dir='ltr'>non</span> <span class='ocrx_word' id='word_1_145' title='bbox 587 2113 793 2178; x_wconf 86' lang='lat' dir='ltr'>contentione</span> <span class='ocrx_word' id='word_1_146' title='bbox 822 2135 900 2198; x_wconf 88' lang='lat' dir='ltr'>opus</span> <span class='ocrx_word' id='word_1_147' title='bbox 929 2117 993 2196; x_wconf 88' lang='lat' dir='ltr'>est,</span> <span class='ocrx_word' id='word_1_148' title='bbox 1028 2117 1065 2177; x_wconf 91' lang='lat' dir='ltr'>ut</span> <span class='ocrx_word' id='word_1_149' title='bbox 1095 2112 1200 2178; x_wconf 91' lang='lat' dir='ltr'>adhuc</span> <span class='ocrx_word' id='word_1_150' title='bbox 1227 2116 1393 2197; x_wconf 89' lang='lat' dir='ltr'>tamquam</span> <span class='ocrx_word' id='word_1_151' title='bbox 1422 2114 1462 2180; x_wconf 92' lang='lat' dir='ltr'>de</span> <span class='ocrx_word' id='word_1_152' title='bbox 1490 2114 1569 2180; x_wconf 72' lang='lat' dir='ltr'>dul:</span> 
     </span>
     <span class='ocr_line' id='line_1_19' title="bbox 320 2214 1569 2301; baseline 0.005 -22"><span class='ocrx_word' id='word_1_153' title='bbox 320 2217 490 2299; x_wconf 90' lang='lat' dir='ltr'>judicetur.</span> <span class='ocrx_word' id='word_1_154' title='bbox 541 2214 601 2280; x_wconf 81' lang='lat' dir='ltr'>Sed</span> <span class='ocrx_word' id='word_1_155' title='bbox 630 2215 714 2279; x_wconf 89' lang='lat' dir='ltr'>sicut</span> <span class='ocrx_word' id='word_1_156' title='bbox 747 2215 951 2281; x_wconf 89' lang='lat' dir='ltr'>dilectionem</span> <span class='ocrx_word' id='word_1_157' title='bbox 978 2220 1118 2280; x_wconf 87' lang='lat' dir='ltr'>vestram</span> <span class='ocrx_word' id='word_1_158' title='bbox 1145 2215 1321 2301; x_wconf 85' lang='lat' dir='ltr'>gaudemus</span> <span class='ocrx_word' id='word_1_159' title='bbox 1348 2216 1467 2301; x_wconf 87' lang='lat' dir='ltr'>facere,</span> <span class='ocrx_word' id='word_1_160' title='bbox 1495 2218 1569 2285; x_wconf 76' lang='lat' dir='ltr'>fin:</span> 
     </span>
     <span class='ocr_line' id='line_1_20' title="bbox 325 2317 1569 2403; baseline 0.001 -19"><span class='ocrx_word' id='word_1_161' title='bbox 325 2322 436 2384; x_wconf 87' lang='lat' dir='ltr'>contra</span> <span class='ocrx_word' id='word_1_162' title='bbox 459 2317 599 2400; x_wconf 86' lang='lat' dir='ltr'>dejectos</span> <span class='ocrx_word' id='word_1_163' title='bbox 622 2321 706 2383; x_wconf 88' lang='lat' dir='ltr'>state</span> <span class='ocrx_word' id='word_1_164' title='bbox 728 2318 885 2403; x_wconf 83' lang='lat' dir='ltr'>vestigiis,</span> <span class='ocrx_word' id='word_1_165' title='bbox 916 2340 976 2383; x_wconf 89' lang='lat' dir='ltr'>nec</span> <span class='ocrx_word' id='word_1_166' title='bbox 999 2340 1054 2382; x_wconf 89' lang='lat' dir='ltr'>vos</span> <span class='ocrx_word' id='word_1_167' title='bbox 1077 2318 1277 2383; x_wconf 74' lang='lat' dir='ltr'>adversarius</span> <span class='ocrx_word' id='word_1_168' title='bbox 1299 2322 1432 2403; x_wconf 87' lang='lat' dir='ltr'>terreat,</span> <span class='ocrx_word' id='word_1_169' title='bbox 1455 2324 1512 2385; x_wconf 92' lang='lat' dir='ltr'>aut</span> <span class='ocrx_word' id='word_1_170' title='bbox 1530 2323 1569 2385; x_wconf 83' lang='lat' dir='ltr'>t-</span> 
     </span>
     <span class='ocr_line' id='line_1_21' title="bbox 324 2420 1569 2507; baseline 0.002 -21"><span class='ocrx_word' id='word_1_171' title='bbox 324 2423 398 2486; x_wconf 82' lang='lat' dir='ltr'>dani</span> <span class='ocrx_word' id='word_1_172' title='bbox 420 2420 541 2506; x_wconf 89' lang='lat' dir='ltr'>putetis</span> <span class='ocrx_word' id='word_1_173' title='bbox 563 2421 698 2504; x_wconf 85' lang='lat' dir='ltr'>desuper</span> <span class='ocrx_word' id='word_1_174' title='bbox 719 2421 829 2485; x_wconf 78' lang='lat' dir='ltr'>venire</span> <span class='ocrx_word' id='word_1_175' title='bbox 852 2421 1030 2486; x_wconf 84' lang='lat' dir='ltr'>victoriam.</span> <span class='ocrx_word' id='word_1_176' title='bbox 1076 2420 1197 2487; x_wconf 77' lang='lat' dir='ltr'>Cadere</span> <span class='ocrx_word' id='word_1_177' title='bbox 1219 2420 1348 2505; x_wconf 89' lang='lat' dir='ltr'>didicit,</span> <span class='ocrx_word' id='word_1_178' title='bbox 1372 2421 1428 2507; x_wconf 90' lang='lat' dir='ltr'>qui</span> <span class='ocrx_word' id='word_1_179' title='bbox 1449 2422 1569 2489; x_wconf 79' lang='lat' dir='ltr'>result:</span> 
     </span>
    </p>

    <p class='ocr_par' dir='ltr' id='par_1_3' title="bbox 320 2521 1569 3838">
     <span class='ocr_line' id='line_1_22' title="bbox 409 2521 1565 2591; baseline 0.003 -4"><span class='ocrx_word' id='word_1_180' title='bbox 409 2523 439 2587; x_wconf 82' lang='lat'>2.</span> <span class='ocrx_word' id='word_1_181' title='bbox 475 2521 621 2587; x_wconf 89' lang='lat' dir='ltr'>Breviter</span> <span class='ocrx_word' id='word_1_182' title='bbox 642 2522 722 2586; x_wconf 79' lang='lat' dir='ltr'>haec·</span> <span class='ocrx_word' id='word_1_183' title='bbox 745 2526 785 2587; x_wconf 88' lang='lat' dir='ltr'>ad</span> <span class='ocrx_word' id='word_1_184' title='bbox 808 2524 1077 2589; x_wconf 83' lang='lat' dir='ltr'>consultationem</span> <span class='ocrx_word' id='word_1_185' title='bbox 1104 2524 1202 2589; x_wconf 89' lang='lat' dir='ltr'>immo</span> <span class='ocrx_word' id='word_1_186' title='bbox 1224 2524 1322 2588; x_wconf 87' lang='lat' dir='ltr'>etiarn</span> <span class='ocrx_word' id='word_1_187' title='bbox 1343 2524 1565 2591; x_wconf 66' lang='lat' dir='ltr'>consolation-</span> 
     </span>
     <span class='ocr_line' id='line_1_23' title="bbox 327 2626 1569 2720; baseline 0.002 -29"><span class='ocrx_word' id='word_1_188' title='bbox 327 2629 451 2692; x_wconf 88' lang='lat' dir='ltr'>vestrae</span> <span class='ocrx_word' id='word_1_189' title='bbox 474 2626 659 2711; x_wconf 84' lang='lat' dir='ltr'>scripsimus</span> <span class='ocrx_word' id='word_1_190' title='bbox 683 2626 822 2710; x_wconf 90' lang='lat' dir='ltr'>caritati,</span> <span class='ocrx_word' id='word_1_191' title='bbox 845 2628 989 2692; x_wconf 84' lang='lat' dir='ltr'>volentos</span> <span class='ocrx_word' id='word_1_192' title='bbox 1017 2628 1149 2712; x_wconf 88' lang='lat' dir='ltr'>aliquos,</span> <span class='ocrx_word' id='word_1_193' title='bbox 1170 2626 1447 2720; x_wconf 56' lang='lat' dir='ltr'>⁸quemadmodum</span> <span class='ocrx_word' id='word_1_194' title='bbox 1468 2628 1539 2715; x_wconf 90' lang='lat' dir='ltr'>cupi</span> <span class='ocrx_word' id='word_1_195' title='bbox 1552 2650 1569 2663; x_wconf 81' lang='grc'><em>“</em></span> 
     </span>
     <span class='ocr_line' id='line_1_24' title="bbox 324 2729 1569 2816; baseline 0.002 -23"><span class='ocrx_word' id='word_1_196' title='bbox 324 2753 383 2816; x_wconf 93' lang='lat' dir='ltr'>pro</span> <span class='ocrx_word' id='word_1_197' title='bbox 412 2751 527 2795; x_wconf 87' lang='lat' dir='ltr'>causae</span> <span class='ocrx_word' id='word_1_198' title='bbox 556 2729 747 2794; x_wconf 85' lang='lat' dir='ltr'>necessitate</span> <span class='ocrx_word' id='word_1_199' title='bbox 776 2729 924 2814; x_wconf 85' lang='lat' dir='ltr'>dirigere,</span> <span class='ocrx_word' id='word_1_200' title='bbox 954 2729 1016 2794; x_wconf 89' lang='lat' dir='ltr'>nisi</span> <span class='ocrx_word' id='word_1_201' title='bbox 1050 2729 1089 2793; x_wconf 90' lang='lat' dir='ltr'>ad</span> <span class='ocrx_word' id='word_1_202' title='bbox 1120 2751 1247 2795; x_wconf 89' lang='lat' dir='ltr'>omnem</span> <span class='ocrx_word' id='word_1_203' title='bbox 1274 2729 1509 2816; x_wconf 87' lang='lat' dir='ltr'>plenitudinem</span> <span class='ocrx_word' id='word_1_204' title='bbox 1529 2754 1569 2795; x_wconf 85' lang='lat' dir='ltr'>r:</span> 
     </span>
     <span class='ocr_line' id='line_1_25' title="bbox 320 2830 1569 2918; baseline 0.002 -21"><span class='ocrx_word' id='word_1_205' title='bbox 320 2833 390 2917; x_wconf 89' lang='lat' dir='ltr'>jam</span> <span class='ocrx_word' id='word_1_206' title='bbox 412 2830 642 2914; x_wconf 89' lang='lat' dir='ltr'>defendendae,</span> <span class='ocrx_word' id='word_1_207' title='bbox 672 2854 752 2916; x_wconf 71' lang='lat' dir='ltr'>(quac</span> <span class='ocrx_word' id='word_1_208' title='bbox 775 2831 874 2896; x_wconf 89' lang='lat' dir='ltr'>solide</span> <span class='ocrx_word' id='word_1_209' title='bbox 898 2832 989 2915; x_wconf 88' lang='lat' dir='ltr'>jacta</span> <span class='ocrx_word' id='word_1_210' title='bbox 1012 2837 1070 2915; x_wconf 89' lang='lat' dir='ltr'>est,</span> <span class='ocrx_word' id='word_1_211' title='bbox 1100 2832 1173 2897; x_wconf 91' lang='lat' dir='ltr'>fidei</span> <span class='ocrx_word' id='word_1_212' title='bbox 1196 2835 1251 2897; x_wconf 88' lang='lat' dir='ltr'>scd</span> <span class='ocrx_word' id='word_1_213' title='bbox 1273 2831 1467 2918; x_wconf 90' lang='lat' dir='ltr'>repellendis</span> <span class='ocrx_word' id='word_1_214' title='bbox 1488 2832 1569 2899; x_wconf 67' lang='lat' dir='ltr'>hae</span> 
     </span>
     <span class='ocr_line' id='line_1_26' title="bbox 324 2934 1569 3019; baseline 0.002 -20"><span class='ocrx_word' id='word_1_215' title='bbox 324 2936 398 3000; x_wconf 91' lang='lat' dir='ltr'>ticis</span> <span class='ocrx_word' id='word_1_216' title='bbox 421 2937 517 3019; x_wconf 89' lang='lat' dir='ltr'>atque</span> <span class='ocrx_word' id='word_1_217' title='bbox 546 2934 708 2998; x_wconf 88' lang='lat' dir='ltr'>damnatis</span> <span class='ocrx_word' id='word_1_218' title='bbox 736 2934 792 2999; x_wconf 91' lang='lat' dir='ltr'>illa</span> <span class='ocrx_word' id='word_1_219' title='bbox 814 2935 1009 3017; x_wconf 82' lang='lat' dir='ltr'>sufficerent,</span> <span class='ocrx_word' id='word_1_220' title='bbox 1040 2956 1121 3019; x_wconf 77' lang='lat' dir='ltr'>(prae</span> <span class='ocrx_word' id='word_1_221' title='bbox 1144 2935 1241 2999; x_wconf 88' lang='lat' dir='ltr'>etiam</span> <span class='ocrx_word' id='word_1_222' title='bbox 1264 2935 1303 2999; x_wconf 88' lang='lat' dir='ltr'>ad</span> <span class='ocrx_word' id='word_1_223' title='bbox 1326 2939 1460 3001; x_wconf 82' lang='lat' dir='ltr'>sanetae</span> <span class='ocrx_word' id='word_1_224' title='bbox 1481 2957 1569 3001; x_wconf 74' lang='lat' dir='ltr'>men</span> 
     </span>
     <span class='ocr_line' id='line_1_27' title="bbox 325 3037 1532 3122; baseline 0.002 -20"><span class='ocrx_word' id='word_1_225' title='bbox 325 3039 391 3102; x_wconf 91' lang='lat' dir='ltr'>riae</span> <span class='ocrx_word' id='word_1_226' title='bbox 414 3037 604 3102; x_wconf 81' lang='lat' dir='ltr'>Flavianum</span> <span class='ocrx_word' id='word_1_227' title='bbox 627 3039 724 3120; x_wconf 87' lang='lat' dir='ltr'>atque</span> <span class='ocrx_word' id='word_1_228' title='bbox 752 3037 792 3101; x_wconf 88' lang='lat' dir='ltr'>ad</span> <span class='ocrx_word' id='word_1_229' title='bbox 819 3040 965 3100; x_wconf 90' lang='lat' dir='ltr'>sanctam</span> <span class='ocrx_word' id='word_1_230' title='bbox 988 3037 1281 3102; x_wconf 75' lang='lat' dir='ltr'>Calchcclorrensem</span> <span class='ocrx_word' id='word_1_231' title='bbox 1305 3039 1462 3122; x_wconf 83' lang='lat' dir='ltr'>synodum</span> <span class='ocrx_word' id='word_1_232' title='bbox 1484 3038 1532 3104; x_wconf 83' lang='lat' dir='ltr'>vel</span> 
     </span>
     <span class='ocr_line' id='line_1_28' title="bbox 326 3138 1569 3225; baseline 0.003 -21"><span class='ocrx_word' id='word_1_233' title='bbox 326 3143 481 3225; x_wconf 84' lang='lat' dir='ltr'>augustae</span> <span class='ocrx_word' id='word_1_234' title='bbox 504 3139 734 3205; x_wconf 87' lang='lat' dir='ltr'>recordationis</span> <span class='ocrx_word' id='word_1_235' title='bbox 750 3138 952 3204; x_wconf 85' lang='lat' dir='ltr'>Marcianum</span> <span class='ocrx_word' id='word_1_236' title='bbox 975 3162 1013 3203; x_wconf 87' lang='lat' dir='ltr'>ac</span> <span class='ocrx_word' id='word_1_237' title='bbox 1030 3139 1167 3204; x_wconf 87' lang='lat' dir='ltr'>Leonem</span> <span class='ocrx_word' id='word_1_238' title='bbox 1189 3140 1305 3219; x_wconf 84' lang='lat' dir='ltr'>beatae</span> <span class='ocrx_word' id='word_1_239' title='bbox 1321 3141 1495 3207; x_wconf 89' lang='lat' dir='ltr'>memoriae</span> <span class='ocrx_word' id='word_1_240' title='bbox 1508 3162 1569 3207; x_wconf 82' lang='lat' dir='ltr'>at</span> 
     </span>
     <span class='ocr_line' id='line_1_29' title="bbox 326 3222 1569 3329; baseline 0.002 -22"><span class='ocrx_word' id='word_1_241' title='bbox 326 3264 482 3307; x_wconf 89' lang='lat' dir='ltr'>cessorem</span> <span class='ocrx_word' id='word_1_242' title='bbox 510 3264 616 3306; x_wconf 89' lang='lat' dir='ltr'>meum</span> <span class='ocrx_word' id='word_1_243' title='bbox 643 3241 807 3326; x_wconf 87' lang='lat' dir='ltr'>scripsisse</span> <span class='ocrx_word' id='word_1_244' title='bbox 836 3222 999 3326; x_wconf 74' lang='lat' dir='ltr'>retinetis,</span> <span class='ocrx_word' id='word_1_245' title='bbox 1035 3246 1130 3327; x_wconf 85' lang='lat' dir='ltr'>atque</span> <span class='ocrx_word' id='word_1_246' title='bbox 1157 3241 1257 3306; x_wconf 87' lang='lat' dir='ltr'>totius</span> <span class='ocrx_word' id='word_1_247' title='bbox 1286 3242 1437 3309; x_wconf 74' lang='lat' dir='ltr'>Orientis</span> <span class='ocrx_word' id='word_1_248' title='bbox 1457 3244 1569 3329; x_wconf 82' lang='lat' dir='ltr'>episc:</span> 
     </span>
     <span class='ocr_line' id='line_1_30' title="bbox 326 3343 1569 3429; baseline 0.001 -21"><span class='ocrx_word' id='word_1_249' title='bbox 326 3343 490 3427; x_wconf 87' lang='lat' dir='ltr'>rescriptis</span> <span class='ocrx_word' id='word_1_250' title='bbox 499 3344 525 3428; x_wconf 73' lang='grc'>6)</span> <span class='ocrx_word' id='word_1_251' title='bbox 548 3343 588 3407; x_wconf 89' lang='lat' dir='ltr'>ad</span> <span class='ocrx_word' id='word_1_252' title='bbox 617 3344 797 3427; x_wconf 90' lang='lat' dir='ltr'>prinoipem</span> <span class='ocrx_word' id='word_1_253' title='bbox 825 3349 903 3410; x_wconf 90' lang='lat' dir='ltr'>tunc</span> <span class='ocrx_word' id='word_1_254' title='bbox 924 3344 1063 3409; x_wconf 86' lang='lat' dir='ltr'>Leonem</span> <span class='ocrx_word' id='word_1_255' title='bbox 1092 3344 1230 3429; x_wconf 88' lang='lat' dir='ltr'>propriis</span> <span class='ocrx_word' id='word_1_256' title='bbox 1257 3345 1460 3412; x_wconf 76' lang='lat' dir='ltr'>intimaremt.</span> <span class='ocrx_word' id='word_1_257' title='bbox 1504 3344 1569 3412; x_wconf 76' lang='lat' dir='ltr'>U]</span> 
     </span>
     <span class='ocr_line' id='line_1_31' title="bbox 326 3444 1569 3531; baseline 0.006 -23"><span class='ocrx_word' id='word_1_258' title='bbox 326 3444 495 3509; x_wconf 89' lang='lat' dir='ltr'>insolubile</span> <span class='ocrx_word' id='word_1_259' title='bbox 518 3466 585 3509; x_wconf 87' lang='lat' dir='ltr'>esse</span> <span class='ocrx_word' id='word_1_260' title='bbox 608 3467 674 3509; x_wconf 91' lang='lat' dir='ltr'>non</span> <span class='ocrx_word' id='word_1_261' title='bbox 696 3445 827 3509; x_wconf 90' lang='lat' dir='ltr'>dubium</span> <span class='ocrx_word' id='word_1_262' title='bbox 850 3450 908 3529; x_wconf 87' lang='lat' dir='ltr'>est,</span> <span class='ocrx_word' id='word_1_263' title='bbox 936 3447 1018 3531; x_wconf 92' lang='lat' dir='ltr'>quod</span> <span class='ocrx_word' id='word_1_264' title='bbox 1041 3447 1091 3511; x_wconf 76' lang='lat' dir='ltr'>sel</span> <span class='ocrx_word' id='word_1_265' title='bbox 1115 3451 1190 3511; x_wconf 87' lang='lat' dir='ltr'>aute</span> <span class='ocrx_word' id='word_1_266' title='bbox 1213 3446 1423 3513; x_wconf 90' lang='lat' dir='ltr'>decreverunt</span> <span class='ocrx_word' id='word_1_267' title='bbox 1443 3449 1479 3515; x_wconf 89' lang='lat' dir='ltr'>in</span> <span class='ocrx_word' id='word_1_268' title='bbox 1499 3466 1569 3515; x_wconf 79' lang='lat' dir='ltr'>un·</span> 
     </span>
     <span class='ocr_line' id='line_1_32' title="bbox 328 3546 1569 3635; baseline 0.003 -26"><span class='ocrx_word' id='word_1_269' title='bbox 328 3546 553 3610; x_wconf 83' lang='lat' dir='ltr'>convenientes</span> <span class='ocrx_word' id='word_1_270' title='bbox 576 3550 625 3610; x_wconf 82' lang='lat' dir='ltr'>tot</span> <span class='ocrx_word' id='word_1_271' title='bbox 647 3546 777 3612; x_wconf 90' lang='lat' dir='ltr'>Domini</span> <span class='ocrx_word' id='word_1_272' title='bbox 801 3548 992 3631; x_wconf 83' lang='lat' dir='ltr'>sacerdotes,</span> <span class='ocrx_word' id='word_1_273' title='bbox 1017 3550 1065 3613; x_wconf 87' lang='lat' dir='ltr'>vel</span> <span class='ocrx_word' id='word_1_274' title='bbox 1089 3549 1171 3634; x_wconf 89' lang='lat' dir='ltr'>quod</span> <span class='ocrx_word' id='word_1_275' title='bbox 1188 3549 1307 3634; x_wconf 86' lang='lat' dir='ltr'>singuli</span> <span class='ocrx_word' id='word_1_276' title='bbox 1322 3572 1381 3635; x_wconf 91' lang='lat' dir='ltr'>per</span> <span class='ocrx_word' id='word_1_277' title='bbox 1402 3573 1479 3617; x_wconf 88' lang='lat' dir='ltr'>suas</span> <span class='ocrx_word' id='word_1_278' title='bbox 1500 3568 1569 3617; x_wconf 83' lang='lat' dir='ltr'>ecc</span> 
     </span>
     <span class='ocr_line' id='line_1_33' title="bbox 327 3647 1569 3741; baseline 0.005 -30"><span class='ocrx_word' id='word_1_279' title='bbox 327 3649 390 3712; x_wconf 89' lang='lat' dir='ltr'>sias</span> <span class='ocrx_word' id='word_1_280' title='bbox 414 3647 589 3732; x_wconf 85' lang='lat' dir='ltr'>constituti,</span> <span class='ocrx_word' id='word_1_281' title='bbox 615 3649 725 3713; x_wconf 87' lang='lat' dir='ltr'>eadem</span> <span class='ocrx_word' id='word_1_282' title='bbox 747 3648 956 3715; x_wconf 88' lang='lat' dir='ltr'>nihilominus</span> <span class='ocrx_word' id='word_1_283' title='bbox 976 3652 1162 3735; x_wconf 87' lang='lat' dir='ltr'>sentientes,</span> <span class='ocrx_word' id='word_1_284' title='bbox 1187 3652 1320 3717; x_wconf 86' lang='lat' dir='ltr'>diversis</span> <span class='ocrx_word' id='word_1_285' title='bbox 1335 3652 1500 3741; x_wconf 72' lang='lat' dir='ltr'>quideml)</span> <span class='ocrx_word' id='word_1_286' title='bbox 1513 3670 1569 3719; x_wconf 74' lang='lat' dir='ltr'>vo&lt;</span> 
     </span>
     <span class='ocr_line' id='line_1_34' title="bbox 327 3750 1569 3838; baseline 0.007 -25"><span class='ocrx_word' id='word_1_287' title='bbox 327 3752 386 3815; x_wconf 91' lang='lat' dir='ltr'>bus</span> <span class='ocrx_word' id='word_1_288' title='bbox 415 3750 470 3815; x_wconf 91' lang='lat' dir='ltr'>sed</span> <span class='ocrx_word' id='word_1_289' title='bbox 491 3772 556 3814; x_wconf 74' lang='lat' dir='ltr'>mia</span> <span class='ocrx_word' id='word_1_290' title='bbox 578 3754 686 3815; x_wconf 85' lang='lat' dir='ltr'>ment-e</span> <span class='ocrx_word' id='word_1_291' title='bbox 708 3751 868 3838; x_wconf 87' lang='lat' dir='ltr'>dixerunt,</span> <span class='ocrx_word' id='word_1_292' title='bbox 899 3754 1089 3819; x_wconf 84' lang='lat' dir='ltr'>danmantcs</span> <span class='ocrx_word' id='word_1_293' title='bbox 1113 3776 1254 3820; x_wconf 88' lang='lat' dir='ltr'>errorum</span> <span class='ocrx_word' id='word_1_294' title='bbox 1281 3756 1526 3823; x_wconf 83' lang='lat' dir='ltr'>exsecrabilium</span> <span class='ocrx_word' id='word_1_295' title='bbox 1545 3776 1569 3823; x_wconf 82' lang='lat' dir='ltr'>a</span> 
     </span>
    </p>
   </div>
   <div class='ocr_carea' id='block_1_3' title="bbox 328 3896 515 3906">
    <p class='ocr_par' dir='ltr' id='par_1_4' title="bbox 328 3896 515 3906">
     <span class='ocr_line' id='line_1_35' title="bbox 328 3896 515 3906; baseline -0.011 0"><span class='ocrx_word' id='word_1_296' title='bbox 328 3896 515 3906; x_wconf 77' lang='lat'>———--</span> 
     </span>
    </p>
   </div>
   <div class='ocr_carea' id='block_1_4' title="bbox 223 3955 1569 4110">
    <p class='ocr_par' dir='ltr' id='par_1_5' title="bbox 223 3955 1569 4110">
     <span class='ocr_line' id='line_1_36' title="bbox 223 3955 1569 4032; baseline 0.01 -27"><span class='ocrx_word' id='word_1_297' title='bbox 223 3996 229 4005; x_wconf 88' lang='lat'><strong>.</strong></span> <span class='ocrx_word' id='word_1_298' title='bbox 327 3955 416 4011; x_wconf 80' lang='lat' dir='ltr'>stolae</span> <span class='ocrx_word' id='word_1_299' title='bbox 433 3955 463 4009; x_wconf 90' lang='lat' dir='ltr'>in</span> <span class='ocrx_word' id='word_1_300' title='bbox 479 3955 600 4026; x_wconf 77' lang='lat' dir='ltr'>vulgatis</span> <span class='ocrx_word' id='word_1_301' title='bbox 618 3956 783 4026; x_wconf 85' lang='lat' dir='ltr'>praemissa:</span> <span class='ocrx_word' id='word_1_302' title='bbox 807 3963 960 4014; x_wconf 71' lang='lat' dir='ltr'>clericorum</span> <span class='ocrx_word' id='word_1_303' title='bbox 978 3980 1009 4014; x_wconf 86' lang='lat' dir='ltr'>ac</span> <span class='ocrx_word' id='word_1_304' title='bbox 1026 3965 1201 4015; x_wconf 77' lang='lat' dir='ltr'>monachorum</span> <span class='ocrx_word' id='word_1_305' title='bbox 1222 3963 1443 4031; x_wconf 58' lang='lat' dir='ltr'>&amp;salentinopoh‘</span> <span class='ocrx_word' id='word_1_306' title='bbox 1459 3966 1569 4032; x_wconf 69' lang='lat' dir='ltr'>depende</span> 
     </span>
     <span class='ocr_line' id='line_1_37' title="bbox 324 4047 751 4110; baseline 0.005 -15"><span class='ocrx_word' id='word_1_307' title='bbox 324 4048 389 4110; x_wconf 78' lang='lat' dir='ltr'>fidet</span> <span class='ocrx_word' id='word_1_308' title='bbox 405 4047 571 4096; x_wconf 78' lang='lat' dir='ltr'>coustantium</span> <span class='ocrx_word' id='word_1_309' title='bbox 589 4049 751 4098; x_wconf 80' lang='lat' dir='ltr'>corumeadut.</span> 
     </span>
    </p>
   </div>
   <div class='ocr_carea' id='block_1_5' title="bbox 329 4126 1569 4968">
    <p class='ocr_par' dir='ltr' id='par_1_6' title="bbox 329 4126 1569 4286">
     <span class='ocr_line' id='line_1_38' title="bbox 395 4126 1569 4200; baseline 0.005 -20"><span class='ocrx_word' id='word_1_310' title='bbox 395 4128 417 4195; x_wconf 76' lang='grc' dir='ltr'>ι)</span> <span class='ocrx_word' id='word_1_311' title='bbox 434 4126 539 4181; x_wconf 83' lang='lat' dir='ltr'>Rursus</span> <span class='ocrx_word' id='word_1_312' title='bbox 558 4127 630 4183; x_wconf 83' lang='lat' dir='ltr'>infra</span> <span class='ocrx_word' id='word_1_313' title='bbox 648 4128 754 4198; x_wconf 74' lang='lat' dir='ltr'>epistt</span> <span class='ocrx_word' id='word_1_314' title='bbox 772 4137 823 4183; x_wconf 81' lang='lat' dir='ltr'>nl</span> <span class='ocrx_word' id='word_1_315' title='bbox 844 4128 1000 4200; x_wconf 81' lang='lat' dir='ltr'>Shaplieias</span> <span class='ocrx_word' id='word_1_316' title='bbox 1019 4129 1126 4185; x_wconf 87' lang='lat' dir='ltr'>litteras</span> <span class='ocrx_word' id='word_1_317' title='bbox 1149 4128 1202 4184; x_wconf 85' lang='lat' dir='ltr'>sihi</span> <span class='ocrx_word' id='word_1_318' title='bbox 1219 4145 1270 4199; x_wconf 87' lang='lat' dir='ltr'>per</span> <span class='ocrx_word' id='word_1_319' title='bbox 1287 4134 1462 4199; x_wconf 64' lang='lat' dir='ltr'>Epiphaniam</span> <span class='ocrx_word' id='word_1_320' title='bbox 1483 4130 1569 4193; x_wconf 62' lang='lat' dir='ltr'>tendit</span> 
     </span>
     <span class='ocr_line' id='line_1_39' title="bbox 329 4212 1418 4286; baseline 0.006 -20"><span class='ocrx_word' id='word_1_321' title='bbox 329 4214 473 4279; x_wconf 86' lang='lat' dir='ltr'>memorat,</span> <span class='ocrx_word' id='word_1_322' title='bbox 492 4212 540 4267; x_wconf 88' lang='lat' dir='ltr'>sed</span> <span class='ocrx_word' id='word_1_323' title='bbox 559 4213 677 4268; x_wconf 84' lang='lat' dir='ltr'>altorum</span> <span class='ocrx_word' id='word_1_324' title='bbox 696 4213 899 4283; x_wconf 81' lang='lat' dir='ltr'>cognominem,</span> <span class='ocrx_word' id='word_1_325' title='bbox 919 4216 1016 4284; x_wconf 86' lang='lat' dir='ltr'>utpote</span> <span class='ocrx_word' id='word_1_326' title='bbox 1035 4213 1083 4281; x_wconf 89' lang='lat' dir='ltr'>qui</span> <span class='ocrx_word' id='word_1_327' title='bbox 1101 4214 1233 4269; x_wconf 72' lang='lat' dir='ltr'>cliaacorms</span> <span class='ocrx_word' id='word_1_328' title='bbox 1251 4214 1418 4286; x_wconf 72' lang='lat' dir='ltr'>appelletur,</span> 
     </span>
    </p>

    <p class='ocr_par' dir='ltr' id='par_1_7' title="bbox 329 4297 1556 4459">
     <span class='ocr_line' id='line_1_40' title="bbox 396 4297 1556 4375; baseline 0.006 -24"><span class='ocrx_word' id='word_1_329' title='bbox 396 4301 417 4369; x_wconf 80' lang='lat'>³)</span> <span class='ocrx_word' id='word_1_330' title='bbox 436 4298 480 4352; x_wconf 88' lang='lat' dir='ltr'>lta</span> <span class='ocrx_word' id='word_1_331' title='bbox 498 4297 531 4352; x_wconf 85' lang='lat' dir='ltr'>G¹</span> <span class='ocrx_word' id='word_1_332' title='bbox 546 4301 581 4353; x_wconf 88' lang='lat' dir='ltr'>a¹.</span> <span class='ocrx_word' id='word_1_333' title='bbox 619 4303 644 4352; x_wconf 86' lang='lat' dir='ltr'>c⁷</span> <span class='ocrx_word' id='word_1_334' title='bbox 662 4305 746 4358; x_wconf 71' lang='lat' dir='ltr'>sotira.</span> <span class='ocrx_word' id='word_1_335' title='bbox 784 4300 815 4353; x_wconf 89' lang='lat' dir='ltr'>In</span> <span class='ocrx_word' id='word_1_336' title='bbox 834 4299 953 4368; x_wconf 88' lang='lat' dir='ltr'>epistola</span> <span class='ocrx_word' id='word_1_337' title='bbox 971 4299 1098 4368; x_wconf 82' lang='lat' dir='ltr'>sequenti</span> <span class='ocrx_word' id='word_1_338' title='bbox 1117 4299 1243 4355; x_wconf 87' lang='lat' dir='ltr'>similiter</span> <span class='ocrx_word' id='word_1_339' title='bbox 1260 4299 1335 4355; x_wconf 86' lang='lat' dir='ltr'>idem</span> <span class='ocrx_word' id='word_1_340' title='bbox 1353 4318 1431 4373; x_wconf 87' lang='lat' dir='ltr'>papa</span> <span class='ocrx_word' id='word_1_341' title='bbox 1447 4306 1556 4375; x_wconf 73' lang='lat' dir='ltr'>monet,</span> 
     </span>
     <span class='ocr_line' id='line_1_41' title="bbox 329 4384 1545 4459; baseline 0.003 -22"><span class='ocrx_word' id='word_1_342' title='bbox 329 4405 360 4440; x_wconf 84' lang='lat' dir='ltr'>ue</span> <span class='ocrx_word' id='word_1_343' title='bbox 379 4390 453 4439; x_wconf 77' lang='lat' dir='ltr'>toties</span> <span class='ocrx_word' id='word_1_344' title='bbox 470 4387 576 4459; x_wconf 68' lang='lat' dir='ltr'>etbeac</span> <span class='ocrx_word' id='word_1_345' title='bbox 593 4394 689 4438; x_wconf 75' lang='lat' dir='ltr'>alatreta</span> <span class='ocrx_word' id='word_1_346' title='bbox 707 4392 839 4440; x_wconf 82' lang='lat' dir='ltr'>violentur.</span> <span class='ocrx_word' id='word_1_347' title='bbox 1473 4384 1481 4399; x_wconf 79' lang='lat'>&#39;</span> <span class='ocrx_word' id='word_1_348' title='bbox 1540 4428 1545 4435; x_wconf 80' lang='lat'><em>.</em></span> 
     </span>
    </p>

    <p class='ocr_par' dir='ltr' id='par_1_8' title="bbox 330 4469 1569 4626">
     <span class='ocr_line' id='line_1_42' title="bbox 396 4469 1569 4545; baseline 0.007 -22"><span class='ocrx_word' id='word_1_349' title='bbox 396 4471 417 4538; x_wconf 84' lang='lat'>⁴)</span> <span class='ocrx_word' id='word_1_350' title='bbox 437 4474 559 4524; x_wconf 75' lang='lat' dir='ltr'>Asterien</span> <span class='ocrx_word' id='word_1_351' title='bbox 576 4472 660 4524; x_wconf 81' lang='lat' dir='ltr'>vocat</span> <span class='ocrx_word' id='word_1_352' title='bbox 677 4469 713 4524; x_wconf 87' lang='lat' dir='ltr'>ad</span> <span class='ocrx_word' id='word_1_353' title='bbox 732 4469 880 4545; x_wconf 81' lang='lat' dir='ltr'>discrimen</span> <span class='ocrx_word' id='word_1_354' title='bbox 898 4469 1037 4524; x_wconf 86' lang='lat' dir='ltr'>latrocinii</span> <span class='ocrx_word' id='word_1_355' title='bbox 1054 4470 1200 4540; x_wconf 80' lang='lat' dir='ltr'>Ephesiui,</span> <span class='ocrx_word' id='word_1_356' title='bbox 1223 4471 1298 4540; x_wconf 90' lang='lat' dir='ltr'>quod</span> <span class='ocrx_word' id='word_1_357' title='bbox 1314 4472 1456 4542; x_wconf 81' lang='lat' dir='ltr'>posterius</span> <span class='ocrx_word' id='word_1_358' title='bbox 1474 4473 1569 4543; x_wconf 54' lang='lat' dir='ltr'>inihi</span> 
     </span>
     <span class='ocr_line' id='line_1_43' title="bbox 330 4554 1299 4626; baseline 0.002 -16"><span class='ocrx_word' id='word_1_359' title='bbox 330 4555 415 4610; x_wconf 85' lang='lat' dir='ltr'>etiam</span> <span class='ocrx_word' id='word_1_360' title='bbox 433 4555 500 4623; x_wconf 90' lang='lat' dir='ltr'>quia</span> <span class='ocrx_word' id='word_1_361' title='bbox 517 4554 751 4623; x_wconf 87' lang='lat' dir='ltr'>Calchedoncnse,</span> <span class='ocrx_word' id='word_1_362' title='bbox 769 4556 844 4623; x_wconf 89' lang='lat' dir='ltr'>quod</span> <span class='ocrx_word' id='word_1_363' title='bbox 863 4576 952 4610; x_wconf 81' lang='lat' dir='ltr'>recens</span> <span class='ocrx_word' id='word_1_364' title='bbox 970 4558 1120 4626; x_wconf 84' lang='lat' dir='ltr'>nuncupat,</span> <span class='ocrx_word' id='word_1_365' title='bbox 1137 4557 1299 4626; x_wconf 87' lang='lat' dir='ltr'>praecessit.</span> 
     </span>
    </p>

    <p class='ocr_par' dir='ltr' id='par_1_9' title="bbox 396 4639 1343 4711">
     <span class='ocr_line' id='line_1_44' title="bbox 396 4639 1343 4711; baseline 0.002 -17"><span class='ocrx_word' id='word_1_366' title='bbox 396 4644 417 4709; x_wconf 69' lang='grc' dir='ltr'>ὖ)</span> <span class='ocrx_word' id='word_1_367' title='bbox 437 4641 480 4695; x_wconf 78' lang='lat' dir='ltr'>lta</span> <span class='ocrx_word' id='word_1_368' title='bbox 498 4642 542 4696; x_wconf 71' lang='lat' dir='ltr'>(ll.</span> <span class='ocrx_word' id='word_1_369' title='bbox 577 4640 652 4694; x_wconf 80' lang='lat' dir='ltr'>Editi</span> <span class='ocrx_word' id='word_1_370' title='bbox 671 4639 858 4696; x_wconf 73' lang='lat' dir='ltr'>auctoritare!</span> <span class='ocrx_word' id='word_1_371' title='bbox 875 4646 1033 4711; x_wconf 78' lang='lat' dir='ltr'>principibus</span> <span class='ocrx_word' id='word_1_372' title='bbox 1107 4663 1123 4695; x_wconf 84' lang='lat' dir='ltr'>a</span> <span class='ocrx_word' id='word_1_373' title='bbox 1141 4654 1213 4696; x_wconf 74' lang='lat' dir='ltr'>roera</span> <span class='ocrx_word' id='word_1_374' title='bbox 1232 4648 1343 4697; x_wconf 78' lang='lat' dir='ltr'>omniura.</span> 
     </span>
    </p>

    <p class='ocr_par' dir='ltr' id='par_1_10' title="bbox 329 4725 1569 4886">
     <span class='ocr_line' id='line_1_45' title="bbox 396 4725 1569 4802; baseline 0.007 -22"><span class='ocrx_word' id='word_1_375' title='bbox 396 4730 418 4792; x_wconf 58' lang='grc' dir='ltr'>θ)</span> <span class='ocrx_word' id='word_1_376' title='bbox 437 4726 513 4792; x_wconf 87' lang='lat' dir='ltr'>Quae</span> <span class='ocrx_word' id='word_1_377' title='bbox 530 4726 671 4782; x_wconf 88' lang='lat' dir='ltr'>hahentur</span> <span class='ocrx_word' id='word_1_378' title='bbox 688 4726 762 4780; x_wconf 86' lang='lat' dir='ltr'>inter</span> <span class='ocrx_word' id='word_1_379' title='bbox 779 4727 843 4780; x_wconf 83' lang='lat' dir='ltr'>acta</span> <span class='ocrx_word' id='word_1_380' title='bbox 865 4725 973 4780; x_wconf 88' lang='lat' dir='ltr'>concilii</span> <span class='ocrx_word' id='word_1_381' title='bbox 992 4725 1223 4781; x_wconf 76' lang='lat' dir='ltr'>calchedonensis</span> <span class='ocrx_word' id='word_1_382' title='bbox 1242 4730 1313 4797; x_wconf 86' lang='lat' dir='ltr'>part.</span> <span class='ocrx_word' id='word_1_383' title='bbox 1328 4727 1366 4781; x_wconf 91' lang='lat' dir='ltr'>lll</span> <span class='ocrx_word' id='word_1_384' title='bbox 1383 4733 1509 4787; x_wconf 74' lang='lat' dir='ltr'>mss—41</span> <span class='ocrx_word' id='word_1_385' title='bbox 1529 4732 1569 4802; x_wconf 81' lang='lat' dir='ltr'>(n</span> 
     </span>
     <span class='ocr_line' id='line_1_46' title="bbox 329 4811 1387 4886; baseline 0.006 -22"><span class='ocrx_word' id='word_1_386' title='bbox 329 4811 403 4865; x_wconf 86' lang='lat' dir='ltr'>duin.</span> <span class='ocrx_word' id='word_1_387' title='bbox 423 4811 484 4866; x_wconf 88' lang='lat' dir='ltr'>coll.</span> <span class='ocrx_word' id='word_1_388' title='bbox 492 4829 579 4886; x_wconf 56' lang='lat' dir='ltr'>conc.</span> <span class='ocrx_word' id='word_1_389' title='bbox 592 4812 626 4878; x_wconf 90' lang='lat' dir='ltr'>Il,</span> <span class='ocrx_word' id='word_1_390' title='bbox 641 4816 794 4879; x_wconf 79' lang='grc'>703-772).</span> <span class='ocrx_word' id='word_1_391' title='bbox 813 4842 843 4850; x_wconf 82' lang='lat'>—</span> <span class='ocrx_word' id='word_1_392' title='bbox 863 4811 970 4865; x_wconf 85' lang='lat' dir='ltr'>Deinde</span> <span class='ocrx_word' id='word_1_393' title='bbox 989 4811 1055 4866; x_wconf 80' lang='lat' dir='ltr'>editi</span> <span class='ocrx_word' id='word_1_394' title='bbox 1074 4818 1182 4867; x_wconf 69' lang='lat' dir='ltr'>«liversis</span> <span class='ocrx_word' id='word_1_395' title='bbox 1200 4817 1262 4882; x_wconf 84' lang='lat' dir='ltr'>qaid</span> <span class='ocrx_word' id='word_1_396' title='bbox 1278 4816 1387 4870; x_wconf 72' lang='lat' dir='ltr'>nocitus.</span> 
     </span>
    </p>

    <p class='ocr_par' dir='ltr' id='par_1_11' title="bbox 397 4884 1356 4968">
     <span class='ocr_line' id='line_1_47' title="bbox 397 4884 1356 4968; baseline 0.002 -18"><span class='ocrx_word' id='word_1_397' title='bbox 397 4897 589 4965; x_wconf 67' lang='lat' dir='ltr'>⁷)1laG1G0.</span> <span class='ocrx_word' id='word_1_398' title='bbox 625 4895 700 4951; x_wconf 82' lang='lat' dir='ltr'>Editi</span> <span class='ocrx_word' id='word_1_399' title='bbox 720 4902 782 4968; x_wconf 80' lang='lat' dir='ltr'>quid</span> <span class='ocrx_word' id='word_1_400' title='bbox 854 4903 1002 4952; x_wconf 70' lang='lat' dir='ltr'>(lucescentes</span> <span class='ocrx_word' id='word_1_401' title='bbox 1022 4918 1106 4953; x_wconf 83' lang='lat' dir='ltr'>eorum</span> <span class='ocrx_word' id='word_1_402' title='bbox 1124 4901 1327 4954; x_wconf 73' lang='lat' dir='ltr'>exsecrabilium.</span> <span class='ocrx_word' id='word_1_403' title='bbox 1351 4884 1356 4893; x_wconf 47' lang='lat'><strong><em>⁵</em></strong></span> 
     </span>
    </p>
   </div>
   <div class='ocr_carea' id='block_1_6' title="bbox 0 0 1711 5664">
    <p class='ocr_par' dir='ltr' id='par_1_12' title="bbox 0 0 1711 5664">
     <span class='ocr_line' id='line_1_48' title="bbox 0 0 1711 5664; baseline 0 0"><span class='ocrx_word' id='word_1_404' title='bbox 0 0 1711 5664; x_wconf 95' lang='lat' dir='ltr'> </span> 
     </span>
    </p>
   </div>
  </div>
 </body>
</html>
