3412 5664
342 313 406 379 850
785 328 814 377 s.
829 327 1037 377 noarusnrn
1057 328 1172 377 ruera

208 507 243 558 ra,
254 506 326 571 519.)
416 485 704 569 episcoporum¹)‚
732 490 857 548 Felicis
878 496 914 549 et
935 490 1091 548 Dioscmi
1111 490 1340 549 diaconorum
1360 494 1396 547 et
1414 490 1512 548 mendi

874 593 1078 665 presbyter-L

374 729 414 777 Ile
429 729 510 792 perlis
527 729 553 777 in
565 726 703 791 Scampina
720 727 821 776 deitate
838 725 956 788 referunt
972 732 998 774 et
1016 724 1163 790 quibusda
1180 726 1276 775 mariis
1292 725 1345 775 ribi
1358 726 1470 790 priuatim
1477 729 1543 778 auu.
1572 731 1612 793 pl]

428 863 456 924 1.
490 859 531 924 In
554 859 685 923 civitate
707 857 942 941 Aulonitana2)
965 878 1027 941 quo
1048 857 1161 922 ordine
1184 880 1258 923 cum
1279 856 1344 922 Dei
1366 857 1504 942 adjutorio
1518 881 1567 944 per·

341 963 497 1043 venimus,
521 965 555 1024 et
576 960 732 1045 quomodo
754 982 862 1024 sumus
883 961 1022 1044 suscepti
1045 959 1086 1024 ab
1108 960 1260 1045 episeopo
1283 960 1424 1025 civitatis
1443 960 1567 1044 ipsimet

341 1064 416 1148 quid
439 1067 489 1127 est
511 1066 629 1145 actum,
652 1061 705 1125 rel
725 1062 818 1146 quale
838 1083 1026 1146 responsum
1041 1061 1210 1145 dedenmt,
1234 1065 1269 1126 et
1283 1061 1362 1145 quia
1376 1061 1433 1126 hoc
1452 1062 1567 1146 promisit

340 1170 377 1231 ut
400 1188 472 1230 cum
494 1164 741 1249 metropolitano
763 1185 819 1228 suo
841 1164 965 1228 faceret
984 1162 1147 1247 libellum,
1171 1164 1208 1228 in
1229 1163 1296 1228 alia
1319 1162 1452 1248 epistola
1470 1163 1568 1228 bertiiu

340 1268 408 1363 slipi
431 1271 556 1332 vestrae
579 1266 841 1351 significavimus.

424 1370 455 1433 2.
489 1367 575 1433 Nam
590 1368 673 1452 quod
688 1369 724 1432 in
739 1367 945 1454 Scampina3)
961 1368 1093 1432 civitate
1106 1367 1232 1432 factum
1248 1372 1308 1451 est,
1334 1369 1444 1433 vestris
1457 1369 1569 1433 orationi·

339 1472 398 1535 bus
420 1476 528 1534 tacere
550 1493 615 1534 non
639 1470 887 1555 permisimus⁴).
925 1469 1110 1554 Antequam
1131 1491 1192 1535 nos
1213 1469 1455 1556 ingrederemur
1471 1471 1501 1535 in
1517 1470 1569 1535 ciri·

339 1575 439 1636 tatem
462 1573 583 1656 ipsam,
612 1571 806 1635 venerabilis
833 1571 948 1655 Trojus
971 1572 1139 1656 episcopus
1161 1594 1235 1635 eum
1258 1594 1316 1637 suo
1340 1573 1422 1638 clero
1442 1572 1487 1636 vel
1503 1571 1569 1656 plebe

339 1675 373 1737 in
396 1696 564 1738 occursum
584 1673 678 1737 nobis
701 1694 848 1758 egressus
870 1676 929 1736 est.
959 1672 1004 1736 Et
1018 1675 1175 1757 quomodo
1189 1672 1278 1738 Deus
1293 1674 1329 1738 in
1351 1674 1420 1758 ipsa
1441 1674 1486 1739 die
1502 1673 1569 1737 bene

340 1776 444 1840 dictus
468 1779 531 1859 est,
562 1778 594 1839 et
616 1797 697 1860 quae
718 1776 879 1838 festivitas
905 1796 963 1859 per
984 1775 1085 1859 ipsius
1106 1775 1262 1859 pietatem
1284 1779 1336 1839 est
1357 1776 1522 1858 subsecuta,
1543 1773 1569 1837 al

339 1879 490 1942 notitiam
518 1877 716 1961 apostolatus
744 1877 841 1940 vestri
869 1876 1048 1941 referimus.
1092 1875 1196 1941 Nobis
1222 1877 1447 1962 praesentibus
1470 1876 1511 1942 rel
1531 1897 1569 1940 suo

340 1980 424 2043 clero
447 1983 480 2044 et
502 1979 664 2044 nobilibus
685 1978 762 2042 viris
777 1979 877 2063 ipsius
894 1978 1045 2060 civitatis,
1068 1977 1212 2043 libellum
1227 1979 1428 2065 subscripsit,
1450 1978 1569 2064 porrexit:

339 2082 546 2166 suscepimus,
571 2084 604 2144 et
625 2083 795 2165 praesente
817 2080 905 2144 omni
928 2079 1012 2144 clero
1035 2079 1085 2144 vel
1105 2080 1216 2165 plebe,
1245 2080 1280 2145 in
1310 2081 1413 2166 gradu
1421 2082 1447 2166 ⁵)
1471 2099 1570 2143 aserro

341 2189 446 2248 vestro
469 2183 565 2248 Petro
593 2183 720 2247 notario
749 2186 881 2246 sanctae
903 2181 1056 2246 eeclesiae
1078 2180 1246 2247 Romanae
1269 2187 1320 2247 est
1341 2183 1479 2248 relectus.
1514 2179 1570 2245 um

340 2289 516 2350 conventus
537 2287 573 2350 in
595 2285 729 2350 basilica
755 2284 861 2348 sancti
882 2283 981 2348 Petri.
1027 2281 1226 2349 confitemur
1247 2284 1441 2350 beatitudini
1464 2286 1569 2348 restrae:

339 2390 464 2451 tantam
487 2388 698 2469 devotionem,
721 2390 831 2450 tuntas
852 2384 921 2450 Deo
943 2385 1065 2468 laudes,
1088 2389 1199 2450 tantas
1221 2386 1393 2471 lacrymas,
1415 2390 1500 2451 tants
1516 2406 1569 2470 guu-

339 2490 392 2553 dia
414 2490 545 2553 difficile
573 2490 609 2553 in
631 2488 694 2553 alio
715 2488 834 2572 populo
855 2487 1003 2552 vidimus.
1048 2486 1152 2572 Prope
1180 2510 1293 2554 omnes
1323 2511 1395 2554 cum
1422 2488 1508 2554 cereis
1529 2486 1569 2549 riri

340 2613 411 2655 cum
434 2591 636 2673 mulieribus,
666 2590 785 2654 milites
813 2611 886 2654 cum
913 2589 1058 2653 crucibus
1086 2588 1122 2653 in
1153 2589 1286 2655 civitate
1308 2612 1368 2655 nos
1390 2594 1568 2674 susceperuut.

340 2692 528 2758 Celebratae
550 2697 627 2756 sunt
648 2692 775 2773 missae,
799 2690 919 2755 nullius
941 2712 1060 2755 nomen
1074 2691 1249 2756 obnoxium
1271 2691 1437 2777 religionis
1457 2695 1500 2756 est
1516 2690 1570 2753 reci-

339 2798 458 2878 tatum,
493 2794 556 2860 nisi
583 2797 711 2858 tantum
739 2793 949 2857 beatitudinis
971 2796 1105 2858 vestrae.
1149 2793 1269 2858 Noster
1291 2794 1455 2879 episcopus
1474 2813 1570 2856 reuen-

232 2916 237 2928 ·
339 2896 411 2961 bilis
436 2896 615 2963 Germanus
637 2895 768 2960 missam
791 2894 974 2960 celebravit.
1011 2892 1056 2959 Et
1076 2896 1296 2978 promiserunt
1315 2917 1378 2961 nec
1398 2901 1499 2981 postea
1516 2892 1569 2957 reo'·

337 2999 417 3081 tari,
452 2999 516 3063 nisi
543 3020 622 3083 quos
650 2997 741 3061 sedes
769 2996 943 3082 apostolica
971 2997 1121 3081 suscepit.
1167 2996 1297 3074 Quanta
1319 3021 1338 3063 a
1359 2999 1449 3063 nobis
1471 2998 1569 3082 operm

337 3104 429 3183 sunt,
460 3100 547 3165 Deus
569 3100 727 3184 propitius
749 3100 784 3163 in
806 3098 896 3163 vobis
919 3102 1094 3163 conservet.
1138 3098 1241 3163 Istam
1263 3099 1432 3185 epistolam
1452 3103 1515 3164 aute
1531 3095 1569 3159 tri·
1594 3105 1599 3118 '

337 3202 431 3285 ginta
453 3201 555 3266 millia
563 3203 589 3284 ⁶)
612 3202 652 3265 de
666 3201 805 3286 Lignido
827 3200 972 3283 fecimus,
996 3204 1163 3285 sperantes
1184 3202 1256 3287 ipsa
1271 3202 1324 3267 <lie
1344 3203 1379 3267 in
1401 3202 1501 3267 eadem
1517 3197 1568 3263 ciri·

336 3307 405 3368 tate
434 3326 505 3368 cum
529 3303 589 3368 Dei
618 3303 777 3387 adjutorio
802 3303 980 3387 pervenire.
1024 3302 1069 3368 Et
1091 3303 1248 3387 quomodo
1270 3304 1313 3369 ad
1334 3326 1394 3370 uos
1414 3298 1566 3389 persenit),

337 3546 369 3593 59
406 3542 425 3606 ¹)
443 3540 493 3595 Ed.
514 3547 630 3609 episcopt
647 3541 676 3595 et
692 3556 758 3594 mox
776 3547 890 3600 diaconi:
909 3540 1094 3595 emendantur
1111 3558 1145 3595 ex
1163 3541 1289 3612 epistolis
1307 3547 1354 3608 64,
1373 3548 1405 3597 76
1423 3543 1471 3597 etc

404 3628 425 3693 ²)
444 3625 478 3680 G¹
498 3631 647 3681 Alonitanu.
687 3626 757 3680 Erat
778 3631 880 3680 Aulona
903 3626 1000 3680 civitas
1017 3625 1096 3695 Epiri
1115 3642 1206 3681 novae
1228 3627 1281 3681 aab
1303 3626 1508 3698 metropolitem
1520 3622 1568 3690 Ilm

337 3709 463 3777 rachino,
486 3728 550 3765 cum
572 3726 628 3780 quo
655 3710 684 3764 in
707 3710 825 3779 epistola
850 3709 991 3779 encyclica
1016 3710 1054 3764 ad
1074 3710 1197 3769 Leonem
1218 3711 1292 3781 Aug.
1315 3711 1411 3767 concil.
1438 3708 1567 3766 comedo

335 3797 408 3864 part.
428 3803 444 3850 3
462 3796 558 3864 (Hard.
576 3796 616 3862 Π,
634 3799 693 3864 767)
712 3794 861 3849 subscribit
878 3800 1006 3851 Nazerini
1023 3801 1158 3865 epiecopus
1176 3800 1302 3854 Auium.

404 3883 424 3948 ³)
442 3880 479 3934 Et
495 3880 565 3935 haec
581 3879 660 3951 Epiri
677 3896 779 3947 novae,
798 3881 829 3934 ut
846 3897 881 3935 ox
898 3879 984 3936 citato
1002 3880 1063 3935 loco
1082 3883 1204 3944 constat,
1227 3880 1326 3938 civitas
1344 3884 1406 3939 erat
1420 3875 1568 3951 nymuiu

335 3963 408 4018 mer
426 3965 462 4018 ar
480 3982 608 4020 occasum
627 3968 656 4019 er
671 3964 822 4035 Lignidum
839 3964 876 4018 ar
893 3967 986 4020 ortum
1003 3950 1068 4032 ela,
1086 3965 1135 4020 seu
1152 3983 1225 4022 nune
1242 3965 1273 4021 in
1290 3966 1382 4022 vicum
1397 3965 1508 4021 reum

403 4053 424 4117 ⁴)
443 4050 510 4105 bcc
525 4057 695 4120 permisimus,
715 4049 777 4105 Ga¹
798 4057 932 4113 omisimus,
954 4051 1026 4105 forte
1044 4057 1186 4106 admisimus
1202 4052 1249 4107 vel
1266 4059 1427 4108 commisimus
1446 4046 1568 4120 legendum

396 4135 425 4202 ’5)
443 4135 484 4188 Ex
496 4151 528 4189 eo
542 4137 573 4190 ut
590 4136 699 4189 videtur
716 4135 792 4201 loco,
810 4135 839 4187 in
857 4151 912 4204 quo
930 4151 1037 4202 versus,
1054 4137 1119 4206 post
1137 4134 1286 4206 epistolam
1302 4138 1521 4193 intermissurum
1532 4131 1568 4186 wl

335 4219 439 4275 lemnia
460 4221 603 4276 decantari
625 4220 734 4288 solitus,
755 4226 889 4288 madualis
912 4218 1064 4275 etiamnum
1086 4220 1191 4276 retinet
1211 4237 1322 4277 nomeu.
1363 4222 1433 4279 Hinc
1452 4233 1568 4294 perpetu

335 4321 371 4358 cc
388 4305 451 4360 add.
471 4327 526 4361 suo.

403 4393 423 4458 Β)
441 4390 460 4443 b
473 4408 509 4445 cc
525 4397 645 4447 milliaria
663 4413 680 4445 a
698 4396 818 4460 Liquido.
848 4390 908 4446 Hoc
925 4392 966 4446 ita
977 4390 1208 4462 interpretamur,
1225 4393 1258 4447 ut
1274 4392 1362 4463 legati
1380 4410 1395 4450 e
1411 4393 1469 4448 looo
1479 4387 1567 4460 ampliu

335 4472 452 4541 triginta
469 4475 592 4530 millibus
610 4494 627 4530 a
644 4476 763 4547 Liguido
786 4475 907 4531 distante
930 4476 1050 4532 scribere
1068 4494 1098 4532 se
1116 4476 1281 4546 significent
1317 4478 1398 4544 Quod
1415 4476 1521 4533 consuto
1534 4486 1567 4525 nt

334 4559 409 4624 tout,
430 4560 460 4612 ut
481 4577 510 4615 se
528 4561 655 4615 maximis
672 4560 818 4615 itineribus
837 4562 959 4616 celerare
976 4561 1060 4616 fidem
1078 4561 1190 4617 faciant.
1230 4561 1389 4618 Secundum
1405 4558 1566 4618 sanamur

335 4644 428 4697 autem
447 4644 559 4716 Scampi
577 4664 594 4701 a
610 4646 729 4716 Lignido
748 4653 780 4701 55
798 4646 918 4701 millibus
936 4647 1049 4701 distant.

401 4732 422 4797 ⁷)
441 4730 460 4784 b
473 4747 507 4784 cc
524 4737 640 4798 peruenit
657 4736 806 4800 Scarupiuus
829 4738 976 4801 epiecopus,
998 4753 1130 4802 speremus
1148 4744 1174 4788 ct
1195 4739 1277 4804 ipsius
1297 4740 1407 4789 ciuitatis
1423 4734 1515 4802 timidi
1526 4729 1566 4795 d·

333 4835 447 4882 eropum,
470 4817 584 4885 praeter
605 4819 728 4871 mentem
750 4817 921 4885 legatorum,
944 4817 1045 4887 quibus
1068 4824 1191 4888 quomodo
1209 4825 1246 4874 ad
1263 4826 1440 4889 surpervenit
1455 4816 1517 4871 idm
1529 4810 1567 4872 ut

334 4899 408 4966 quod
427 4906 630 4969 queamdmodum
647 4907 797 4970 occepimus,
814 4902 859 4956 vel
876 4902 933 4957 scil.
953 4903 1030 4958 fama
1046 4902 1181 4973 vulgante
1197 4903 1244 4960 vel
1261 4905 1345 4961 certia
1356 4904 1465 4960 nuntii
1487 4896 1567 4956 W
