3412 5664
491 327 518 377 s.
536 327 717 377 suanacas
740 325 853 376 ruens
876 327 968 375 vrrs.
1298 310 1361 379 639

184 488 311 545 Similiter
332 489 384 544 hoc
403 488 540 544 decretum
563 490 590 544 in
611 488 734 544 omnibus
755 488 929 543 conciliorum
951 487 1113 543 editionibus
1135 497 1165 543 ut
1187 505 1219 542 ex
1235 488 1359 544 Gratiano

89 573 268 647 desumptum
283 574 413 629 Anastasii
429 576 514 629 nostri
529 575 637 629 nomine
652 573 767 628 additur.
800 573 875 645 Apud
892 571 1045 628 Gratianum
1060 575 1148 628 butem
1164 573 1182 627 l.
1196 590 1220 627 c.
1233 574 1358 629 Anasta·

89 662 134 714 sii
147 664 176 714 et
191 659 309 714 Ditmasi
319 674 418 731 papae
433 658 583 714 nominibus
604 659 757 732 insignitur,
780 665 806 712 et
833 656 945 712 habetur
966 657 1072 730 quidem
1096 659 1122 712 in
1138 657 1361 713 Pseudo-Damasi

89 743 210 816 epistola
231 742 262 797 ad
282 742 446 817 Stephanum
467 761 491 798 c.
504 743 537 805 8,
564 743 611 798 sed
634 760 665 798 er
688 744 767 797 meris
789 741 884 797 Felicis
899 740 920 795 ll
942 741 1028 797 verbis
1051 740 1140 817 (epist.
1158 743 1176 798 2
1200 760 1227 797 n.
1244 740 1275 814 8)
1296 759 1360 798 eon·

91 827 191 882 ilatum
206 836 258 884 est.

183 912 210 973 3.
239 908 438 987 Privileginm
451 908 609 970 Anastasii
622 909 654 969 P.
669 908 703 969 11
723 909 762 968 de
778 905 959 984 exceptione
975 908 1228 987 Compostelleni,
1249 925 1289 969 ne
1303 909 1360 969 Το-

88 994 202 1054 letsno
215 998 366 1066 ansatur,
388 996 419 1055 et
438 997 473 1054 ut
493 1010 613 1054 erucem
629 993 751 1054 deferat
765 995 846 1054 ente.
883 997 1075 1065 ‚Anastasius
1091 1000 1360 1068 episcopusservus

88 1096 243 1138 seruorum
258 1082 313 1138 Dei
332 1084 490 1139 venerabili
508 1082 602 1154 fratri
622 1083 841 1151 archiepiscopo
858 1081 1084 1153 Compostelleno
1106 1084 1228 1154 ejusque
1244 1098 1358 1138 succes·

88 1168 209 1223 roribus
222 1171 362 1223 canonice
377 1168 579 1223 substituendis
593 1171 621 1222 in
635 1173 817 1238 perpetuum.
850 1167 888 1220 Et
897 1168 1032 1237 justitiae
1049 1170 1123 1222 ratio
1139 1169 1227 1239 exigit
1248 1173 1276 1222 et
1292 1183 1357 1233 eeu-

88 1258 179 1307 sueta
194 1253 267 1307 scetis
282 1254 459 1323 aspostolicae
475 1253 633 1324 benignitus
648 1259 675 1307 et
690 1253 877 1307 rnunsuetudo
893 1252 1021 1323 deposcit
1037 1259 1090 1306 ete.
1125 1252 1202 1306 Tuas
1222 1255 1310 1325 igitur
1331 1259 1358 1306 et

89 1340 259 1417 commissae
278 1339 328 1393 tibi
346 1356 364 1391 u
380 1337 440 1392 Deo
456 1334 570 1410 (gregis)
589 1352 695 1408 preces
716 1353 752 1391 eu
768 1335 869 1408 (curat)
895 1337 1076 1391 reiterandae
1095 1339 1122 1390 iu
1141 1337 1252 1392 Christo
1264 1339 1360 1407 [ratri

84 1438 123 1492 p.
141 1439 169 1476 a.
190 1422 282 1477 debita
299 1420 333 1476 B.
351 1421 401 1477 Su,
418 1419 545 1494 (benigne
560 1422 748 1494 suscipientes)
771 1428 798 1476 et
820 1422 853 1476 ob
869 1421 923 1476 lim
939 1419 1135 1492 (reverentiam)
1158 1422 1236 1477 beuti
1255 1421 1360 1476 Jacobi

87 1508 219 1576 apostoli
237 1509 359 1577 muJ‘oris
379 1505 477 1578 (cujus)
504 1508 700 1562 venerandum
723 1522 831 1577 corpus
855 1509 883 1561 ia
906 1507 1005 1561 eudem
1028 1507 1151 1561 ecelesia
1174 1509 1358 1579 requiescere

87 1591 231 1655 creditur,
246 1594 387 1664 inteprum
395 1594 451 1662 jus
464 1592 607 1647 libertatis
622 1595 796 1647 auctoritate
816 1593 975 1662 apostoliea
995 1593 1053 1661 ipsi
1072 1593 1213 1647 ecelesiae
1228 1592 1356 1663 indulge-

87 1691 171 1743 mus,
193 1679 442 1748 constituimusque
463 1682 489 1730 et
505 1693 641 1732 mansuro
661 1680 690 1730 ia
704 1683 876 1748 perpetuum
898 1677 1014 1731 decreto
1028 1678 1178 1747 firmamus
1192 1673 1241 1746 (et)
1257 1678 1352 1731 sunci-

86 1774 166 1828 usus,
182 1768 212 1816 ut
226 1768 282 1815 tam
298 1768 328 1816 tu
343 1779 428 1834 quam
443 1764 485 1817 tui
498 1762 634 1832 deinceps
649 1776 834 1817 successores
854 1763 926 1815 nulli
940 1763 1158 1831 metropolitano
1174 1775 1225 1816 seu
1235 1764 1359 1831 primati

84 1852 214 1915 praeter
224 1845 382 1901 Romanum
395 1847 559 1918 pontificem
575 1846 701 1917 subjecti
714 1849 776 1901 sitis
792 1848 834 1902 uel
850 1846 1036 1901 obedientium
1052 1847 1190 1902 celtibere
1206 1848 1355 1918 cogamini.

87 1929 141 1983 Aa
152 1932 290 2002 majorem
311 1946 422 2004 quoque
443 1933 584 1987 ecciesiae
604 1933 695 2000 ipsius
716 1937 891 1986 venustatem
912 1938 939 1985 et
957 1945 1103 2002 personae
1125 1938 1192 1986 tuae
1213 1932 1354 1993 decorem,

87 2031 180 2086 quum
190 2030 247 2086 per
261 2023 338 2071 tuum
352 2018 530 2088 prouinciam
551 2017 662 2071 deloco
684 2017 724 2070 od
736 2018 829 2071 locum
846 2022 872 2069 te
887 2018 931 2069 ire
946 2018 1104 2088 contigerit,
1128 2023 1156 2070 et
1171 2018 1356 2087 pertransire

87 2100 169 2153 alius
181 2103 346 2170 prouincias
361 2117 411 2157 seu
426 2102 491 2156 loca
508 2115 626 2155 necesse
641 2101 786 2170 liubueris,
804 2116 928 2169 crucem,
942 2118 1027 2173 quam
1041 2115 1080 2155 ex
1091 2101 1357 2171 apostolicaesedis

84 2187 276 2255 pennissione
296 2193 363 2241 ante
384 2192 411 2241 te
431 2186 583 2257 bajulans,
612 2185 661 2240 tibi
683 2189 794 2258 tuisque
815 2186 1031 2241 successoribus
1052 2189 1186 2241 continue
1205 2184 1358 2256 deferendi

85 2270 234 2324 licentium
248 2272 434 2343 indulgemus.
467 2270 600 2342 Nullique
614 2271 756 2326 hominum
769 2269 821 2342 sus
835 2274 871 2325 sit
887 2277 941 2326 ete.
971 2272 1017 2325 Ad
1029 2272 1163 2326 indicium
1179 2276 1274 2326 autem
1284 2285 1356 2341 per·

85 2360 194 2424 ceptae
207 2354 296 2427 hujus
311 2373 329 2410 a
345 2357 411 2411 secie
426 2358 585 2426 apostatica
600 2356 741 2411 libertatis
763 2373 850 2411 unum
870 2359 939 2411 auri
952 2372 1082 2411 marcam
1097 2356 1355 2428 nobis'nostrisque

85 2441 310 2495 successoribus
323 2444 408 2497 anuis
422 2443 540 2513 singulis
552 2443 735 2511 persolvatis.
767 2439 798 2495 Si
812 2458 869 2512 qua
885 2443 971 2513 igitur
987 2447 1040 2495 ete.

176 2521 214 2577 lta
228 2523 410 2580 vallicellanus
426 2526 454 2579 e.
468 2524 517 2587 23,
539 2524 623 2580 codex
643 2524 742 2580 saeculi
758 2522 813 2579 llVl
835 2526 1004 2587 chartaceus,
1026 2525 1214 2580 collectionem
1235 2524 1354 2597 synodo·

83 2623 149 2663 rum
165 2615 193 2662 et
207 2606 378 2665 decretalium
393 2611 544 2665 continens.
575 2610 659 2664 'lotus
681 2612 767 2683 primo
789 2612 846 2664 visu
868 2619 1011 2665 contextus
1028 2609 1159 2671 ostendit,
1183 2611 1316 2665 Anastasii
1334 2609 1354 2665 ll

82 2692 198 2767 quidem
212 2710 309 2750 nomen
324 2692 360 2749 ibi
376 2694 442 2750 lalso
458 2693 578 2768 praefigi,
594 2712 676 2767 quum
693 2696 734 2749 vir
750 2693 859 2749 verbum
875 2694 960 2750 ullum
975 2693 1033 2765 ejus
1049 2697 1129 2750 aetati
1144 2696 1296 2750 conveniat.

375 3352 418 3451 S.
446 3353 808 3451 SYMMAOHI
838 3353 1063 3451 PAPAE

236 3556 652 3669 EPISTOLAE
697 3561 792 3670 ΕΤ
832 3560 1200 3671 DECRETA.

648 3927 789 4011 Vita.

172 4105 201 4160 1.
232 4103 406 4178 Symmachus
421 4121 501 4179 papa,
525 4120 593 4159 unus
615 4122 645 4160 ex
668 4104 785 4161 diaconis
801 4104 933 4160 Romanae
949 4107 1090 4169 ecelesiae,
1117 4125 1132 4163 a
1152 4108 1253 4180 majore
1272 4117 1348 4183 parte

79 4189 150 4246 cleri
167 4190 312 4263 episeopus
328 4197 469 4263 cooptatus
486 4198 566 4262 atque
582 4189 711 4246 anni498
727 4189 1005 4246 dieXllllNovembris
1022 4192 1162 4249 ordinatus
1177 4202 1228 4250 est.
1255 4194 1348 4250 Narrat

80 4273 248 4331 Theodorus
262 4274 351 4330 lector
365 4274 396 4329 ll.
413 4273 442 4329 E.
459 4274 503 4329 lib.
521 4275 540 4328 ll
557 4292 618 4348 pag.
633 4276 703 4336 out),
726 4274 834 4330 Festum
851 4277 990 4348 patricium
1011 4285 1092 4350 atque
1107 4287 1258 4335 senatorem
1275 4278 1347 4335 urbis

79 4358 185 4416 nomae
194 4360 334 4415 Anastasio
349 4361 502 4434 imperatori
516 4359 582 4414 clam
598 4360 747 4433 pollicitum
764 4378 832 4423 esse,
850 4363 990 4416 hrrastasio
1006 4380 1088 4436 papae
1104 4380 1133 4418 se
1146 4381 1346 4437 persuasurum,

79 4454 113 4501 ut
126 4443 247 4501 Zenonis
262 4445 387 4501 henotico
402 4444 595 4507 subscriberem
618 4444 664 4499 sed
687 4463 768 4518 quum
784 4445 893 4500 llornam
914 4446 1021 4502 rediens
1043 4448 1113 4504 hune
1134 4448 1290 4506 defunctum
1307 4465 1347 4505 re·

77 4531 221 4606 perisset,
236 4529 327 4585 multis
342 4531 453 4603 pecunia
469 4532 603 4604 corruptis
619 4547 726 4602 operam
742 4530 860 4591 dedisse,
882 4539 912 4586 ut
928 4548 976 4605 per
990 4533 1104 4588 schisma
1119 4534 1279 4607 eligeretur,
1301 4534 1347 4607 qui

76 4612 252 4690 praedictum
267 4615 421 4671 henoticum
442 4613 639 4688 subscriptione
660 4632 707 4670 sua
730 4624 815 4670 ratum
838 4617 945 4671 taceret.
991 4616 1120 4685 Quocirca
1142 4627 1171 4673 ut
1186 4618 1346 4673 Laurentius

75 4698 182 4756 mem
196 4698 249 4760 die,
270 4716 324 4774 quo
339 4700 522 4774 Symmachus,
544 4701 714 4756 ordinaretur
729 4701 825 4756 eiierit.
841 4732 877 4740 -
895 4701 1035 4776 Quumque
1052 4703 1112 4759 iride
1127 4720 1229 4758 summa
1245 4702 1347 4759 discor·

72 4784 122 4842 dia
138 4783 255 4840 ecclesia
269 4783 384 4841 liomana
400 4784 607 4847 distraheretur,
624 4784 729 4840 tandein
745 4794 834 4859 partes
850 4797 1046 4849 convenerunt,
1070 4797 1099 4843 ut
1116 4797 1228 4861 uterque
1243 4787 1346 4845 electus

71 4868 236 4927 Ravennam
251 4869 282 4924 ad
294 4868 424 4940 jrnlieiurn
440 4870 600 4926 Theoderici
616 4871 687 4943 regis
704 4880 840 4944 pergeret.
872 4870 922 4938 uui
944 4890 972 4928 re
994 4890 1078 4946 aerpue
1094 4872 1262 4929 considerata
1278 4874 1346 4931 hanc
