3450 5678
404 386 417 418 x
701 343 872 393 urrsrora
895 332 946 391 43.
1372 328 1436 394 475

165 496 250 584 τρόν
282 502 344 583 τῆς
374 498 581 582 δοκιμασίας.
638 501 679 562 Τί
709 495 774 579 γάρ
827 497 935 562 conati
951 518 1017 560 non
1032 496 1263 582 sunt(homr'nes
1278 498 1432 583 nequam),
1451 502 1538 552 &495

164 600 224 667 οὐκ
248 600 412 686 έκινήσαν
439 600 475 664 οἱ
495 598 537 664 οὐ
631 597 715 684 πρὸς
736 594 774 663 τὸ
826 602 862 664 ut
885 598 1132 663 christianitatis
1160 620 1278 664 nomen
1307 604 1339 663 et
1368 571 1540 664 rem-196.

165 704 271 790 ἄρᾶην
303 701 468 788 ἀφανίσαι
504 706 567 766 τοῦ
589 719 775 787 χριστιαυι-
825 701 971 765 funditus
1008 700 1233 766 destruerent?
1289 701 1436 778 Quantae

165 802 489 892 σμοῦκαλτόὄνομα
503 803 773 890 καλτόπρᾶμμα;
826 825 902 887 opes
935 803 1108 868 distractae
1141 807 1232 888 sunt,
1270 804 1346 868 dum
1382 804 1436 870 ad-

169 912 248 975 Τίνα
282 908 433 1001 χρήματα
464 905 528 992 οὐχ
558 904 775 991 caiphaeae
826 906 982 992 versus¹⁰)
1032 905 1195 971 Christum
1238 906 1437 973 rebellatur?

165 1010 399 1096 incapacem)
527 1007 568 1075 τά
600 1015 663 1075 τοῦ
691 1015 774 1093 Χρι-
826 1008 910 1083 Quot
937 1008 1037 1093 gladii
1066 1009 1264 1094 consumpti,
1299 1010 1374 1073 dum
1400 1010 1435 1077 in
1512 1001 1521 1011 ’

166 1119 261 1192 στοῠ;
301 1119 405 1179 Ποῑαι
426 1111 617 1198 μά(χαιραι)
640 1110 682 1177 οὐ
704 1112 774 1177 due·
826 1111 1046 1175 excruciandis
1074 1111 1195 1175 sanctis
1224 1113 1437 1176 exercentur?

52 1205 55 1208 ⁴
166 1217 360 1301 φθάρησαν,
389 1215 428 1281 έν
454 1213 618 1298 βασάνοις
643 1214 774 1299 γυμνά·
826 1213 911 1289 Quot
932 1213 1056 1277 exacuti
1090 1235 1269 1278 mucrones
1284 1218 1361 1278 sunt
1380 1215 1435 1279 ob·
1510 1269 1515 1278 .

166 1324 280 1400 ζονσαι
301 1314 381 1394 τούς
396 1313 529 1400 άγίους;
553 1322 663 1382 Ποῖον
678 1317 775 1401 ξίφος
825 1315 889 1379 tusi
918 1315 1086 1380 caedendis
1117 1316 1284 1380 beatorum
1307 1318 1435 1382 cervici·

165 1419 374 1506 ἠκονημένον
387 1415 452 1485 οὐκ
466 1416 632 1504 dedidit
652 1419 689 1484 ἐκ
705 1424 774 1484 τῶν
826 1419 884 1482 bus
927 1421 959 1481 et
994 1418 1145 1483 membris
1183 1418 1437 1485 catholicorum?

163 1523 378 1607 τεμνομένων
413 1524 590 1606 μακαρίων
622 1520 775 1604 αὐχένων
826 1520 991 1595 (liraenam
1028 1521 1125 1585 maris
1162 1521 1294 1605 abyssus
1330 1522 1460 1605 orthos

162 1627 219 1690 καὶ
245 1628 361 1709 μελῶν
388 1628 458 1689 τῶν
485 1628 696 1702 rubetarum
731 1623 780 1687 Ἣ
827 1623 980 1686 donorum
1044 1645 1211 1707 corporum
1276 1625 1436 1709 sanguiue

159 1733 211 1804 τίς
231 1726 402 1810 θαλάττης
422 1724 574 1809 ἄβυσσος
588 1723 631 1792 οὐ
645 1725 773 1811 αεπλή-
826 1726 1028 1789 manantium
1061 1726 1185 1790 ossibus
1212 1748 1277 1791 non
1305 1729 1355 1791 est
1382 1749 1436 1812 op·

157 1853 266 1913 ρωται
295 1825 422 1894 ὀστέων
451 1832 521 1893 τῶν
547 1829 661 1913 αἵματι
690 1830 775 1913 aad·
825 1827 937 1912 pleta?
994 1828 1142 1903 Quinam
1168 1829 1312 1894 desertus
1348 1831 1436 1895 locus

156 1932 316 2016 ῥυέντων
357 1929 522 2015 σωμάτων
559 1928 773 2015 ὀρθοᾶόξων;
826 1930 911 1995 haud
933 1931 1035 1994 evasit
1056 1931 1207 2015 frequens
1228 1932 1436 1998 multitudine
1466 1982 1477 1994 .

152 2037 252 2100 Ποία
268 2030 306 2099 dt
321 2035 443 2117 ἕρημος
462 2030 504 2097 ori
520 2033 718 2098 πεπόλισται
736 2033 773 2098 ἐκ
825 2033 1010 2097 antist'tum
1041 2033 1107 2098 illic
1135 2033 1209 2098 fidei
1238 2055 1334 2099 eausa
1362 2057 1435 2100 exu-

152 2140 231 2202 teiu
259 2135 300 2200 έν
327 2131 413 2220 αὐτῇ
442 2134 689 2219 έξορισθέντων
711 2132 772 2218 ἄρ·
823 2135 985 2199 lantium?
1027 2135 1192 2211 Quaenam
1224 2136 1319 2202 urbes
1350 2142 1436 2203 exte-

150 2237 302 2322 χιερέων
324 2233 380 2301 διά
395 2234 457 2322 τὴν
472 2240 602 2313 niueum
618 2236 668 2301 Ἢ
680 2249 774 2303 ποῖαι
825 2260 890 2321 rae,
920 2237 1106 2322 longissime
1129 2260 1149 2302 a
1170 2243 1280 2304 nostro
1302 2242 1435 2326 imperio

149 2336 279 2416 πόλεις
307 2336 516 2432 ἄτι(ερόριοι)
552 2339 608 2404 καὶ
640 2340 773 2423 μακράν
826 2341 922 2423 sitae,
961 2361 1028 2405 non
1060 2345 1218 2405 ornantur
1249 2347 1283 2407 et
1319 2343 1437 2409 florent
1495 2332 1504 2345 ⁵

145 2465 229 2508 που
250 2438 483 2527 ἀπῳκισμέναι
502 2445 561 2525 τῆς
575 2440 705 2507 ἑαυτῶν
721 2441 775 2520 έξ-
826 2447 957 2527 propter
985 2442 1052 2507 illie
1075 2443 1281 2530 dispersos¹¹)
1305 2449 1434 2511 sanctos

145 2547 292 2626 ουσίας,
315 2540 358 2608 ori
379 2547 586 2628 κοσμοῦνται
609 2545 664 2608 καλ
686 2545 773 2609 θάλ-
826 2546 949 2624 exsules
962 2545 1175 2629 patriarchas,
1188 2547 1364 2632 episcopos,
1374 2547 1435 2613 cle-

139 2649 283 2712 λουσιν
314 2645 353 2711 ἐκ
379 2649 448 2709 τῶν
471 2646 773 2730 διασπαρέντωυῐῑ)
825 2649 919 2729 uicos
942 2647 1115 2712 monachos
1130 2648 1315 2734 laicosque?
1338 2651 1448 2734 Apud.

138 2749 216 2814 aaz
251 2747 435 2832 φυγόντων
469 2743 576 2830 άγίωυ
609 2770 772 2834 αατριαρ-
825 2750 1079 2835 hlaniehaeosffl)
1116 2750 1247 2815 libertas
1284 2752 1434 2836 loquendi

132 2855 244 2935 χῶν,
269 2849 476 2934 ἐπισκόπων,
505 2854 688 2935 κληρικῶν,
711 2876 771 2936 μο-
825 2856 875 2916 est
902 2855 935 2916 et
963 2853 1081 2936 agendi
1110 2875 1169 2937 pro
1201 2853 1310 2936 libito,
1349 2854 1434 2938 apud

131 2957 278 3038 ναχων
318 2975 355 3018 τε
393 2953 450 3017 καὶ
486 2955 628 3031 λαι’κών;
673 2951 773 3038 Παρὰ
824 2954 910 3037 ipsos
946 2955 1101 3037 pecuniae
1139 2955 1297 3019 thesauris
1335 2955 1434 3021 abun-

125 3066 232 3133 τοῑς
259 3054 510 3141 Μανιχαίοιςᾶ)
548 3055 684 3133 ἐξουσία
711 3060 773 3120 τοῦ
824 3057 905 3120 dant
926 3056 1116 3140 populorum
1130 3057 1325 3141 deceptores²
1349 3059 1434 3143 apud

127 3160 282 3223 λαλεῖν
309 3156 365 3221 καὶ
393 3156 554 3240 πράττειν
580 3156 667 3241 ἄτερ
688 3157 773 3241 βοά·
823 3158 909 3242 ipsos
937 3158 1113 3223 discordiae
1150 3163 1183 3224 et
1211 3161 1435 3225 contentiones

121 3263 295 3326 λονται·
334 3255 416 3342 παρ’
444 3256 559 3336 αὐτοῖς
595 3260 773 3344 χρημάτων
825 3263 857 3323 et
879 3260 1001 3324 sedium
1017 3261 1225 3328 ambitiones:
1248 3263 1333 3347 apud
1348 3262 1434 3348 ipsos

115 3362 334 3448 θησαυροὶ
355 3361 573 3427 λαοπλάνων·
604 3360 685 3445 παρ’
710 3357 773 3426 uv'-
823 3363 1033 3448 impostorum
1056 3365 1155 3449 globi,
1178 3387 1346 3450 magorum
1362 3365 1434 3431 cho·
1469 3413 1472 3416 -

231 3638 263 3705 ¹⁰)
282 3629 470 3706 άνταραία,
492 3652 546 3691 vox
563 3637 601 3690 ab
623 3631 731 3707 ἄρρην,
755 3629 854 3705 ἄρσιος
874 3636 1009 3703 derivata,
1035 3637 1110 3691 idem
1128 3639 1186 3693 fere
1205 3639 1281 3708 quod
1299 3645 1435 3708 ¹inimia'h'a

105 3723 250 3778 sonae
288 3718 380 3786 Quare
397 3719 468 3775 siin
486 3721 614 3790 sequenti
635 3721 736 3776 laeana
754 3722 925 3791 suppleveris
948 3725 1136 3787 ποιοῦντες
1160 3723 1214 3792 (vel
1238 3726 1434 3793 κινοῦντες)

108 3806 212 3878 ⁸22,
228 3807 292 3876 jem
309 3805 378 3861 nihil
396 3805 609 3861 desiderandum
627 3806 687 3861 erit.

230 3894 262 3961 ¹¹)
281 3890 426 3961 Ejusmodi
442 3892 651 3962 persecutiones
668 3893 791 3948 fidelium
808 3892 974 3962 praeprimis
989 3893 1020 3946 ln
1033 3892 1147 3948 Oriente
1159 3896 1320 3962 grassamm
1332 3895 1434 3965 saepis·
1470 3905 1474 3913 ‘

103 3977 232 4033 nimo
249 3979 409 4042 memorant
426 3979 456 4032 et
472 3977 570 4046 lugent
587 3979 744 4049 pontifices;
773 3980 845 4032 conf.
863 3978 962 4032 Felicis
980 3978 1006 4031 II
1028 3979 1109 4048 epist.
1123 3986 1152 4033 11
1172 3998 1198 4034 n.
1212 3985 1229 4034 4
1241 3981 1270 4035 et
1282 3986 1307 4047 5,
1329 3979 1434 4036 Gelesii

106 4063 245 4134 epia.
260 4068 275 4116 1
294 4080 321 4116 n.
336 4068 378 4129 39,
399 4068 430 4116 13
448 4081 474 4116 n.
490 4069 513 4130 1,
530 4069 561 4117 27
580 4082 606 4116 u.
620 4070 645 4131 2,
658 4068 710 4131 7,ss
728 4065 763 4118 al.
982 4071 985 4079 '

231 4149 262 4215 ¹¹)
282 4147 326 4202 lta
346 4145 450 4202 iterum
471 4147 659 4217 Eutychianos
681 4151 776 4216 vocat,
803 4150 860 4204 sive
886 4156 1003 4220 propter
1029 4150 1152 4220 ipsorum
1176 4168 1239 4204 cum
1261 4151 1433 4206 Manichaeis

97 4229 372 4287 Qimffindinem
390 4235 472 4301 (conl.
492 4232 595 4287 Gelasii
614 4233 693 4303 epist.
709 4240 723 4287 '1
741 4253 768 4287 n.
782 4241 806 4301 2,
825 4233 957 4288 Germani
975 4235 1056 4305 epist.
1076 4235 1113 4289 ad
1130 4235 1265 4290 Armenes
1283 4254 1309 4289 n.
1325 4242 1339 4289 '1
1358 4234 1433 4305 apud

100 4310 233 4388 Aug.
256 4317 324 4387 uaj.
347 4317 464 4372 Petrum
484 4336 547 4373 nov.
570 4319 697 4373 biblioth.
717 4320 751 4385 Il,
764 4325 813 4374 589
840 4321 869 4374 et
891 4319 973 4388 hujus
996 4322 1052 4373 not.
1067 4323 1107 4389 4),
1141 4320 1199 4375 sive
1222 4323 1254 4374 ut
1276 4320 1432 4389 emphatice

97 4381 320 4458 hmanas
337 4402 485 4458 Anastasio
502 4404 673 4474 imperatore
693 4405 822 4459 suffultos
839 4404 1017 4474 significaret.
1041 4405 1082 4459 De
1100 4406 1154 4460 hoc
1170 4405 1274 4476 quippe
1287 4403 1432 4475 Theopha-

100 4485 212 4543 1108
229 4487 378 4557 chronogr.
398 4505 463 4559 pag.
477 4495 527 4544 210
544 4489 644 4544 tradit:
664 4495 733 4545 Sane
751 4495 900 4544 Manichaei
915 4501 943 4544 et
960 4497 1056 4544 Ariani
1071 4497 1103 4545 de
1122 4495 1259 4545 anastasii
1273 4496 1432 4558 promotione

101 4577 211 4627 *iet
226 4576 439 4644 mutuabantur:
457 4577 605 4629 Manichaei
622 4581 728 4646 quidem,
753 4582 821 4646 quod
838 4581 1001 4645 imperatorie
1019 4589 1100 4630 mater
1118 4597 1203 4632 eoram
1217 4579 1337 4644 partitae
1353 4581 1432 4630 arnioe

106 4663 320 4726 Q[haeream
340 4662 436 4712 Ariani
451 4680 520 4728 aero,
540 4666 609 4730 quod
625 4665 771 4716 clearchum
789 4663 848 4729 ijree
865 4668 1009 4715 auunculum
1070 4669 1168 4717 onrrrina
1184 4667 1357 4729 possiderent.
1380 4660 1433 4727 Qui

111 4741 217 4796 Qui
232 4743 335 4799 eodem
351 4743 611 4825 Theophanc'teste
629 4745 779 4815 Errhnymio
796 4747 974 4817 patriarchae
993 4747 1120 4802 clrartam
1137 4745 1252 4817 propria
1269 4763 1353 4799 mauu
1370 4748 1432 4801 sub·

117 4828 296 4898 &eriptam
312 4827 439 4896 tradidit,
457 4829 754 4898 quaCalchedonensis
772 4832 872 4900 synodi
889 4831 1003 4888 decreta
1020 4833 1097 4887 velut
1114 4831 1182 4913 fidei¹
1195 4848 1322 4886 normam
1340 4849 1371 4887 ee
1389 4849 1432 4888 ae·

123 4914 276 4982 thare
294 4913 480 4984 profiteretur,
498 4917 592 4971 tamen
610 4931 675 4970 mox
692 4916 756 4972 fidei
775 4917 928 4975 catholicae
946 4918 1014 4976 satis
1030 4917 1152 4974 Mensae
1169 4917 1298 4995 inyentus
1316 4919 1367 4974 est.
