3450 5678
215 159 279 224 220
300 177 327 224 S.
346 174 512 222 statumen
528 173 640 220 Paean
664 170 806 219 NOTITIA
823 172 932 221 m’tsn.
949 171 1021 218 Nos
1037 173 1068 218 T.
1085 172 1118 218 N.
1136 171 1273 219 NEXSTA
1284 172 1354 219 xvt.
1369 172 1456 219 xvtt.

214 338 277 393 alias
292 343 493 406 commemorat,
517 351 596 391 tanam
614 335 699 389 Aeacii
720 336 838 408 episcopi
855 333 1145 407 Constantinopolitani
1167 332 1198 388 ad
1224 332 1401 408 Simplicium.
1423 332 1492 391 aite-

215 440 269 479 ram
286 438 349 478 sero
366 420 493 496 Simplicii
515 421 546 475 ad
562 418 686 475 eumdem
703 421 834 475 Acacium.
866 421 903 475 Ae
919 418 951 474 de
968 420 1051 493 prima
1068 418 1176 492 atridem
1191 420 1230 475 sic
1245 418 1381 494 loquitur:
1413 420 1491 476 Aca·

215 513 277 564 cius
299 508 438 578 Simplicii
462 503 604 576 susceptis
625 508 753 575 epistolis
773 503 886 577 (seilicet.
910 505 948 561 18
965 513 991 558 et
1008 502 1058 575 20)
1085 507 1253 576 simpliciter
1278 508 1434 577 rescripsit
1454 509 1490 571 ei,

214 598 282 667 prtia
297 595 458 649 iohannem
476 593 523 664 (sc.
542 589 667 661 Talajam)
689 592 888 647 Alexandriae
905 594 1054 663 ipnoraret
1075 593 1249 662 episcopum,
1273 590 1393 647 Petrum
1421 605 1492 647 ocra

216 680 347 752 blancum
363 681 537 748 suscepisset
552 680 580 731 in
596 679 817 732 coracinunionem
833 678 861 730 iu
878 675 1001 731 Zenonis
1013 678 1157 747 principis
1171 679 1286 737 unitivo.
1304 683 1332 731 et
1345 677 1425 748 quod
1434 676 1492 733 boe

214 769 288 820 citra
304 767 370 834 cJ'us
386 759 433 831 isc.
443 759 580 835 Simplicii)
594 764 728 833 pessisset
743 765 1040 831 senteutiampropter
1051 764 1188 817 unitatem
1202 763 1394 817 ecelesiarum
1404 765 1490 833 prin·

214 854 286 922 cipis
300 852 445 919 J'ussione.
488 847 523 902 lie
543 845 625 901 altera
647 854 737 901 antem
759 847 879 919 proxime
905 844 1011 901 snlnlit:
1049 845 1214 918 Simplicius
1236 862 1303 903 uero
1324 849 1493 918 suscipiens

213 936 378 1008 bujusmocli
395 935 510 989 litteras
531 936 721 988 contristatur·
748 933 888 990 adeersus
903 932 1041 986 Acacium
1063 935 1146 1004 cique
1167 932 1318 988 rescribit.-
1337 932 1418 1005 quod
1431 949 1490 989 non

211 1020 409 1092 tepefecerit,
430 1024 531 1074 contra
551 1021 718 1073 seutentiam
735 1019 912 1088 apostolicae
933 1018 1008 1072 sedis
1028 1018 1068 1071 ad
1086 1020 1308 1074 communionem
1325 1020 1492 1089 suscipiens

210 1107 389 1161 decreticum
409 1105 564 1164 bominem:
593 1103 744 1173 oportebat
764 1106 836 1158 enim
859 1106 1000 1159 communi
1019 1104 1135 1158 decreto
1158 1104 1324 1159 damnatum
1340 1109 1491 1176 tamquam

210 1193 372 1247 ‹adtdternm
390 1192 532 1245 corrununi
551 1191 669 1243 consilio
691 1207 709 1242 a
729 1190 912 1244 ‹lamnatioue
926 1188 1063 1248 liberari;
1080 1188 1120 1243 acl
1133 1187 1208 1243 ltacc
1220 1194 1325 1256 autem,
1343 1191 1415 1260 quia
1431 1206 1491 1245 non

210 1276 363 1348 sufficeret
378 1276 465 1330 Petra
482 1276 615 1346 crinsiteri
630 1277 898 1329 communicatorem
914 1289 945 1328 se
957 1289 1020 1328 essc
1032 1273 1185 1329 Ecclesiae
1201 1274 1365 1331 catholicae
1381 1288 1488 1330 sccun-

212 1363 277 1417 dmn
294 1362 414 1416 edictum
439 1359 506 1430 (scil.
525 1358 674 1413 lienoticon
690 1360 745 1413 sivo
762 1356 911 1429 unitivum),
933 1359 985 1413 scd
1004 1365 1150 1429 oporteret
1171 1374 1234 1415 eum
1249 1359 1410 1419 secundum
1428 1365 1490 1414 ter·

213 1451 316 1502 mirream
332 1443 360 1516 (i.
378 1462 401 1502 e.
416 1441 609 1514 ticiniensem)
626 1444 865 1499 Calclrcdanensis
881 1446 996 1500 coercitii
1011 1450 1039 1499 et
1049 1443 1207 1499 secundum
1223 1446 1374 1515 epistolam
1386 1460 1490 1516 papae

218 1533 319 1587 Leonis
344 1531 496 1586 Ecclesiae
523 1531 659 1600 amplecti
688 1533 917 1585 commotionem.
958 1529 1047 1584 llnrtm
1073 1532 1146 1584 enim
1174 1530 1295 1586 duorum
1316 1533 1489 1587 necessario

213 1632 301 1690 opere
316 1617 447 1672 deberet.-
464 1621 514 1670 aut
530 1616 665 1670 suaderet
676 1615 764 1670 Petro
778 1630 854 1685 pure
869 1618 1018 1685 suscipere
1034 1617 1183 1669 terminum
1199 1616 1307 1687 synodi,
1324 1621 1378 1671 aul
1393 1630 1488 1671 remo·

216 1709 292 1757 aeret
307 1716 338 1756 sc
355 1702 391 1757 ab
413 1704 480 1773 ejus
500 1703 702 1758 communione.
733 1699 779 1754 llis
802 1701 893 1755 suatim
914 1698 987 1755 attulit
1007 1697 1160 1754 liberatus:
1184 1698 1275 1768 Quum
1291 1699 1332 1755 aci
1345 1702 1494 1757 Acacium

213 1787 287 1842 bace
309 1789 420 1857 scripta
442 1789 591 1863 uenissent,
613 1792 640 1839 ct
660 1786 842 1849 deliberaret,
867 1786 937 1857 quaid
956 1801 1018 1842 curn
1041 1790 1188 1856 oporteret
1209 1784 1384 1855 rescribere,
1405 1802 1497 1859 pape

215 1873 379 1943 Simplicius
393 1871 548 1943 destructus
565 1875 617 1925 est.

298 1955 326 2011 2.
363 1956 460 2010 Verum
486 1962 611 2028 suspecta
632 1956 728 2010 rnerito
750 1953 829 2009 debet
851 1953 932 2010 videri
954 1952 1069 2010 duorum
1092 1953 1199 2010 illarum
1220 1956 1387 2028 scriptorum
1410 1952 1487 2021 fides.

214 2040 440 2115 rprrrrmSimplicii
455 2056 596 2095 successor
612 2038 684 2095 Felix
700 2039 775 2113 epi
792 2058 818 2094 rr.
835 2040 852 2095 2
868 2039 901 2094 de
919 2040 1013 2095 bracio
1029 2039 1098 2112 apud
1115 2041 1303 2113 imperatorem
1318 2040 1484 2115 expostulet.

214 2125 286 2200 quod
302 2124 333 2181 ad
350 2127 458 2181 iteratas
474 2125 625 2181 decessoris
641 2127 682 2179 sni
698 2125 825 2198 epistolas
841 2124 945 2180 nullum
961 2141 1124 2201 responsum
1138 2124 1266 2180 dedisset.
1294 2124 1380 2182 lmmo
1396 2143 1430 2183 es
1444 2128 1482 2191 te.

214 2227 282 2285 qnae
298 2210 450 2285 Simplicius
472 2228 514 2283 ep.
533 2210 573 2266 20
588 2211 684 2265 Acittio
700 2211 815 2283 scripsit,
839 2210 896 2265 lalsi
918 2211 1124 2265 convincuntur.
1155 2208 1219 2265 lude
1239 2211 1311 2266 enim
1332 2209 1421 2284 palam
1435 2220 1482 2274 est.

215 2297 336 2352 Acacium
353 2295 481 2369 Simplicii
503 2294 633 2368 epistolae
651 2294 689 2351 18
705 2294 852 2351 rescribere
869 2312 917 2350 neae
933 2294 1074 2369 dignatum
1090 2310 1158 2358 esse,
1182 2295 1260 2369 eique
1275 2310 1338 2351 eum
1350 2295 1404 2352 hoc
1418 2313 1481 2372 papa

213 2381 340 2454 deinceps
356 2381 458 2436 nullum
475 2380 606 2435 sermonis
622 2397 671 2434 sen
687 2380 835 2435 litterarum
848 2381 1037 2436 commercium
1054 2379 1145 2435 luisse.
1178 2378 1216 2434 Ad
1234 2379 1305 2443 bace.
1323 2396 1409 2454 mom
1423 2382 1483 2437 Aca-

214 2468 270 2521 cius
292 2482 346 2521 non
370 2464 403 2520 de
424 2466 612 2520 communione
639 2464 685 2519 sed
713 2465 745 2520 dc
768 2464 944 2521 Alexandrina
964 2464 1028 2521 sede
1049 2464 1130 2520 Petro
1147 2462 1245 2536 Moneo
1266 2464 1405 2521 reddenda
1421 2467 1483 2523 sct'l-

214 2552 321 2624 psisset‚
338 2551 380 2605 hie
395 2566 459 2604 vcro
473 2549 624 2622 Simplicius
641 2551 679 2604 sic
695 2551 718 2604 ei
734 2551 905 2623 rescripsisse
922 2547 1042 2624 lingitur.
1059 2551 1135 2625 qnasi
1150 2550 1184 2605 de
1200 2566 1251 2606 una
1267 2558 1399 2623 ageretur
1413 2568 1484 2611 com·

214 2637 349 2691 rnnnione.
380 2635 438 2690 Non
455 2632 644 2708 antliigcndum
660 2643 758 2696 antem,
781 2636 853 2709 quain.
876 2637 898 2689 si
913 2635 1045 2691 alteruter
1060 2651 1088 2691 rc
1106 2637 1163 2709 ipsa
1179 2636 1342 2708 scripsisset,
1364 2642 1394 2692 et
1409 2636 1487 2695 insti·

214 2722 291 2776 tissct
314 2719 382 2775 band
404 2718 483 2774 clrrbic
504 2721 622 2782 Aeacius,
647 2728 675 2774 nt
691 2720 786 2775 Petrus
802 2722 828 2776 in
842 2720 919 2775 iiarci
935 2720 1025 2777 sedem
1042 2721 1246 2783 restitueretur.
1269 2728 1296 2776 et
1317 2722 1486 2795 perstitisset

213 2805 366 2879 Simplicius
390 2807 418 2860 in
440 2822 470 2861 ea
491 2806 639 2866 sententia.
664 2823 741 2879 qnam
764 2807 862 2880 cp.18
884 2823 910 2861 n.
928 2807 946 2863 3
971 2805 1151 2879 explicuerat,
1173 2824 1231 2880 qua
1253 2804 1381 2862 videlicet
1403 2806 1487 2865 l'etro

212 2893 339 2947 medelae
360 2893 501 2947 otacilium
520 2898 585 2963 post
599 2892 812 2962 paenitudinem
833 2893 1003 2964 promittens.
1025 2892 1217 2948 sacerdotalis
1236 2892 1386 2966 dipnitatis
1398 2892 1487 2965 faeti·

211 2980 286 3050 pium
304 2977 420 3050 negarit.

793 3085 896 3151 XVII.

298 3197 355 3252 bon
378 3199 475 3252 minori
498 3196 560 3266 jaare
585 3199 611 3252 in
632 3196 742 3252 dubium
763 3199 850 3252 vocari
873 3205 965 3270 potest
987 3197 1132 3255 artimonitio
1154 3198 1285 3272 quaedam
1306 3197 1440 3275 Simplicii
1461 3202 1491 3261 in

213 3281 318 3353 synodo
334 3280 450 3337 ltonrana
472 3283 532 3337 arani
553 3282 624 3344 502,
648 3299 696 3336 sen
718 3282 869 3355 Symmachi
890 3300 972 3356 papae
994 3283 1143 3357 epistolati
1166 3301 1192 3340 n.
1209 3282 1238 3345 4,
1260 3293 1420 3343 memorata.
1459 3286 1491 3347 Ιι

214 3364 317 3420 laudata
333 3368 432 3440 qnippe
453 3366 558 3440 synodo
581 3367 650 3422 lecta
671 3375 712 3421 est
730 3370 865 3440 scriptura
880 3368 967 3423 Basilii
983 3368 1111 3441 praelecti
1127 3370 1264 3442 praetorio
1279 3370 1390 3443 agentis
1404 3373 1493 3431 euin

213 3451 284 3505 vices
302 3451 428 3506 Odoacris
449 3441 522 3525 re'gis
545 3451 714 3513 llerulornm.
739 3453 833 3526 inqua
860 3452 1009 3509 serebatur:
1040 3456 1233 3511 admoraitione
1254 3455 1415 3513 beatissimi
1434 3461 1496 3517 viri

209 3551 309 3607 popae
325 3541 417 3593 nostri
431 3536 578 3607 Simplicii,
601 3556 686 3609 quarn
702 3545 769 3593 arcte
785 3541 883 3595 oculos
903 3554 1018 3611 semper
1039 3540 1147 3595 berbece
1168 3540 1311 3611 debemus,
1331 3540 1391 3598 ltoc
1406 3544 1496 3603 nobis

213 3624 376 3677 meministis
396 3624 448 3677 sub
470 3622 770 3694 obtestationesuissc
784 3625 958 3691 ntandatum,
984 3632 1014 3680 nt
1032 3633 1154 3696 praeter
1175 3627 1263 3682 ullum
1284 3630 1443 3699 strepitum
1464 3630 1496 3689 e'i

206 3707 386 3770 ,euenerabitis
402 3709 543 3762 ecclesiae
559 3709 764 3777 detrimentum,
787 3711 812 3763 si
833 3726 895 3764 caeru
910 3710 945 3764 de
960 3709 1017 3766 bac
1034 3713 1090 3765 cita
1105 3713 1232 3767 transire
1247 3714 1411 3785 conticuerit,
1431 3732 1494 3775 non

213 3794 275 3845 sine
291 3798 390 3847 nostra
407 3795 615 3847 consultatione
632 3793 794 3848 celebretur
810 3795 965 3866 cujuslibet
980 3796 1089 3851 electio.
1117 3794 1197 3852 Certe
1212 3794 1256 3852 ubi
1271 3796 1420 3855 recitatum
1437 3798 1493 3859 luit

213 3875 293 3939 istaul,
311 3877 392 3932 voluti
408 3876 441 3931 de
457 3893 485 3932 rc
502 3893 568 3931 nova
585 3885 612 3932 ct
628 3877 677 3933 sibi
694 3896 805 3952 prorsus
819 3880 912 3953 ignota
929 3878 1070 3954 obstupuit
1086 3897 1165 3936 onrnc
1181 3880 1334 3945 concilium,
1352 3886 1495 3943 mna-i·

212 3961 293 4015 natim
309 3960 467 4017 Cresconius
490 3961 653 4018 Tudertinus
675 3965 819 4037 episcopus
841 3982 855 4019 e
882 3982 1011 4020 consessu
1032 3983 1148 4040 surgens
1171 3965 1331 4028 reclamavit.
1356 3967 1394 4033 tt.
1413 3968 1493 4045 qnod

214 4043 374 4101 obtendebat
390 4045 509 4109 basilius,
525 4056 618 4102 contra
635 4065 750 4103 canones
767 4066 904 4123 pugnum
921 4050 992 4124 quod
1009 4050 1133 4124 prolecto
1150 4051 1240 4108 utullus
1255 4054 1409 4127 negaverit.
1439 4054 1494 4115 lie·

213 4147 266 4204 qno
281 4132 360 4186 etiam
375 4127 473 4186 infitias
489 4133 548 4186 ierit
565 4135 715 4206 qrrisqrram.
738 4134 903 4207 Simplicium
921 4134 1019 4208 ubique
1040 4136 1076 4192 ita
1097 4136 1266 4192 manifestum
1285 4134 1493 4199 observationis

212 4231 343 4271 canonum
361 4215 479 4271 studium
495 4234 558 4290 prem
574 4235 603 4273 se
619 4217 698 4276 terre.
721 4227 748 4273 ut
767 4236 822 4274 rem
839 4218 905 4275 adeo
922 4218 1053 4276 Romanae
1078 4221 1206 4278 ecclcsiae
1222 4221 1348 4278 infestam
1362 4224 1494 4303 ipsisque

211 4300 357 4357 canonibus
380 4303 541 4358 contrariam
568 4303 599 4356 ab
620 4305 679 4377 ipso
708 4304 869 4377 postulatam
891 4320 959 4366 esse,
982 4322 1094 4378 prorsus
1116 4304 1272 4363 incredibile
1295 4307 1341 4363 sit.
1372 4306 1407 4367 Et
1423 4326 1493 4369 vero

212 4403 294 4460 quum
311 4404 390 4442 omne
405 4388 548 4445 concilium
570 4397 653 4445 totam
670 4389 756 4444 Basilii
779 4391 937 4463 scripturam
959 4389 1045 4461 rejicit
1061 4392 1217 4465 irritamque
1232 4391 1362 4459 tenant,
1385 4411 1493 4455 memo·

211 4480 294 4527 ratam
311 4472 520 4528 admonitionem
536 4475 732 4548 suppositionis
753 4491 808 4530 non
824 4474 938 4531 obscure
953 4478 1042 4550 arguit
1058 4486 1138 4550 atquc
1154 4476 1324 4533 condemnat.
