3412 5664
626 348 798 398 EPISTOLA
823 341 849 396 1.
1310 339 1373 404 309

128 498 189 562 eunt
216 502 338 587 redditi,
374 507 408 568 et
433 503 513 568 istos
547 524 732 588 oneramus,
766 526 844 588 quos
877 509 1027 588 putamus
1060 505 1198 591 absolvi,
1233 508 1372 593 itemque
1389 509 1485 575 (acas

126 599 242 671 abram
270 606 520 693 exaggeratione
553 606 679 690 peccati
715 608 876 671 sententia
906 611 1017 672 nostra
1038 608 1076 673 fit
1102 609 1320 675 irrevocabilis
1354 580 1489 675 (4⁸⁹²

35 790 38 795 Ι
124 706 248 792 tempore
273 710 476 795 praestituto.
523 706 575 773 Sic
609 708 694 773 enim
722 708 761 772 de
789 708 921 772 istorum
957 713 1139 795 receptione
1167 713 1371 777 tractandum
1463 766 1470 778 .

120 810 176 890 est,
205 816 236 880 ui
260 812 456 878 conscientia
484 813 595 875 nostra
618 814 650 874 et
673 810 878 894 existimatio,
903 835 1035 898 quorum
1064 814 1200 879 interest
1222 816 1370 898 maxime,

115 908 144 973 dn
171 915 344 981 sermatiae
369 936 446 980 suae
473 913 676 978 revocatione
701 918 837 997 curetur,
863 919 895 978 et
913 916 1000 999 juste·
1023 937 1080 980 nos
1104 938 1173 979 eam
1197 921 1273 982 ante
1293 921 1371 984 tem-

110 1034 167 1096 pus
192 1039 351 1083 revocasse
384 1017 434 1083 vel
468 1016 641 1107 remisisse
655 1016 839 1081 doceamus:
873 1022 910 1082 ut
946 1018 1042 1082 edam
1074 1018 1274 1084 consolemur
1306 1043 1370 1105 eos,

107 1117 160 1200 qui
189 1121 307 1186 infide
339 1119 498 1186 catholica
527 1124 750 1204 perseverant,
787 1119 826 1183 de
840 1120 879 1205 ⁷⁵)
914 1120 1047 1184 istorum
1085 1122 1372 1189 communicatione

103 1221 283 1308 probantes,
307 1245 374 1289 non
396 1227 507 1288 nostro
529 1243 583 1286 eos
605 1225 683 1286 tune
707 1223 956 1287 communicasse
979 1223 1147 1305 mandato,
1180 1246 1240 1288 nec
1263 1247 1371 1292 eorum

102 1327 314 1392 communioni
351 1325 537 1411 praebuisse
567 1346 768 1408 consensum,
799 1329 831 1388 et
859 1346 967 1389 secum
989 1347 1047 1389 nos
1069 1326 1103 1389 in
1126 1325 1188 1389 fide
1212 1326 1371 1394 catholica

99 1427 281 1506 perdurare.
325 1427 370 1493 nt
390 1429 462 1493 ideo
487 1428 549 1513 ipsi
572 1449 696 1513 quoque
719 1428 884 1492 nobiscum
911 1428 1059 1491 nituntur
1081 1450 1149 1492 esse
1174 1433 1369 1496 constantes.

10 1568 14 1619 ;,
96 1520 220 1599 Quodsi
251 1532 322 1596 istis
351 1531 421 1595 sine
451 1531 557 1615 aliquo
587 1530 690 1594 colora
709 1530 855 1613 justitiae
883 1534 959 1594 ante
991 1531 1219 1614 praestitutum
1244 1537 1371 1619 tempus

91 1635 293 1700 sententiam
313 1635 492 1698 relaxatam
513 1632 689 1713 audierint,
723 1655 761 1696 ax
789 1636 900 1696 nostra
927 1632 1092 1697 voluntate
1118 1655 1171 1698 eos
1198 1637 1371 1701 eommuni-

89 1748 192 1800 caase
213 1736 361 1813 credituri
384 1740 475 1818 sunt3
504 1739 538 1799 et
562 1735 633 1816 hoc,
662 1734 746 1819 quod
768 1733 962 1819 suspendere
991 1735 1050 1799 visi
1079 1758 1203 1820 sumus,
1233 1738 1370 1803 fortasse

83 1828 331 1904 simulatorium
359 1838 399 1902 ad
422 1838 636 1902 excusationis
658 1837 814 1919 umbram,
843 1840 875 1901 et
898 1859 955 1901 nos
978 1841 1233 1923 transgressores
1256 1841 1370 1906 merito

75 1925 303 2007 judicabunt:
326 1939 452 2025 ipsique
475 1943 531 2004 aut
553 1939 705 2004 deficient
727 1944 760 2004 et
780 1939 908 2003 illorum
932 1941 1147 2005 communioni
1171 1963 1204 2005 se
1227 1943 1368 2025 tradent,
1422 1924 1433 1937 ⁸

74 2038 145 2099 aut
177 2043 251 2127 jure
271 2064 331 2108 nos
353 2042 555 2107 damnabunt
582 2047 747 2126 tamquam
776 2041 1007 2107 communionis
1031 2042 1156 2108 alienae
1184 2044 1233 2107 vel
1262 2046 1370 2109 catho-

68 2125 179 2206 dicae
202 2145 372 2210 violatores
396 2145 638 2210 communionis.

182 2248 234 2313 39.
278 2245 441 2324 Quomodo
475 2269 552 2333 ergo
579 2248 642 2311 ista
670 2251 837 2330 curentur,
871 2248 961 2331 justa
988 2248 1071 2312 ratio
1099 2253 1148 2313 ast
1175 2251 1368 2334 quaerenda.

61 2330 190 2414 Quae
209 2350 299 2416 nulla
314 2355 364 2415 est
387 2350 462 2433 alia,
491 2351 553 2415 nisi
581 2354 618 2414 ut
639 2350 694 2414 isti
717 2349 900 2415 releventur
928 2355 960 2415 et
983 2355 1184 2434 excusentur,
1213 2373 1291 2436 quos
1320 2374 1371 2417 vo

58 2432 204 2518 lulnus
230 2457 306 2519 ante
335 2453 546 2517 constitutum
574 2455 700 2536 tempus
728 2453 866 2536 absolvi,
900 2453 1050 2538 justaque
1084 2454 1230 2518 videatur
1257 2458 1369 2520 nostra

56 2554 257 2642 remissio,
279 2555 340 2621 hoc
362 2557 469 2620 autem
492 2555 561 2620 lieri
583 2557 700 2639 potest,
724 2555 751 2619 si
774 2555 809 2619 in
833 2556 987 2620 Acacium
1011 2559 1128 2621 cuncta
1153 2558 1369 2643 transgressio

55 2642 321 2726 muscatae.
367 2657 457 2736 Quod
486 2661 519 2723 et
545 2657 593 2723 illi
619 2657 699 2742 ipsi,
728 2657 782 2742 qui
811 2658 844 2721 in
872 2658 934 2722 fide
963 2659 1121 2723 catholica
1148 2665 1366 2744 perseverant,

48 2755 204 2855 ⁵{mgis
223 2761 292 2828 lieri
315 2761 465 2826 ardenter
488 2763 692 2845 exspectant,
720 2760 755 2824 in
782 2760 872 2823 illum
896 2762 980 2825 enim
1003 2762 1075 2845 plus
1097 2762 1245 2827 saeviunt
1273 2784 1368 2848 quam

60 2862 107 2913 ¹¹1
140 2860 243 2950 istos,
273 2865 420 2950 tantique
446 2863 613 2928 habebunt
639 2863 718 2927 istos
740 2863 887 2946 relaxari,
912 2864 1080 2927 dummodo
1102 2864 1137 2928 in
1159 2864 1260 2948 illum,
1286 2868 1367 2929 tam·

67 2967 196 3033 ‘luam
216 2972 377 3034 auctorem
398 2965 694 3053 praevaricationis,
719 2966 827 3029 omnia
850 2965 983 3028 audiant
999 2965 1170 3030 malefacta
1184 2966 1364 3031 transferri.

75 3047 190 3163 Quod
210 3092 305 3157 quum
327 3070 436 3153 tuerit,
460 3070 529 3134 sine
551 3068 753 3133 dubitatione
777 3067 991 3151 subsequitur,
1019 3072 1056 3132 ut
1073 3068 1164 3151 justa
1186 3070 1229 3131 sit
1251 3089 1364 3152 poena,

84 3154 115 3220 ¹⁶
144 3176 205 3238 aa
224 3174 314 3258 juata
336 3173 517 3255 damnatio,
546 3193 627 3256 quae
657 3170 685 3235 ei
708 3171 765 3254 pro
794 3169 844 3233 his
872 3169 1018 3234 videatur
1039 3170 1178 3234 inflicta:
1207 3191 1287 3255 quae
1312 3169 1366 3234 da·

10 3322 14 3331 ·
92 3275 221 3340 mllutio
240 3274 275 3340 in
297 3277 347 3341 sni
371 3279 481 3340 tenore
503 3273 683 3339 insolubilis
707 3294 775 3337 esse
798 3275 1003 3336 monstratur.
1035 3272 1147 3357 ltaque
1169 3272 1207 3335 fit
1229 3293 1366 3356 persona

98 3362 340 3444 inenodabilis
362 3376 475 3442 Aeacii
498 3376 533 3440 in
555 3376 806 3460 exaggeratione
830 3375 972 3438 criminis
1001 3378 1034 3439 et
1058 3375 1269 3440 conventione
1297 3376 1366 3440 vin·

105 3466 213 3546 dictu,
247 3479 331 3546 Nam
354 3480 382 3544 si
404 3487 563 3546 curatione
584 3485 675 3543 totius
703 3483 858 3542 Ecclesiae
890 3498 1027 3561 persona
1060 3477 1173 3542 Aeacii
1201 3477 1364 3563 liberetur,
1452 3518 1463 3541 e

108 3576 138 3639 ‘A
160 3578 209 3648 inu
227 3581 401 3648 secundum
422 3581 616 3646 sententiam
632 3584 775 3645 nostram
798 3566 893 3643 erunt
916 3578 1017 3643 modis
1042 3579 1188 3644 omnibus
1211 3580 1364 3646 absoluti:

114 3678 157 3745 ite
173 3681 226 3751 boc
246 3684 408 3772 genuen),
432 3683 513 3768 quod
536 3682 803 3767 supradiximus,
828 3683 902 3767 quia
924 3703 988 3747 non
1013 3682 1171 3745 adnititur
1191 3683 1365 3767 imperator

115 3788 167 3848 ace
182 3788 320 3873 populus,
344 3787 532 3852 alterutram
556 3790 680 3870 partem
709 3807 775 3848 non
804 3785 951 3869 expedire
978 3784 1108 3868 poterit,
1137 3785 1192 3848 sed
1215 3807 1362 3870 gravare.

119 3877 195 3953 Unde
212 3889 341 3955 nonnisi
362 3888 419 3953 illo
446 3887 513 3953 solo
538 3886 632 3951 modo
660 3886 754 3951 rebus
781 3885 954 3952 remedium
981 3886 1211 3970 providendum
1240 3891 1299 3969 est,
1328 3896 1365 3951 ut

111 3990 244 4078 primda
272 3989 472 4056 absolutione
501 3993 618 4075 agatur
640 3990 752 4054 Aeacii
776 4011 846 4054 cum
876 3988 976 4052 totius
1003 3989 1171 4052 dumtaxat
1199 3988 1364 4054 Ecclesiae

109 4091 246 4178 unitate,
277 4097 310 4158 et
332 4093 380 4158 sic
400 4093 471 4157 istis
499 4091 542 4156 sit
569 4113 625 4156 suo
653 4092 764 4156 ordine
794 4092 982 4155 relaxatum.
1028 4090 1062 4155 Si
1091 4091 1228 4155 Aeacius
1257 4094 1364 4154 autem

103 4193 200 4263 modis
220 4194 367 4260 omnibus
390 4194 510 4259 absolvi
535 4193 683 4277 noluerit,
707 4194 841 4258 istorum
863 4214 1000 4277 persona
1021 4192 1108 4256 illius
1131 4194 1363 4279 aggravatione

96 4296 263 4381 levabitur,
292 4319 330 4363 eo
352 4297 473 4383 magis,
502 4296 586 4382 quod
614 4299 646 4360 et
673 4297 816 4360 oblatum
845 4294 906 4359 sibi
936 4295 1073 4359 Aeacius
1102 4296 1259 4380 respuisse
1288 4315 1362 4359 con-

91 4400 245 4484 vincitur,
268 4404 302 4465 et
323 4410 435 4464 nostra
456 4399 517 4463 erit
539 4405 690 4462 excusata
713 4398 886 4478 sententia,
911 4400 943 4460 et
958 4396 996 4462 de
1012 4398 1145 4462 istorum
1161 4397 1361 4462 absolutione

87 4508 174 4573 ante
199 4508 324 4586 tempus
351 4503 497 4586 impensa
524 4504 558 4564 et
585 4501 623 4564 de
651 4501 736 4564 illius
770 4521 840 4563 cum
864 4500 1113 4584 exaggeratione
1136 4498 1279 4565 criminis
1305 4497 1360 4563 da-

161 4760 197 4823 ”l
215 4756 251 4811 Ν*
266 4773 416 4828 perperam
434 4762 466 4810 de
483 4762 586 4812 beorum
604 4761 858 4811 excommunicatione
875 4757 1088 4824 probantibus
1103 4759 1172 4824 qnod
1188 4760 1243 4809 istis
1254 4761 1308 4808 ειήι·

14 4905 17 4909 .
77 4853 240 4906 relaxatam
257 4863 292 4897 erc
310 4853 400 4896 noem
415 4846 551 4898 columam.

159 4930 194 4996 ⁷⁶)
214 4924 324 4984 Scilicet
339 4933 482 4982 secuntiae
498 4939 615 4991 amirae,
637 4947 687 4998 qua
709 4932 801 4981 Vitatis
819 4936 845 4981 ei
861 4929 977 4982 Misenus
994 4930 1126 4981 ommis
1140 4936 1206 4979 eune.
