3412 5664
672 132 867 183 sermonen
890 123 940 182 59.
966 124 1017 183 60.
1419 117 1480 183 851

214 306 375 371 speramus
404 289 438 352 ot
463 286 565 372 ipsius
593 287 732 352 civitatis
761 287 947 372 episcopum
969 286 1086 352 similia
1107 285 1225 351 facere.
1271 285 1362 363 Quod
1383 288 1410 353 si
1431 289 1610 364 fa-(ans.)

212 391 298 454 ctum
318 388 433 472 fuerit,
457 388 533 453 data
555 389 722 454 occasione
744 390 965 455 rescribemus,

294 491 326 556 3.
361 489 507 576 Scampis
528 492 655 576 nobis⁸)
683 491 813 576 positis,
848 495 922 576 post
948 491 1063 557 missas
1090 491 1170 556 hora
1199 492 1382 557 coenatoria
1411 492 1480 559 Ste-

208 592 337 678 phunus
367 596 400 658 et
420 592 575 659 Leontius
597 617 646 658 vv.
670 615 712 658 ss.
742 593 782 657 ab
809 594 1002 679 impensiore
1030 593 1120 658 missi
1141 594 1175 658 in
1199 615 1365 659 occursum
1386 597 1480 661 nobis

209 698 379 780 venerunt,
404 695 508 760 adhuc
529 697 711 761 nescientes
726 717 785 760 nos
802 696 837 760 in
859 697 1005 781 partibus
1021 696 1228 762 Graecinium
1249 696 1381 782 positos,
1405 699 1480 785 quia

207 795 289 861 talia
310 797 465 862 mandatu
491 798 623 864 fuerunt
651 798 760 864 comiti
790 796 954 883 Stephano
977 799 1070 884 data,
1099 802 1135 863 ut
1164 799 1204 863 ad
1231 802 1339 884 partes
1365 800 1480 866 Italiae

208 899 390 965 transirent
421 899 456 965 in
489 923 655 966 occursum
687 904 844 965 nostrum.
890 901 966 987 (Est
998 900 1180 985 Stephanus
1214 900 1291 984 iste,
1324 903 1480 986 quomodo

209 1002 345 1087 dicitur,
373 1003 412 1067 de
439 1002 607 1087 parentela
634 1003 692 1068 filii
721 1004 820 1069 vestri
847 1003 996 1089 magistri
1026 1003 1166 1068 militum
1187 1002 1372 1090 Vitaliani.)
1419 1004 1480 1081 Qui

209 1104 304 1169 nobis
326 1104 558 1170 nuntiaverunt
579 1106 755 1170 Patricium
780 1108 961 1171 senatorem
983 1106 1199 1190 proscriptum
1221 1108 1254 1169 et
1275 1106 1310 1170 in
1333 1107 1481 1171 exsilium

209 1207 354 1272 missum.
399 1205 462 1271 Pro
489 1229 552 1292 qua
578 1195 688 1273 tamen
717 1230 827 1291 causa,
857 1208 920 1272 nisi
949 1209 1104 1293 quomodo
1132 1208 1173 1272 ad
1200 1230 1258 1272 nos
1285 1210 1478 1293 pervenerit,

209 1331 275 1373 non
299 1330 465 1393 possumus
488 1310 602 1393 dicere,
627 1311 782 1395 quianon
798 1311 900 1375 estde
916 1310 1035 1375 talibus
1056 1311 1152 1375 rebus
1173 1309 1269 1374 facilc
1292 1310 1478 1377 deliberare.

210 1411 339 1476 Dicitur
359 1415 486 1494 tamen,
517 1414 549 1476 et
578 1413 832 1497 apocrisiariosll
855 1412 1152 1478 Thessalonicensis
1184 1412 1337 1478 ecclesiae
1365 1415 1480 1497 teneri,

211 1513 296 1598 apud
318 1535 395 1598 quos
418 1514 568 1579 dicuntur
590 1519 623 1578 et
645 1515 796 1599 epistolas
818 1514 984 1599 invent-as3
1006 1536 1064 1599 pro
1088 1536 1150 1599 qua
1174 1537 1279 1598 causa,
1303 1518 1480 1581 nescimus:

212 1637 285 1680 curn
306 1615 384 1701 ipsis
407 1620 440 1680 et
461 1615 685 1680 Philumenum
709 1621 741 1680 et
762 1616 961 1681 Demetrium
983 1616 1231 1702 magistrianum
1254 1619 1286 1681 et
1308 1618 1388 1683 alias
1410 1640 1481 1704 per·

211 1738 317 1802 sonas,
341 1739 476 1803 quarum
497 1718 630 1783 numina
652 1720 848 1804 ignoramus.
879 1718 947 1783 Ista
969 1722 1054 1802 sunt,
1079 1718 1235 1803 quomodo
1250 1719 1477 1803 praediximus,

211 1841 294 1905 quae
315 1819 502 1884 audivimus.
547 1819 595 1884 De
624 1843 720 1885 cansa
747 1825 857 1885 tamen
885 1821 1103 1886 ecclesiastiea
1126 1842 1197 1884 eum
1220 1820 1281 1885 Dei
1303 1821 1480 1887 misericor-

211 1921 264 1985 dia
286 1943 439 2006 prospera
460 1922 662 1987 nuntiantur.
695 1922 875 1989 Cosmatem
896 1927 1006 1988 tamen
1027 1922 1196 2004 medicum,
1220 1944 1278 2004 pro
1301 1944 1364 2007 qua
1387 1947 1482 1989 causa

211 2021 247 2086 in
267 2021 398 2087 Italiam
419 2024 524 2107 venit,
553 2024 683 2108 penitus
710 2025 891 2111 intelligere
919 2046 985 2090 non
1008 2024 1185 2109 potuimus,
1214 2024 1278 2087 nisi
1300 2023 1377 2109 hoc,
1407 2027 1481 2111 quia

212 2124 339 2189 fortiter
360 2126 534 2209 quaeritur.
579 2124 628 2189 De
650 2147 712 2210 quo
735 2126 857 2192 debetis
881 2148 949 2191 esse
971 2126 1111 2210 solliciti,
1135 2129 1173 2190 ut
1194 2126 1313 2211 sciatis,
1338 2149 1395 2212 pro
1418 2151 1481 2213 qua

214 2248 309 2291 causa
331 2226 450 2291 ibidem
472 2227 571 2292 veuit.

714 2415 896 2519 Epistola
922 2417 970 2500 60

821 2569 870 2606 seu

379 2662 492 2720 'l'ortia
514 2662 689 2732 suggestio
710 2665 902 2731 legatorum
923 2678 1028 2732 supra
1049 2662 1311 2719 nominatorum.
1495 2651 1619 2774 2311ng

302 2794 388 2844 Elium
405 2795 511 2859 [alpaidi
527 2796 609 2845 omnia
626 2796 760 2845 secuudum
779 2795 933 2845 Ilormr'sdae
950 2797 1093 2846 arcandorum
1111 2800 1170 2845 acta
1188 2809 1244 2845 esse
1262 2795 1386 2849 aurdanu

296 2925 337 2991 In
365 2927 428 2991 alia
456 2926 592 3010 epistola
620 2926 873 3012 significavimus
883 2928 906 3013 ¹)
935 2925 1128 2992 beatitudini
1157 2928 1282 2991 vestrae
1304 2926 1342 2990 de
1371 2926 1478 2993 Scam-
1491 2948 1586 3011 epau

211 3028 291 3113 pina
325 3028 454 3094 civitate
487 3029 526 3093 de
559 3029 732 3094 venerabili
765 3028 862 3113 Trojo
896 3030 1061 3115 episcopo:
1098 3050 1161 3114 quo
1193 3028 1304 3093 ordine
1336 3029 1480 3095 libellum

212 3129 317 3214 dedit,
347 3134 380 3195 et
407 3131 510 3215 qualis
537 3131 696 3195 festivitas
725 3135 774 3194 est
800 3131 961 3196 celebrata
983 3131 1018 3197 in
1039 3132 1110 3215 ipsa
1133 3130 1272 3195 civitate.
1318 3130 1397 3197 (lum
1419 3132 1480 3198 Dei
1577 3209 1585 3225 x

211 3233 429 3298 misericordia
451 3234 596 3297 venimus
619 3232 693 3317 ad2)
716 3233 899 3317 lignidum.
925 3232 1136 3298 Theodoritus
1159 3234 1326 3318 opiscopus
1348 3257 1479 3300 venera-

210 3504 355 3561 intellectu
377 3506 450 3561 infra
472 3505 634 3575 subjiciunt:
665 3512 714 3561 nisi
736 3512 857 3576 quomodo
875 3511 912 3561 ud
928 3526 974 3561 nos
990 3512 1149 3574 pervenerit,
1168 3526 1219 3561 nun
1235 3525 1367 3575 possumus
1384 3513 1479 3564 dicere.

211 3589 305 3655 Quare
323 3590 358 3645 <3¹
376 3590 472 3645 stricte
490 3590 569 3658 sequi
587 3589 674 3644 satius
691 3590 825 3645 duximus

279 3679 301 3745 ⁸)
319 3674 354 3729 G*
367 3679 395 3730 a¹
413 3695 459 3730 nos
469 3682 579 3745 positos,
599 3675 673 3743 quod
692 3692 754 3730 cum
771 3676 789 3729 b
803 3693 838 3730 cc
855 3675 891 3730 ad
910 3676 1109 3745 grammaticae
1121 3676 1198 3746 leges
1210 3676 1385 3733 correximus.
1415 3679 1481 3733 Mox

212 3760 279 3815 boc
296 3782 335 3819 or.
353 3781 390 3814 ec.
409 3766 471 3831 (pro
489 3782 525 3815 oc.
544 3780 590 3827 ss,
608 3759 625 3813 i.
638 3776 661 3813 c.
680 3767 729 3814 virs·
745 3764 870 3825 sublimes)
931 3766 970 3815 1Ιί
981 3766 1059 3815 nobis.
1095 3760 1231 3815 Patricius
1248 3760 1293 3815 hic
1310 3766 1481 3818 memoratus

211 3844 368 3907 irridetur,
386 3845 423 3899 ad
441 3863 522 3913 quem
540 3843 628 3911 legati
640 3845 810 3914 superiorem
823 3846 969 3915 epistolam
982 3852 1014 3900 54
1027 3846 1197 3900 deferebant.
1229 3846 1260 3900 In
1272 3864 1374 3903 arcana
1386 3849 1480 3902 autern

212 3928 342 4001 Procopii
359 3929 476 3985 historia
494 3948 553 3999 cap.
574 3935 605 3983 17
624 3934 748 3984 Leontius
765 3930 968 3985 referendarius
985 3932 1163 3985 memoratur.

279 4018 301 4084 ⁸)
321 4014 384 4071 (ἴδ’
402 4022 578 4085 apocrisarius
596 4014 644 4083 eG³
661 4016 855 4084 apocrisiarios)
929 4022 1000 4084 apud
1016 4036 1079 4086 quos
1096 4022 1214 4071 dictentur
1231 4027 1264 4071 et.
1299 4018 1365 4071 Mox
1383 4018 1416 4071 0¹
1438 4022 1480 4070 Fl-

212 4106 326 4155 lminus.
1167 4110 1173 4123 ‘

212 4192 244 4241 60
280 4189 300 4253 ¹)
319 4186 354 4241 G¹
368 4189 394 4241 a¹
412 4191 591 4255 aipnificumus,
609 4185 628 4238 b
642 4203 676 4239 cc
693 4191 899 4253 significavimus:
916 4185 962 4240 hic
978 4185 1117 4241 indicatur
1134 4186 1260 4257 superior
1277 4186 1396 4256 epistola
1413 4194 1453 4242 59.

279 4272 301 4339 2)
320 4269 389 4338 Seu,
406 4273 438 4325 ut
455 4271 516 4325 aliis
534 4270 624 4338 magis
641 4271 735 4340 placet
752 4275 916 4339 Lychnidum.
946 4272 986 4324 lte
1003 4271 1066 4341 ipsa
1082 4271 1156 4326 inter
1173 4271 1389 4341 subscriptiones
1401 4288 1481 4341 oncy-

213 4354 344 4409 clioarum
367 4354 403 4409 ad
423 4356 546 4411 Leonem
569 4358 683 4425 August.
710 4355 805 4409 concil.
829 4355 996 4409 Calchedon.
1019 4358 1092 4425 part.
1111 4365 1127 4410 3
1150 4374 1172 4410 c.
1193 4364 1225 4410 39
1248 4356 1344 4424 (llard.
1363 4357 1401 4423 ΙΙ,
1421 4360 1481 4425 767)

211 4440 315 4509 legitur
334 4446 460 4495 Antonius
477 4443 535 4501 (seu
553 4440 704 4495 seeundum
716 4441 858 4510 exemplar
871 4440 1039 4510 Corbejensc
1052 4446 1205 4509 Antoninus)
1224 4448 1358 4510 episcopas
1369 4445 1481 4511 Lychni-

212 4531 277 4583 ecus.
304 4525 408 4581 Verum
427 4527 500 4595 apud
518 4525 655 4580 Hilarium
673 4528 772 4595 fragm.
792 4533 807 4578 ‘2
826 4544 851 4580 n.
868 4532 898 4579 15
916 4525 990 4580 inter
1007 4526 1222 4596 subscriptiones
1235 4524 1406 4581 Sardicensis
1418 4541 1481 4580 cou-

212 4610 268 4664 cilll
286 4610 389 4679 legitur
402 4617 539 4680 Dionysius
557 4617 589 4665 ab
602 4617 702 4666 Aclruia
719 4618 750 4664 de
771 4616 916 4679 Ligustica,
936 4614 965 4665 et
982 4628 1067 4681 supra
1084 4610 1202 4664 vidimus
1221 4610 1368 4681 epistolam
1381 4618 1396 4664 3
1408 4611 1481 4665 Ana·

212 4695 290 4750 stusii
310 4696 334 4749 ll
356 4696 505 4753 Laurentio
529 4703 560 4751 de
582 4702 689 4767 lignido
712 4712 779 4765 enon
802 4703 833 4751 de
859 4699 1001 4766 Lychnido)
1024 4696 1195 4765 inscriptum.
1237 4696 1387 4751 Laurentio
1408 4695 1481 4763 huic,

1210 4783 1277 4845 54*
