3450 5678
581 118 782 169 5155558558
806 122 855 168 111.
1296 110 1360 175 555

85 279 200 349 flectas
214 281 258 337 est
273 278 382 357 Filias,
405 275 537 360 propter
559 273 792 340 humanitatem
815 276 884 360 ejus
907 275 994 359 dicit,
1019 298 1084 341 non
1099 280 1231 362 propter
1246 278 1359 344 divini·

86 377 202 440 tatem.
1331 462 1335 468 ⁵

175 483 321 561 Ejusdem
342 482 375 543 in
397 484 503 544 eodem
525 484 620 545 libro.
651 486 747 563 (inde,
775 484 829 558 ait,
856 494 885 545 et
909 487 988 546 Deus
1014 503 1081 546 eccm
1108 490 1359 567 superexaltavit,
1373 502 1501 569 itinn-gp,

86 592 120 644 et
135 587 262 645 detenuit
283 587 313 644 et
332 601 439 645 nomen
462 589 607 661 prodest
628 605 720 665 snper
742 605 827 648 omine
841 605 946 648 55555
971 587 1031 648 555.
1068 583 1117 647 lle
1138 584 1259 667 templo
1281 585 1360 650 haec

83 682 180 765 dicit,
205 682 288 766 quod
311 686 360 746 est
383 705 497 768 corpus
520 686 599 769 ejus.
643 685 718 750 Non
741 685 826 749 enim
850 687 991 750 excelsus
1015 685 1184 770 exaltatur,
1209 687 1263 750 sed
1287 710 1361 753 caro

82 784 252 848 exaltatur
274 784 401 869 excelsi,
426 788 459 849 et
481 787 571 851 carni
594 788 709 852 excelsi
732 794 856 852 docrevit
877 810 994 866 nomen,
1019 795 1361 869 555558188555555

77 908 214 961 nomem
237 891 270 951 et
292 910 357 952 non
373 887 515 965 Verbum
530 889 591 954 Dei
613 912 671 974 per
693 890 833 976 gratiam
855 891 990 975 accepit,
1014 894 1050 954 ut
1072 894 1240 955 vocaretur
1260 891 1358 975 Deus,

77 989 145 1054 scd
168 1010 243 1054 earo
266 991 335 1074 ejus
358 1013 431 1056 cum
453 1013 491 1055 eo
513 991 662 1056 deificata
684 996 742 1057 est.

173 1093 383 1179 ejiciente:
412 1093 501 1159 Sicut
530 1095 616 1158 enim
635 1094 744 1160 lumen
766 1118 833 1159 555
855 1095 993 1160 laeditur
1020 1095 1056 1158 in
1082 1097 1251 1161 tenebroso
1279 1097 1359 1180 1555,

74 1216 195 1279 meque
216 1194 284 1258 vita
307 1198 414 1278 potest
429 1196 549 1280 aliquid
565 1197 634 1281 pati
655 1199 832 1283 saturati),
856 1198 939 1262 sieut
959 1198 1006 1261 ait
1019 1196 1188 1281 prophetia
1204 1198 1360 1287 Dominus
1373 1218 1498 1284 Maian,

71 1296 127 1360 «ie
151 1318 203 1361 se:
232 1303 344 1379 Videte,
367 1305 609 1378 catacensem,
633 1311 663 1363 et
684 1321 744 1364 non
766 1306 913 1364 mutabor.

174 1400 226 1464 34.
271 1404 381 1465 Basilii
403 1406 541 1483 episcopi
563 1405 733 1467 caesareae
755 1407 793 1467 de
815 1406 987 1484 gratiarum
1009 1406 1142 1468 actione.
1171 1401 1261 1467 Sicut
1283 1425 1360 1488 ergo

68 1502 233 1586 suscepit
252 1501 372 1566 famem
394 1503 561 1586 Dominus,
585 1504 669 1567 forte
693 1503 763 1568 cibo
786 1508 896 1589 egesto
919 1504 988 1587 ejus
1010 1504 1044 1567 in
1067 1526 1208 1589 corpore,
1233 1506 1360 1569 555551-

67 1607 186 1690 gatus
210 1607 259 1668 est
280 1605 431 1670 musculis
454 1609 487 1670 et
508 1605 614 1670 nervis
638 1628 676 1670 ex
699 1607 815 1670 itinere
836 1607 1007 1690 protensis,
1036 1628 1102 1670 non
1124 1607 1294 1671 divinitate
1315 1608 1360 1671 la-

69 1706 166 1771 bore
189 1706 329 1790 domata,
358 1707 412 1772 sed
441 1708 635 1792 suscipiente
664 1730 795 1792 corpore
823 1711 972 1773 nat-uram
1000 1709 1162 1792 sequentis
1190 1709 1359 1792 passionis.

66 1808 142 1875 sie
166 1813 199 1873 et
213 1809 370 1894 lacrymas
385 1811 480 1895 fudit,
503 1811 684 1875 naturalem
692 1811 732 1896 ⁷⁰)
757 1833 865 1875 casum
878 1811 965 1875 carni
989 1810 1139 1874 advenire
1154 1810 1361 1895 permitterem

65 1911 175 1997 quod
198 1912 320 1994 evenit,
349 1912 478 1998 quando
507 1915 725 1978 concavitates
754 1913 875 1977 cerebri
903 1935 941 1977 ex
968 1912 1181 1998 fumigatione
1209 1915 1361 1978 tristitiae

64 2014 268 2098 «completae
289 2015 422 2099 fuerint,
446 2018 478 2080 et
500 2015 599 2080 veluti
621 2038 679 2100 per
701 2017 854 2101 quosdam
876 2017 971 2099 rivos,
994 2014 1027 2078 id
1044 2018 1093 2079 cst
1106 2015 1267 2081 foramina
1288 2039 1361 2082 ocu-

56 2116 204 2200 lorum,
227 2117 475 2184 humectationis
497 2111 577 2183 onus
600 2119 763 2204 egreditur

174 2219 228 2284 35.
273 2225 416 2303 Gregorii
443 2226 579 2304 episcopi
613 2227 729 2303 lipsiae
758 2229 868 2287 contra
893 2224 1081 2285 nunomium.
1126 2220 1268 2286 Accusat
1296 2244 1360 2304 558,

56 2322 142 2408 qui
166 2322 349 2406 passionem
372 2325 542 2408 assignant
563 2324 722 2388 humanae
745 2327 893 2406 naturae3
916 2323 986 2387 vult
1009 2323 1095 2386 enim
1110 2324 1242 2388 omnino
1257 2324 1361 2408 ipsam

58 2425 295 2491 divinitatem
317 2426 451 2491 subdere
473 2428 629 2511 passioni:
659 2426 825 2511 duplici⁷¹)
856 2425 941 2488 enim
964 2425 1138 2489 exsistente
1161 2429 1193 2490 ct
1215 2426 1284 2490 sine
1307 2426 1361 2489 du-

60 2526 249 2593 bitatione
276 2529 444 2612 opinione,
473 2529 539 2594 sive
567 2529 719 2593 divinitas
747 2528 782 2592 in
809 2528 959 2612 passione
986 2528 1029 2591 sit
1055 2528 1144 2592 facta
1161 2577 1168 2592 .
1187 2578 1193 2590 .
1213 2578 1237 2610 .‚
1267 2528 1361 2591 unius

58 2629 255 2695 accinctio
276 2630 311 2693 in
334 2630 520 2695 defensione
542 2632 580 2695 fit
601 2631 702 2694 modis
725 2631 872 2694 omnibus
895 2630 962 2712 ejus
986 2630 1068 2714 quod
1091 2629 1291 2714 relinquitur.
1328 2629 1361 2695 Si

51 2733 192 2817 igitur
222 2736 376 2797 accusant
407 2755 470 2816 558,
501 2735 554 2818 qui
582 2733 764 2817 passionem
794 2734 879 2796 circa
911 2731 1147 2797 humanitatem
1173 2732 1360 2815 respiciunt,

50 2834 269 2901 laudabunt
289 2835 512 2900 indubitanter
534 2858 603 2918 558,
633 2836 686 2920 qui
709 2834 893 2919 passibilem
916 2833 1028 2898 dicunt
1049 2834 1124 2897 Filii
1147 2833 1359 2897 divinitatem.
1403 2824 1409 2828 ’

52 2938 180 3013 (tuac
204 2940 311 3002 autem
332 2960 390 3023 per
412 2939 491 3002 haec
513 2939 647 3002 struitur
674 2937 817 3001 defensio
840 2936 983 3021 dogmati
1006 2958 1124 3018 eorum,
1154 2935 1362 3001 absurditatis

52 3042 157 3123 est3
190 3062 267 3104 nam
296 3041 323 3105 si
357 3041 480 3124 pat'tur
508 3041 634 3125 <peridem
663 3039 836 3104 seeundum
866 3060 974 3103 eorum
1002 3061 1181 3103 sermonem
1209 3037 1361 3102 divinitas

57 3138 176 3225 Filii,
200 3142 307 3207 Patris
329 3165 404 3207 vero
425 3144 460 3206 in
483 3144 569 3208 onrni
592 3142 853 3226 impassibilitate
876 3144 1029 3224 servatur,
1053 3140 1260 3225 impassibilis
1285 3162 1361 3225 ergo

54 3247 210 3313 natura
232 3246 319 3330 adn)
343 3266 424 3328 eanr,
448 3269 529 3329 quare
552 3245 693 3329 suscepit
715 3245 906 3329 passionem.
948 3244 1054 3307 Aliter
1076 3264 1153 3328 ergo
1175 3242 1283 3326 habet,
1308 3242 1361 3327 qui

55 3342 295 3412 divinitatem
317 3369 444 3432 passam
468 3347 547 3412 dicit
569 3353 688 3413 55555
712 3348 868 3432 templum
889 3346 1079 3411 divinitatis.
1116 3384 1117 3388 =

176 3451 228 3515 36.
256 3455 399 3534 Gregorii
421 3454 561 3533 episcopi
581 3454 774 3516 Nazianzeni
796 3471 834 3514 ex
849 3453 984 3530 epistola
1005 3453 1045 3514 ad
1061 3451 1249 3513 liectarium.
1271 3447 1361 3534 Et⁷³)

42 3549 151 3613 hoc
175 3574 240 3617 non
262 3554 355 3617 modo
379 3552 504 3618 crudele
528 3556 586 3635 est,
611 3553 666 3616 sed
689 3553 832 3616 omnium
854 3550 1074 3615 saevissimum
1096 3550 1175 3614 illud
1198 3552 1257 3634 est,
1287 3550 1362 3636 quia

45 3684 316 3702 m..-„.,
389 3696 396 3701 ,

159 3759 193 3825 ω)
209 3757 271 3812 Hoc
288 3757 363 3812 idem
381 3756 572 3812 testimonimn
586 3758 647 3826 J'am
666 3773 751 3826 supra
767 3774 794 3808 n.
809 3763 842 3810 20
859 3753 997 3823 integrius
1015 3754 1198 3824 praemissum
1216 3756 1265 3809 est.

161 3845 193 3910 ⁶⁹)
212 3841 345 3912 Superius
363 3861 389 3896 n.
404 3850 437 3897 ’20
454 3849 506 3896 nita
523 3849 652 3897 inertalern
669 3847 795 3896 visitando
814 3853 937 3896 antissam.

160 3928 194 3995 τι1)
212 3927 318 3982 Graece
337 3924 372 3981 τὰ
391 3923 422 3982 ia
441 3930 491 3998 τῆς
510 3924 622 3996 φύσεως
635 3922 894 3982 ἔπακουλοθοῦντα
908 3919 1111 4000 συμπτώματα,
1129 3925 1183 3980 boc
1195 3927 1238 3980 cst
1255 3945 1286 3979 ea
1298 3945 1362 3994 pisce

17 3999 117 4060 ''V-’1‘
157 4017 295 4066 secundnm
314 4024 430 4066 notescam
448 4019 575 4067 neeiriunt.

155 4098 194 4164 ⁷¹)
211 4097 410 4167 interpretatio
429 4099 548 4153 obscura
566 4099 594 4152 et
613 4097 711 4151 mutila
729 4097 767 4152 sic
780 4096 974 4152 restauranda:
995 4100 1071 4160 Quam
1089 4102 1154 4150 enim
1172 4100 1320 4164 despisant
1338 4105 1362 4147 et

14 4170 207 4248 “mbfsptc
224 4188 320 4251 opinio,
339 4188 489 4237 diotreitasnc
508 4205 541 4236 on
559 4189 699 4237 lantanitas
717 4189 742 4236 in
760 4189 880 4251 pressione
896 4185 977 4247 suerit
990 4183 1048 4247 (seu
1058 4186 1176 4250 passioni
1186 4180 1361 4246 sesbjneaerit),

16 4254 168 4316 ‘min-8
185 4274 312 4323 accusatio
327 4274 359 4335 tlt
375 4289 483 4337 prorsus
495 4275 600 4323 atterius
612 4273 737 4335 defensio.
757 4267 848 4338 [Unde
861 4272 886 4320 in
899 4271 1055 4321 dubitatione
1068 4265 1216 4335 legendum
1228 4262 1361 4332 videtur]

151 4353 194 4420 ⁷²)
210 4353 251 4408 Ex
269 4370 371 4423 graeco
391 4350 461 4423 πρὸς
480 4351 532 4422 τὴν
549 4351 789 4423 παραδεχομὲνην
806 4347 960 4420 ἀλλοτρίως
978 4350 1036 4421 ἔχει
1055 4349 1271 4406 convertendum
1288 4349 1362 4402 crat:

19 4415 65 4464 “⁶
97 4447 185 4497 ecs.
202 4460 266 4508 qaae
282 4444 427 4508 passionen
439 4447 559 4509 suscepit,
578 4446 661 4493 atiena
674 4451 727 4498 est,⁸
745 4437 845 4493 deinde
858 4439 996 4507 expuncto
1006 4441 1091 4491 Aliter
1103 4455 1164 4505 erpo
1177 4439 1253 4488 tabet
1271 4434 1362 4503 legen·

48 4512 151 4567 '¹¹11
182 4526 226 4588 Qui
243 4530 398 4580 diuinitatem
416 4545 517 4594 passam
536 4531 605 4579 dicit.

154 4608 195 4675 ἲ1)
212 4610 353 4666 Hactenus
377 4622 403 4665 et
423 4617 495 4665 hemo
517 4632 565 4665 non
588 4617 661 4666 modo
684 4616 786 4664 crudele
808 4623 854 4667 cst.
890 4610 944 4664 Pro
967 4626 1034 4664 voce
1056 4614 1127 4663 horreo
1150 4605 1298 4675 legendum
1321 4607 1364 4660 ost

59 4688 128 4743 ⁰⁰³
171 4695 243 4762 quod
260 4695 350 4767 liquet
367 4714 400 4751 ex
419 4714 521 4765 graeco
540 4697 589 4751 acl
602 4691 682 4753 οὔπω
695 4698 779 4751 τοῦτο
793 4698 900 4764 δεῖνον,
920 4695 972 4749 hoc
984 4697 1026 4747 est
1038 4705 1063 4747 et
1075 4697 1122 4747 boc
1134 4712 1183 4747 non
1196 4697 1261 4747 adeo
1272 4710 1359 4761 prece.
