<?xml version="1.0" encoding="UTF-8"?>
<!DOCTYPE html PUBLIC "-//W3C//DTD XHTML 1.0 Transitional//EN"
    "http://www.w3.org/TR/xhtml1/DTD/xhtml1-transitional.dtd">
<html xmlns="http://www.w3.org/1999/xhtml" xml:lang="en" lang="en">
 <head>
  <title>
</title>
<meta http-equiv="Content-Type" content="text/html;charset=utf-8" />
  <meta name='ocr-system' content='tesseract 3.04.00' />
  <meta name='ocr-capabilities' content='ocr_page ocr_carea ocr_par ocr_line ocrx_word'/>
</head>
<body>
  <div class='ocr_page' id='page_1' title='image "./epistolaeromano00cousgoog/epistolaeromano00cousgoog_0063.png"; bbox 0 0 3412 5664; ppageno 0'>
   <div class='ocr_carea' id='block_1_1' title="bbox 211 307 1138 371">
    <p class='ocr_par' dir='ltr' id='par_1_1' title="bbox 211 307 1138 371">
     <span class='ocr_line' id='line_1_1' title="bbox 211 307 1138 371; baseline -0.001 -1"><span class='ocrx_word' id='word_1_1' title='bbox 211 307 249 371; x_wconf 84' lang='lat'><strong>16</strong></span> <span class='ocrx_word' id='word_1_2' title='bbox 553 323 688 370; x_wconf 80' lang='lat' dir='ltr'><strong>uourrx</strong></span> <span class='ocrx_word' id='word_1_3' title='bbox 710 323 862 370; x_wconf 78' lang='lat' dir='ltr'><strong>rnxnvrx</strong></span> <span class='ocrx_word' id='word_1_4' title='bbox 885 323 921 369; x_wconf 83' lang='lat' dir='ltr'><strong>m</strong></span> <span class='ocrx_word' id='word_1_5' title='bbox 943 322 1078 371; x_wconf 82' lang='lat' dir='ltr'><strong>rnmcrs</strong></span> <span class='ocrx_word' id='word_1_6' title='bbox 1102 323 1138 370; x_wconf 89' lang='lat'><strong>11.</strong></span> 
     </span>
    </p>
   </div>
   <div class='ocr_carea' id='block_1_2' title="bbox 207 483 1480 2343">
    <p class='ocr_par' dir='ltr' id='par_1_2' title="bbox 207 483 1480 2343">
     <span class='ocr_line' id='line_1_2' title="bbox 209 483 1478 557; baseline 0 -18"><span class='ocrx_word' id='word_1_7' title='bbox 209 484 381 557; x_wconf 79' lang='lat' dir='ltr'><strong>exprimitur:</strong></span> <span class='ocrx_word' id='word_1_8' title='bbox 413 483 578 540; x_wconf 87' lang='lat' dir='ltr'><strong>Constitutio</strong></span> <span class='ocrx_word' id='word_1_9' title='bbox 594 499 696 555; x_wconf 89' lang='lat' dir='ltr'><strong>papae</strong></span> <span class='ocrx_word' id='word_1_10' title='bbox 711 484 819 540; x_wconf 77' lang='lat' dir='ltr'><strong>Felicis</strong></span> <span class='ocrx_word' id='word_1_11' title='bbox 838 483 1003 556; x_wconf 79' lang='lat' dir='ltr'><em>Africanae</em></span> <span class='ocrx_word' id='word_1_12' title='bbox 1022 487 1192 556; x_wconf 81' lang='lat' dir='ltr'><strong>provinciae</strong></span> <span class='ocrx_word' id='word_1_13' title='bbox 1213 484 1248 539; x_wconf 88' lang='lat' dir='ltr'><strong>de</strong></span> <span class='ocrx_word' id='word_1_14' title='bbox 1271 500 1328 540; x_wconf 79' lang='lat' dir='ltr'><strong>raon</strong></span> <span class='ocrx_word' id='word_1_15' title='bbox 1349 483 1478 556; x_wconf 88' lang='lat' dir='ltr'><strong>rebapti-</strong></span> 
     </span>
     <span class='ocr_line' id='line_1_3' title="bbox 208 566 1478 642; baseline 0 -18"><span class='ocrx_word' id='word_1_16' title='bbox 208 569 327 633; x_wconf 86' lang='lat' dir='ltr'><strong>zandis;</strong></span> <span class='ocrx_word' id='word_1_17' title='bbox 348 583 430 641; x_wconf 88' lang='lat' dir='ltr'><strong>quum</strong></span> <span class='ocrx_word' id='word_1_18' title='bbox 451 568 478 623; x_wconf 93' lang='lat' dir='ltr'><strong>in</strong></span> <span class='ocrx_word' id='word_1_19' title='bbox 499 566 596 624; x_wconf 91' lang='lat' dir='ltr'><strong>iisdem</strong></span> <span class='ocrx_word' id='word_1_20' title='bbox 616 566 813 642; x_wconf 76' lang='lat' dir='ltr'><strong>exemplaribus</strong></span> <span class='ocrx_word' id='word_1_21' title='bbox 834 567 954 624; x_wconf 89' lang='lat' dir='ltr'><strong>subnexa</strong></span> <span class='ocrx_word' id='word_1_22' title='bbox 975 569 1091 642; x_wconf 85' lang='lat' dir='ltr'><strong>epistola</strong></span> <span class='ocrx_word' id='word_1_23' title='bbox 1106 571 1248 625; x_wconf 87' lang='lat' dir='ltr'><strong>uniuersis</strong></span> <span class='ocrx_word' id='word_1_24' title='bbox 1263 571 1409 640; x_wconf 88' lang='lat' dir='ltr'><strong>episcopis</strong></span> <span class='ocrx_word' id='word_1_25' title='bbox 1418 583 1478 640; x_wconf 88' lang='lat' dir='ltr'><strong>per</strong></span> 
     </span>
     <span class='ocr_line' id='line_1_4' title="bbox 208 652 1477 727; baseline 0 -18"><span class='ocrx_word' id='word_1_26' title='bbox 208 653 341 710; x_wconf 86' lang='lat' dir='ltr'><strong>diuersas</strong></span> <span class='ocrx_word' id='word_1_27' title='bbox 353 656 522 725; x_wconf 85' lang='lat' dir='ltr'><strong>prouincias</strong></span> <span class='ocrx_word' id='word_1_28' title='bbox 538 656 700 710; x_wconf 90' lang='lat' dir='ltr'><strong>constitutis</strong></span> <span class='ocrx_word' id='word_1_29' title='bbox 709 652 883 709; x_wconf 69' lang='lat' dir='ltr'><strong>inscribitur:</strong></span> <span class='ocrx_word' id='word_1_30' title='bbox 898 654 933 709; x_wconf 79' lang='lat' dir='ltr'><strong>m</strong></span> <span class='ocrx_word' id='word_1_31' title='bbox 948 655 975 709; x_wconf 91' lang='lat' dir='ltr'><strong>in</strong></span> <span class='ocrx_word' id='word_1_32' title='bbox 987 662 1094 710; x_wconf 87' lang='lat' dir='ltr'><strong>vetusta</strong></span> <span class='ocrx_word' id='word_1_33' title='bbox 1109 653 1171 709; x_wconf 90' lang='lat' dir='ltr'><strong>coll.</strong></span> <span class='ocrx_word' id='word_1_34' title='bbox 1186 653 1260 727; x_wconf 91' lang='lat' dir='ltr'><strong>llisp.</strong></span> <span class='ocrx_word' id='word_1_35' title='bbox 1273 654 1301 709; x_wconf 91' lang='lat' dir='ltr'><strong>in</strong></span> <span class='ocrx_word' id='word_1_36' title='bbox 1313 653 1477 727; x_wconf 85' lang='lat' dir='ltr'><strong>perantiquo</strong></span> 
     </span>
     <span class='ocr_line' id='line_1_5' title="bbox 209 736 1478 812; baseline -0.001 -18"><span class='ocrx_word' id='word_1_37' title='bbox 209 737 301 794; x_wconf 90' lang='lat' dir='ltr'><strong>codice</strong></span> <span class='ocrx_word' id='word_1_38' title='bbox 326 737 358 792; x_wconf 90' lang='lat' dir='ltr'><strong>ad</strong></span> <span class='ocrx_word' id='word_1_39' title='bbox 378 736 499 808; x_wconf 87' lang='lat' dir='ltr'><strong>ejusdem</strong></span> <span class='ocrx_word' id='word_1_40' title='bbox 523 737 650 794; x_wconf 83' lang='lat' dir='ltr'><strong>ecclesiae</strong></span> <span class='ocrx_word' id='word_1_41' title='bbox 673 755 751 793; x_wconf 90' lang='lat' dir='ltr'><strong>usum</strong></span> <span class='ocrx_word' id='word_1_42' title='bbox 774 740 934 795; x_wconf 88' lang='lat' dir='ltr'><strong>concinnato</strong></span> <span class='ocrx_word' id='word_1_43' title='bbox 951 746 978 794; x_wconf 90' lang='lat' dir='ltr'><strong>et</strong></span> <span class='ocrx_word' id='word_1_44' title='bbox 993 738 1064 812; x_wconf 87' lang='lat' dir='ltr'><strong>apud</strong></span> <span class='ocrx_word' id='word_1_45' title='bbox 1079 737 1211 795; x_wconf 86' lang='lat' dir='ltr'><strong>isidorum</strong></span> <span class='ocrx_word' id='word_1_46' title='bbox 1227 737 1403 794; x_wconf 85' lang='lat' dir='ltr'><strong>llercatorem</strong></span> <span class='ocrx_word' id='word_1_47' title='bbox 1418 737 1478 794; x_wconf 85' lang='lat' dir='ltr'><strong>sola</strong></span> 
     </span>
     <span class='ocr_line' id='line_1_6' title="bbox 209 821 1478 898; baseline 0 -20"><span class='ocrx_word' id='word_1_48' title='bbox 209 829 315 879; x_wconf 85' lang='lat' dir='ltr'><strong>retenta</strong></span> <span class='ocrx_word' id='word_1_49' title='bbox 335 830 377 878; x_wconf 91' lang='lat' dir='ltr'><strong>est</strong></span> <span class='ocrx_word' id='word_1_50' title='bbox 398 822 513 897; x_wconf 89' lang='lat' dir='ltr'><strong>epistola</strong></span> <span class='ocrx_word' id='word_1_51' title='bbox 535 824 574 879; x_wconf 85' lang='lat' dir='ltr'><strong>dd</strong></span> <span class='ocrx_word' id='word_1_52' title='bbox 593 827 746 895; x_wconf 89' lang='lat' dir='ltr'><strong>episcopos</strong></span> <span class='ocrx_word' id='word_1_53' title='bbox 764 838 821 896; x_wconf 91' lang='lat' dir='ltr'><strong>per</strong></span> <span class='ocrx_word' id='word_1_54' title='bbox 837 824 965 880; x_wconf 91' lang='lat' dir='ltr'><strong>Siciliam</strong></span> <span class='ocrx_word' id='word_1_55' title='bbox 984 825 1128 898; x_wconf 87' lang='lat' dir='ltr'><strong>inscripta,</strong></span> <span class='ocrx_word' id='word_1_56' title='bbox 1150 823 1347 898; x_wconf 79' lang='lat' dir='ltr'><strong>praetermissis</strong></span> <span class='ocrx_word' id='word_1_57' title='bbox 1367 825 1396 878; x_wconf 94' lang='lat' dir='ltr'><strong>in</strong></span> <span class='ocrx_word' id='word_1_58' title='bbox 1418 821 1478 893; x_wconf 81' lang='lat' dir='ltr'><strong>ejus</strong></span> 
     </span>
     <span class='ocr_line' id='line_1_7' title="bbox 209 900 1478 983; baseline 0 -21"><span class='ocrx_word' id='word_1_59' title='bbox 209 907 300 964; x_wconf 87' lang='lat' dir='ltr'><strong>ironte</strong></span> <span class='ocrx_word' id='word_1_60' title='bbox 315 900 401 981; x_wconf 82' lang='lat' dir='ltr'><strong>goslis</strong></span> <span class='ocrx_word' id='word_1_61' title='bbox 417 915 444 963; x_wconf 91' lang='lat' dir='ltr'><strong>et</strong></span> <span class='ocrx_word' id='word_1_62' title='bbox 460 906 491 962; x_wconf 92' lang='lat' dir='ltr'><strong>ad</strong></span> <span class='ocrx_word' id='word_1_63' title='bbox 507 906 607 963; x_wconf 80' lang='lat' dir='ltr'><strong>calcem</strong></span> <span class='ocrx_word' id='word_1_64' title='bbox 622 908 758 964; x_wconf 88' lang='lat' dir='ltr'><strong>cousulari</strong></span> <span class='ocrx_word' id='word_1_65' title='bbox 774 915 852 970; x_wconf 86' lang='lat' dir='ltr'><strong>nola,</strong></span> <span class='ocrx_word' id='word_1_66' title='bbox 873 908 921 965; x_wconf 93' lang='lat' dir='ltr'><strong>sed</strong></span> <span class='ocrx_word' id='word_1_67' title='bbox 936 906 1060 983; x_wconf 86' lang='lat' dir='ltr'><strong>praefixis</strong></span> <span class='ocrx_word' id='word_1_68' title='bbox 1077 911 1100 964; x_wconf 90' lang='lat' dir='ltr'><strong>ei</strong></span> <span class='ocrx_word' id='word_1_69' title='bbox 1117 909 1237 983; x_wconf 82' lang='lat' dir='ltr'><strong>quinque</strong></span> <span class='ocrx_word' id='word_1_70' title='bbox 1252 908 1354 970; x_wconf 87' lang='lat' dir='ltr'><strong>titulis,</strong></span> <span class='ocrx_word' id='word_1_71' title='bbox 1378 906 1478 981; x_wconf 88' lang='lat' dir='ltr'><strong>quibus</strong></span> 
     </span>
     <span class='ocr_line' id='line_1_8' title="bbox 208 991 1478 1068; baseline 0 -21"><span class='ocrx_word' id='word_1_72' title='bbox 208 991 378 1066; x_wconf 74' lang='lat' dir='ltr'><strong>synodalium</strong></span> <span class='ocrx_word' id='word_1_73' title='bbox 393 992 565 1049; x_wconf 90' lang='lat' dir='ltr'><strong>decretorum</strong></span> <span class='ocrx_word' id='word_1_74' title='bbox 580 1009 683 1048; x_wconf 87' lang='lat' dir='ltr'><strong>summa</strong></span> <span class='ocrx_word' id='word_1_75' title='bbox 698 1001 927 1068; x_wconf 85' lang='lat' dir='ltr'><strong>repraesentatur.</strong></span> <span class='ocrx_word' id='word_1_76' title='bbox 953 992 1072 1049; x_wconf 87' lang='lat' dir='ltr'><strong>Subinde</strong></span> <span class='ocrx_word' id='word_1_77' title='bbox 1084 994 1131 1067; x_wconf 88' lang='lat' dir='ltr'><strong>qui</strong></span> <span class='ocrx_word' id='word_1_78' title='bbox 1141 993 1302 1049; x_wconf 81' lang='lat' dir='ltr'><strong>liavarreum</strong></span> <span class='ocrx_word' id='word_1_79' title='bbox 1314 992 1478 1050; x_wconf 85' lang='lat' dir='ltr'><strong>isidorianae</strong></span> 
     </span>
     <span class='ocr_line' id='line_1_9' title="bbox 208 1075 1479 1152; baseline -0.001 -19"><span class='ocrx_word' id='word_1_80' title='bbox 208 1077 378 1134; x_wconf 86' lang='lat' dir='ltr'><strong>collectionis</strong></span> <span class='ocrx_word' id='word_1_81' title='bbox 400 1076 551 1150; x_wconf 88' lang='lat' dir='ltr'><strong>exemplum</strong></span> <span class='ocrx_word' id='word_1_82' title='bbox 574 1075 605 1133; x_wconf 85' lang='lat' dir='ltr'><strong>ab</strong></span> <span class='ocrx_word' id='word_1_83' title='bbox 626 1079 702 1134; x_wconf 89' lang='lat' dir='ltr'><strong>annis</strong></span> <span class='ocrx_word' id='word_1_84' title='bbox 724 1078 819 1134; x_wconf 86' lang='lat' dir='ltr'><strong>saltem</strong></span> <span class='ocrx_word' id='word_1_85' title='bbox 836 1077 898 1136; x_wconf 89' lang='grc'><strong>600</strong></span> <span class='ocrx_word' id='word_1_86' title='bbox 913 1078 1064 1152; x_wconf 86' lang='lat' dir='ltr'><strong>descripsit,</strong></span> <span class='ocrx_word' id='word_1_87' title='bbox 1082 1080 1108 1134; x_wconf 91' lang='lat' dir='ltr'><strong>in</strong></span> <span class='ocrx_word' id='word_1_88' title='bbox 1125 1077 1214 1152; x_wconf 86' lang='lat' dir='ltr'><strong>aliquo</strong></span> <span class='ocrx_word' id='word_1_89' title='bbox 1230 1077 1330 1134; x_wconf 91' lang='lat' dir='ltr'><strong>codicis</strong></span> <span class='ocrx_word' id='word_1_90' title='bbox 1350 1077 1479 1134; x_wconf 85' lang='lat' dir='ltr'><strong>lladriani</strong></span> 
     </span>
     <span class='ocr_line' id='line_1_10' title="bbox 208 1161 1476 1240; baseline 0 -23"><span class='ocrx_word' id='word_1_91' title='bbox 208 1161 353 1236; x_wconf 81' lang='lat' dir='ltr'><strong>exemplari</strong></span> <span class='ocrx_word' id='word_1_92' title='bbox 368 1170 445 1237; x_wconf 82' lang='lat' dir='ltr'><strong>gesta</strong></span> <span class='ocrx_word' id='word_1_93' title='bbox 461 1168 564 1240; x_wconf 74' lang='lat' dir='ltr'><strong>nactus,</strong></span> <span class='ocrx_word' id='word_1_94' title='bbox 581 1178 611 1218; x_wconf 88' lang='lat' dir='ltr'><strong>ea</strong></span> <span class='ocrx_word' id='word_1_95' title='bbox 625 1164 665 1219; x_wconf 90' lang='lat' dir='ltr'><strong>sic</strong></span> <span class='ocrx_word' id='word_1_96' title='bbox 679 1163 852 1237; x_wconf 75' lang='lat' dir='ltr'><strong>perstrinxit:</strong></span> <span class='ocrx_word' id='word_1_97' title='bbox 868 1164 971 1220; x_wconf 84' lang='lat' dir='ltr'><strong>Flavia</strong></span> <span class='ocrx_word' id='word_1_98' title='bbox 982 1163 1103 1221; x_wconf 86' lang='lat' dir='ltr'><strong>Baetbio</strong></span> <span class='ocrx_word' id='word_1_99' title='bbox 1120 1183 1144 1219; x_wconf 90' lang='lat' dir='ltr'><strong>a.</strong></span> <span class='ocrx_word' id='word_1_100' title='bbox 1161 1181 1187 1220; x_wconf 90' lang='lat' dir='ltr'><strong>e.</strong></span> <span class='ocrx_word' id='word_1_101' title='bbox 1199 1179 1241 1219; x_wconf 89' lang='lat' dir='ltr'><strong>cs.</strong></span> <span class='ocrx_word' id='word_1_102' title='bbox 1253 1164 1306 1220; x_wconf 89' lang='lat' dir='ltr'><strong>sub</strong></span> <span class='ocrx_word' id='word_1_103' title='bbox 1322 1165 1349 1219; x_wconf 92' lang='lat' dir='ltr'><strong>d.</strong></span> <span class='ocrx_word' id='word_1_104' title='bbox 1367 1162 1418 1220; x_wconf 82' lang='grc' dir='ltr'><strong>ΙΙΙ</strong></span> <span class='ocrx_word' id='word_1_105' title='bbox 1431 1162 1476 1220; x_wconf 86' lang='lat' dir='ltr'><strong>Id.</strong></span> 
     </span>
     <span class='ocr_line' id='line_1_11' title="bbox 208 1247 1478 1306; baseline -0.001 -3"><span class='ocrx_word' id='word_1_106' title='bbox 208 1247 297 1304; x_wconf 88' lang='lat' dir='ltr'><strong>Mart.</strong></span> <span class='ocrx_word' id='word_1_107' title='bbox 314 1251 344 1304; x_wconf 90' lang='lat' dir='ltr'><strong>in</strong></span> <span class='ocrx_word' id='word_1_108' title='bbox 359 1248 481 1304; x_wconf 90' lang='lat' dir='ltr'><strong>basilica</strong></span> <span class='ocrx_word' id='word_1_109' title='bbox 497 1247 734 1305; x_wconf 82' lang='lat' dir='ltr'><strong>Constantiniana</strong></span> <span class='ocrx_word' id='word_1_110' title='bbox 751 1249 894 1305; x_wconf 88' lang='lat' dir='ltr'><strong>residente</strong></span> <span class='ocrx_word' id='word_1_111' title='bbox 909 1250 1069 1305; x_wconf 76' lang='lat' dir='ltr'><strong>uerieraaiti</strong></span> <span class='ocrx_word' id='word_1_112' title='bbox 1083 1252 1142 1306; x_wconf 89' lang='lat' dir='ltr'><strong>airo</strong></span> <span class='ocrx_word' id='word_1_113' title='bbox 1158 1249 1192 1304; x_wconf 87' lang='lat' dir='ltr'><strong>P.</strong></span> <span class='ocrx_word' id='word_1_114' title='bbox 1209 1248 1307 1306; x_wconf 79' lang='lat' dir='ltr'><strong>Felice</strong></span> <span class='ocrx_word' id='word_1_115' title='bbox 1328 1266 1389 1304; x_wconf 88' lang='lat' dir='ltr'><strong>una</strong></span> <span class='ocrx_word' id='word_1_116' title='bbox 1412 1263 1478 1304; x_wconf 90' lang='lat' dir='ltr'><strong>cum</strong></span> 
     </span>
     <span class='ocr_line' id='line_1_12' title="bbox 208 1332 1479 1407; baseline 0 -18"><span class='ocrx_word' id='word_1_117' title='bbox 208 1336 352 1406; x_wconf 88' lang='lat' dir='ltr'><strong>episcopis</strong></span> <span class='ocrx_word' id='word_1_118' title='bbox 367 1348 485 1389; x_wconf 89' lang='lat' dir='ltr'><strong>numero</strong></span> <span class='ocrx_word' id='word_1_119' title='bbox 501 1332 571 1388; x_wconf 85' lang='lat' dir='ltr'><strong>XLI</strong></span> <span class='ocrx_word' id='word_1_120' title='bbox 581 1333 609 1402; x_wconf 86' lang='lat' dir='ltr'><strong>V,</strong></span> <span class='ocrx_word' id='word_1_121' title='bbox 626 1334 818 1390; x_wconf 86' lang='lat' dir='ltr'><strong>residentibus</strong></span> <span class='ocrx_word' id='word_1_122' title='bbox 835 1337 920 1390; x_wconf 90' lang='lat' dir='ltr'><strong>etiam</strong></span> <span class='ocrx_word' id='word_1_123' title='bbox 932 1335 1112 1407; x_wconf 77' lang='lat' dir='ltr'><strong>presbyteris</strong></span> <span class='ocrx_word' id='word_1_124' title='bbox 1127 1333 1213 1389; x_wconf 83' lang='lat' dir='ltr'><strong>LXX</strong></span> <span class='ocrx_word' id='word_1_125' title='bbox 1220 1334 1258 1390; x_wconf 84' lang='lat' dir='ltr'><strong>Vi</strong></span> <span class='ocrx_word' id='word_1_126' title='bbox 1265 1376 1272 1403; x_wconf 88' lang='lat'><strong>,</strong></span> <span class='ocrx_word' id='word_1_127' title='bbox 1294 1333 1479 1390; x_wconf 86' lang='lat' dir='ltr'><strong>adstantibus</strong></span> 
     </span>
     <span class='ocr_line' id='line_1_13' title="bbox 208 1418 1477 1492; baseline -0.002 -17"><span class='ocrx_word' id='word_1_128' title='bbox 208 1434 321 1492; x_wconf 83' lang='lat' dir='ltr'><strong>quoque</strong></span> <span class='ocrx_word' id='word_1_129' title='bbox 335 1418 504 1475; x_wconf 81' lang='lat' dir='ltr'><strong>diaconibus</strong></span> <span class='ocrx_word' id='word_1_130' title='bbox 520 1420 563 1473; x_wconf 87' lang='lat' dir='ltr'><strong>nal</strong></span> <span class='ocrx_word' id='word_1_131' title='bbox 579 1424 684 1474; x_wconf 89' lang='lat' dir='ltr'><strong>cancta</strong></span> <span class='ocrx_word' id='word_1_132' title='bbox 696 1420 785 1489; x_wconf 91' lang='lat' dir='ltr'><strong>clera,</strong></span> <span class='ocrx_word' id='word_1_133' title='bbox 798 1418 886 1475; x_wconf 77' lang='lat' dir='ltr'><strong>Felix</strong></span> <span class='ocrx_word' id='word_1_134' title='bbox 898 1420 1070 1491; x_wconf 87' lang='lat' dir='ltr'><strong>praedictus</strong></span> <span class='ocrx_word' id='word_1_135' title='bbox 1081 1423 1236 1491; x_wconf 87' lang='lat' dir='ltr'><strong>episcopas</strong></span> <span class='ocrx_word' id='word_1_136' title='bbox 1248 1425 1302 1475; x_wconf 91' lang='lat' dir='ltr'><strong>etc.</strong></span> <span class='ocrx_word' id='word_1_137' title='bbox 1397 1418 1477 1473; x_wconf 89' lang='lat' dir='ltr'><strong>Ana·</strong></span> 
     </span>
     <span class='ocr_line' id='line_1_14' title="bbox 208 1501 1478 1577; baseline -0.002 -18"><span class='ocrx_word' id='word_1_138' title='bbox 208 1506 316 1559; x_wconf 90' lang='lat' dir='ltr'><strong>stasius</strong></span> <span class='ocrx_word' id='word_1_139' title='bbox 330 1506 483 1576; x_wconf 89' lang='lat' dir='ltr'><strong>episcopus</strong></span> <span class='ocrx_word' id='word_1_140' title='bbox 498 1506 640 1560; x_wconf 83' lang='lat' dir='ltr'><strong>recitarit.</strong></span> <span class='ocrx_word' id='word_1_141' title='bbox 664 1501 766 1570; x_wconf 82' lang='lat' dir='ltr'><strong>Quibus</strong></span> <span class='ocrx_word' id='word_1_142' title='bbox 782 1501 869 1559; x_wconf 83' lang='lat' dir='ltr'><strong>verbis</strong></span> <span class='ocrx_word' id='word_1_143' title='bbox 883 1504 1005 1577; x_wconf 88' lang='lat' dir='ltr'><strong>proxime</strong></span> <span class='ocrx_word' id='word_1_144' title='bbox 1020 1501 1177 1573; x_wconf 83' lang='lat' dir='ltr'><strong>subjicitur:</strong></span> <span class='ocrx_word' id='word_1_145' title='bbox 1194 1502 1395 1560; x_wconf 77' lang='lat' dir='ltr'><strong>Dilectissimis</strong></span> <span class='ocrx_word' id='word_1_146' title='bbox 1407 1502 1478 1575; x_wconf 86' lang='lat' dir='ltr'><strong>fra·</strong></span> 
     </span>
     <span class='ocr_line' id='line_1_15' title="bbox 209 1588 1480 1661; baseline -0.001 -17"><span class='ocrx_word' id='word_1_147' title='bbox 209 1589 301 1644; x_wconf 82' lang='lat' dir='ltr'><strong>tribus</strong></span> <span class='ocrx_word' id='word_1_148' title='bbox 316 1595 343 1645; x_wconf 90' lang='lat' dir='ltr'><strong>et</strong></span> <span class='ocrx_word' id='word_1_149' title='bbox 354 1590 497 1645; x_wconf 83' lang='lat' dir='ltr'><strong>universis</strong></span> <span class='ocrx_word' id='word_1_150' title='bbox 507 1591 652 1661; x_wconf 87' lang='lat' dir='ltr'><strong>episcopis</strong></span> <span class='ocrx_word' id='word_1_151' title='bbox 659 1605 718 1660; x_wconf 87' lang='lat' dir='ltr'><strong>per</strong></span> <span class='ocrx_word' id='word_1_152' title='bbox 727 1589 1036 1660; x_wconf 87' lang='lat' dir='ltr'><strong>diuersasprouincias</strong></span> <span class='ocrx_word' id='word_1_153' title='bbox 1048 1592 1210 1646; x_wconf 89' lang='lat' dir='ltr'><strong>constitutis</strong></span> <span class='ocrx_word' id='word_1_154' title='bbox 1221 1588 1309 1645; x_wconf 79' lang='lat' dir='ltr'><strong>Felix</strong></span> <span class='ocrx_word' id='word_1_155' title='bbox 1320 1591 1480 1661; x_wconf 88' lang='lat' dir='ltr'><strong>episcopas</strong></span> 
     </span>
     <span class='ocr_line' id='line_1_16' title="bbox 207 1671 1478 1748; baseline -0.002 -18"><span class='ocrx_word' id='word_1_156' title='bbox 207 1678 238 1730; x_wconf 89' lang='lat' dir='ltr'><strong>ia</strong></span> <span class='ocrx_word' id='word_1_157' title='bbox 253 1672 372 1730; x_wconf 90' lang='lat' dir='ltr'><strong>Domino</strong></span> <span class='ocrx_word' id='word_1_158' title='bbox 387 1675 518 1729; x_wconf 89' lang='lat' dir='ltr'><strong>salutem.</strong></span> <span class='ocrx_word' id='word_1_159' title='bbox 549 1671 609 1746; x_wconf 91' lang='lat' dir='ltr'><strong>lpsa</strong></span> <span class='ocrx_word' id='word_1_160' title='bbox 629 1674 708 1729; x_wconf 85' lang='lat' dir='ltr'><strong>etiam</strong></span> <span class='ocrx_word' id='word_1_161' title='bbox 723 1680 801 1747; x_wconf 78' lang='lat' dir='ltr'><strong>gesta</strong></span> <span class='ocrx_word' id='word_1_162' title='bbox 816 1674 922 1748; x_wconf 80' lang='lat' dir='ltr'><strong>integra</strong></span> <span class='ocrx_word' id='word_1_163' title='bbox 936 1675 963 1729; x_wconf 91' lang='lat' dir='ltr'><strong>in</strong></span> <span class='ocrx_word' id='word_1_164' title='bbox 979 1672 1135 1730; x_wconf 82' lang='lat' dir='ltr'><strong>tlolbertino</strong></span> <span class='ocrx_word' id='word_1_165' title='bbox 1154 1674 1219 1731; x_wconf 90' lang='lat' dir='ltr'><strong>item</strong></span> <span class='ocrx_word' id='word_1_166' title='bbox 1239 1672 1411 1730; x_wconf 91' lang='lat' dir='ltr'><strong>collectionis</strong></span> <span class='ocrx_word' id='word_1_167' title='bbox 1427 1671 1478 1728; x_wconf 87' lang='lat' dir='ltr'><strong>lsi·</strong></span> 
     </span>
     <span class='ocr_line' id='line_1_17' title="bbox 208 1756 1478 1833; baseline -0.002 -18"><span class='ocrx_word' id='word_1_168' title='bbox 208 1758 268 1815; x_wconf 88' lang='lat' dir='ltr'><strong>dori</strong></span> <span class='ocrx_word' id='word_1_169' title='bbox 283 1757 376 1814; x_wconf 89' lang='lat' dir='ltr'><strong>codice</strong></span> <span class='ocrx_word' id='word_1_170' title='bbox 391 1764 449 1815; x_wconf 88' lang='lat' dir='ltr'><strong>not.</strong></span> <span class='ocrx_word' id='word_1_171' title='bbox 467 1756 525 1815; x_wconf 87' lang='lat'><strong>351</strong></span> <span class='ocrx_word' id='word_1_172' title='bbox 543 1757 640 1814; x_wconf 89' lang='lat' dir='ltr'><strong>adsuto</strong></span> <span class='ocrx_word' id='word_1_173' title='bbox 655 1757 790 1815; x_wconf 89' lang='lat' dir='ltr'><strong>semilolio</strong></span> <span class='ocrx_word' id='word_1_174' title='bbox 806 1765 868 1814; x_wconf 86' lang='lat' dir='ltr'><strong>ante</strong></span> <span class='ocrx_word' id='word_1_175' title='bbox 884 1757 969 1814; x_wconf 79' lang='lat' dir='ltr'><strong>annos</strong></span> <span class='ocrx_word' id='word_1_176' title='bbox 985 1757 1047 1817; x_wconf 87' lang='grc'><strong>600</strong></span> <span class='ocrx_word' id='word_1_177' title='bbox 1062 1758 1188 1833; x_wconf 85' lang='lat' dir='ltr'><strong>suppleta</strong></span> <span class='ocrx_word' id='word_1_178' title='bbox 1204 1764 1279 1815; x_wconf 84' lang='lat' dir='ltr'><strong>sunt.</strong></span> <span class='ocrx_word' id='word_1_179' title='bbox 1299 1756 1337 1813; x_wconf 89' lang='lat' dir='ltr'><strong>lta</strong></span> <span class='ocrx_word' id='word_1_180' title='bbox 1352 1758 1379 1813; x_wconf 90' lang='lat' dir='ltr'><strong>in</strong></span> <span class='ocrx_word' id='word_1_181' title='bbox 1395 1758 1478 1813; x_wconf 88' lang='lat' dir='ltr'><strong>variis</strong></span> 
     </span>
     <span class='ocr_line' id='line_1_18' title="bbox 208 1841 1478 1917; baseline 0 -19"><span class='ocrx_word' id='word_1_182' title='bbox 208 1843 261 1899; x_wconf 92' lang='lat' dir='ltr'><strong>illis</strong></span> <span class='ocrx_word' id='word_1_183' title='bbox 282 1841 420 1899; x_wconf 89' lang='lat' dir='ltr'><strong>codicibus</strong></span> <span class='ocrx_word' id='word_1_184' title='bbox 440 1841 576 1917; x_wconf 85' lang='lat' dir='ltr'><strong>duplicem</strong></span> <span class='ocrx_word' id='word_1_185' title='bbox 597 1843 639 1899; x_wconf 89' lang='lat' dir='ltr'><strong>vel</strong></span> <span class='ocrx_word' id='word_1_186' title='bbox 662 1844 742 1899; x_wconf 88' lang='lat' dir='ltr'><strong>etiam</strong></span> <span class='ocrx_word' id='word_1_187' title='bbox 764 1842 896 1916; x_wconf 89' lang='lat' dir='ltr'><strong>triplicem</strong></span> <span class='ocrx_word' id='word_1_188' title='bbox 917 1842 1078 1900; x_wconf 78' lang='lat' dir='ltr'><strong>offendimus</strong></span> <span class='ocrx_word' id='word_1_189' title='bbox 1094 1842 1214 1914; x_wconf 85' lang='lat' dir='ltr'><strong>ejusdem</strong></span> <span class='ocrx_word' id='word_1_190' title='bbox 1230 1842 1363 1917; x_wconf 90' lang='lat' dir='ltr'><strong>epistolae</strong></span> <span class='ocrx_word' id='word_1_191' title='bbox 1379 1843 1478 1899; x_wconf 88' lang='lat' dir='ltr'><strong>inscri-</strong></span> 
     </span>
     <span class='ocr_line' id='line_1_19' title="bbox 208 1926 1476 2003; baseline -0.002 -18"><span class='ocrx_word' id='word_1_192' title='bbox 208 1926 343 2003; x_wconf 85' lang='lat' dir='ltr'><strong>ptionem:</strong></span> <span class='ocrx_word' id='word_1_193' title='bbox 370 1945 450 1984; x_wconf 83' lang='lat' dir='ltr'><strong>unam</strong></span> <span class='ocrx_word' id='word_1_194' title='bbox 471 1926 528 1984; x_wconf 89' lang='lat' dir='ltr'><strong>scil.</strong></span> <span class='ocrx_word' id='word_1_195' title='bbox 547 1929 633 1984; x_wconf 90' lang='lat' dir='ltr'><strong>minus</strong></span> <span class='ocrx_word' id='word_1_196' title='bbox 655 1944 808 2001; x_wconf 85' lang='lat' dir='ltr'><strong>expressam</strong></span> <span class='ocrx_word' id='word_1_197' title='bbox 829 1927 877 1984; x_wconf 88' lang='lat' dir='ltr'><strong>sed</strong></span> <span class='ocrx_word' id='word_1_198' title='bbox 899 1927 987 1984; x_wconf 90' lang='lat' dir='ltr'><strong>indice</strong></span> <span class='ocrx_word' id='word_1_199' title='bbox 1009 1945 1058 1984; x_wconf 91' lang='lat' dir='ltr'><strong>seu</strong></span> <span class='ocrx_word' id='word_1_200' title='bbox 1079 1929 1226 1985; x_wconf 87' lang='lat' dir='ltr'><strong>summario</strong></span> <span class='ocrx_word' id='word_1_201' title='bbox 1251 1927 1332 1984; x_wconf 90' lang='lat' dir='ltr'><strong>titulo</strong></span> <span class='ocrx_word' id='word_1_202' title='bbox 1354 1935 1476 1983; x_wconf 88' lang='lat' dir='ltr'><strong>notatam</strong></span> 
     </span>
     <span class='ocr_line' id='line_1_20' title="bbox 209 2011 1477 2087; baseline -0.001 -17"><span class='ocrx_word' id='word_1_203' title='bbox 209 2014 373 2087; x_wconf 78' lang='lat' dir='ltr'><strong>Africanae</strong></span> <span class='ocrx_word' id='word_1_204' title='bbox 381 2016 562 2086; x_wconf 83' lang='lat' dir='ltr'><strong>prouinciae,</strong></span> <span class='ocrx_word' id='word_1_205' title='bbox 579 2011 690 2069; x_wconf 86' lang='lat' dir='ltr'><strong>alteram</strong></span> <span class='ocrx_word' id='word_1_206' title='bbox 705 2016 849 2071; x_wconf 88' lang='lat' dir='ltr'><strong>uniuersis</strong></span> <span class='ocrx_word' id='word_1_207' title='bbox 863 2016 1008 2086; x_wconf 90' lang='lat' dir='ltr'><strong>episcopis</strong></span> <span class='ocrx_word' id='word_1_208' title='bbox 1015 2030 1072 2086; x_wconf 88' lang='lat' dir='ltr'><strong>per</strong></span> <span class='ocrx_word' id='word_1_209' title='bbox 1083 2016 1215 2070; x_wconf 88' lang='lat' dir='ltr'><strong>diuersas</strong></span> <span class='ocrx_word' id='word_1_210' title='bbox 1224 2016 1393 2086; x_wconf 83' lang='lat' dir='ltr'><strong>prouincias</strong></span> <span class='ocrx_word' id='word_1_211' title='bbox 1406 2028 1477 2069; x_wconf 89' lang='lat' dir='ltr'><strong>con·</strong></span> 
     </span>
     <span class='ocr_line' id='line_1_21' title="bbox 208 2096 1478 2175; baseline -0.002 -20"><span class='ocrx_word' id='word_1_212' title='bbox 208 2102 324 2175; x_wconf 69' lang='lat' dir='ltr'><strong>stantis,</strong></span> <span class='ocrx_word' id='word_1_213' title='bbox 340 2104 503 2175; x_wconf 82' lang='lat' dir='ltr'><strong>postremam</strong></span> <span class='ocrx_word' id='word_1_214' title='bbox 519 2101 664 2171; x_wconf 90' lang='lat' dir='ltr'><strong>episcopis</strong></span> <span class='ocrx_word' id='word_1_215' title='bbox 680 2114 737 2172; x_wconf 91' lang='lat' dir='ltr'><strong>per</strong></span> <span class='ocrx_word' id='word_1_216' title='bbox 752 2098 889 2156; x_wconf 88' lang='lat' dir='ltr'><strong>Siciliam.</strong></span> <span class='ocrx_word' id='word_1_217' title='bbox 926 2096 1067 2165; x_wconf 81' lang='lat' dir='ltr'><strong>Quomodo</strong></span> <span class='ocrx_word' id='word_1_218' title='bbox 1089 2115 1152 2155; x_wconf 87' lang='lat' dir='ltr'><strong>vero</strong></span> <span class='ocrx_word' id='word_1_219' title='bbox 1174 2099 1300 2172; x_wconf 90' lang='lat' dir='ltr'><strong>componi</strong></span> <span class='ocrx_word' id='word_1_220' title='bbox 1322 2105 1404 2172; x_wconf 81' lang='lat' dir='ltr'><strong>queat</strong></span> <span class='ocrx_word' id='word_1_221' title='bbox 1425 2098 1478 2153; x_wconf 89' lang='lat' dir='ltr'><strong>ista</strong></span> 
     </span>
     <span class='ocr_line' id='line_1_22' title="bbox 211 2181 1478 2259; baseline 0.001 -22"><span class='ocrx_word' id='word_1_222' title='bbox 211 2183 341 2240; x_wconf 74' lang='lat' dir='ltr'><strong>sanetas?</strong></span> <span class='ocrx_word' id='word_1_223' title='bbox 370 2182 405 2239; x_wconf 90' lang='lat' dir='ltr'><strong>Ut</strong></span> <span class='ocrx_word' id='word_1_224' title='bbox 419 2182 473 2240; x_wconf 86' lang='lat' dir='ltr'><strong>lroc</strong></span> <span class='ocrx_word' id='word_1_225' title='bbox 486 2190 658 2258; x_wconf 87' lang='lat' dir='ltr'><strong>perspectum</strong></span> <span class='ocrx_word' id='word_1_226' title='bbox 674 2182 812 2247; x_wconf 86' lang='lat' dir='ltr'><strong>habeatur,</strong></span> <span class='ocrx_word' id='word_1_227' title='bbox 828 2186 1058 2259; x_wconf 90' lang='lat' dir='ltr'><strong>operaepretium</strong></span> <span class='ocrx_word' id='word_1_228' title='bbox 1074 2192 1129 2248; x_wconf 90' lang='lat' dir='ltr'><strong>est,</strong></span> <span class='ocrx_word' id='word_1_229' title='bbox 1146 2201 1215 2258; x_wconf 89' lang='lat' dir='ltr'><strong>quae</strong></span> <span class='ocrx_word' id='word_1_230' title='bbox 1230 2182 1376 2258; x_wconf 77' lang='lat' dir='ltr'><strong>synodicae</strong></span> <span class='ocrx_word' id='word_1_231' title='bbox 1390 2181 1478 2254; x_wconf 72' lang='lat' dir='ltr'><strong>huius</strong></span> 
     </span>
     <span class='ocr_line' id='line_1_23' title="bbox 209 2267 1059 2343; baseline 0.002 -19"><span class='ocrx_word' id='word_1_232' title='bbox 209 2268 340 2343; x_wconf 86' lang='lat' dir='ltr'><strong>epistolae</strong></span> <span class='ocrx_word' id='word_1_233' title='bbox 355 2267 565 2326; x_wconf 80' lang='lat' dir='ltr'><strong>conscribendae</strong></span> <span class='ocrx_word' id='word_1_234' title='bbox 581 2270 686 2326; x_wconf 86' lang='lat' dir='ltr'><strong>occasio</strong></span> <span class='ocrx_word' id='word_1_235' title='bbox 702 2269 793 2332; x_wconf 85' lang='lat' dir='ltr'><strong>luerit,</strong></span> <span class='ocrx_word' id='word_1_236' title='bbox 811 2270 903 2342; x_wconf 77' lang='lat' dir='ltr'><strong>pauds</strong></span> <span class='ocrx_word' id='word_1_237' title='bbox 918 2269 1059 2343; x_wconf 78' lang='lat' dir='ltr'><strong>explicare.</strong></span> 
     </span>
    </p>
   </div>
   <div class='ocr_carea' id='block_1_3' title="bbox 207 2377 1482 4325">
    <p class='ocr_par' dir='ltr' id='par_1_3' title="bbox 207 2377 1482 4325">
     <span class='ocr_line' id='line_1_24' title="bbox 296 2377 1478 2455; baseline 0 -19"><span class='ocrx_word' id='word_1_238' title='bbox 296 2378 324 2436; x_wconf 79' lang='lat'><strong>2.</strong></span> <span class='ocrx_word' id='word_1_239' title='bbox 355 2379 446 2436; x_wconf 91' lang='lat' dir='ltr'><strong>Victor</strong></span> <span class='ocrx_word' id='word_1_240' title='bbox 461 2379 577 2437; x_wconf 84' lang='lat' dir='ltr'><strong>Vitensis</strong></span> <span class='ocrx_word' id='word_1_241' title='bbox 593 2380 656 2436; x_wconf 90' lang='lat' dir='ltr'><strong>hist.</strong></span> <span class='ocrx_word' id='word_1_242' title='bbox 673 2395 777 2454; x_wconf 89' lang='lat' dir='ltr'><strong>perseo.</strong></span> <span class='ocrx_word' id='word_1_243' title='bbox 794 2378 878 2435; x_wconf 89' lang='lat' dir='ltr'><strong>Vand.</strong></span> <span class='ocrx_word' id='word_1_244' title='bbox 895 2377 914 2434; x_wconf 89' lang='lat' dir='ltr'><strong>l.</strong></span> <span class='ocrx_word' id='word_1_245' title='bbox 932 2378 961 2441; x_wconf 87' lang='lat' dir='ltr'><strong>V,</strong></span> <span class='ocrx_word' id='word_1_246' title='bbox 979 2378 1018 2436; x_wconf 85' lang='lat'><strong>13</strong></span> <span class='ocrx_word' id='word_1_247' title='bbox 1034 2381 1241 2454; x_wconf 86' lang='lat' dir='ltr'><strong>persecutionis,</strong></span> <span class='ocrx_word' id='word_1_248' title='bbox 1264 2396 1343 2455; x_wconf 88' lang='lat' dir='ltr'><strong>quam</strong></span> <span class='ocrx_word' id='word_1_249' title='bbox 1359 2377 1478 2436; x_wconf 87' lang='lat' dir='ltr'><strong>lluneri·</strong></span> 
     </span>
     <span class='ocr_line' id='line_1_25' title="bbox 209 2464 1481 2539; baseline -0.001 -17"><span class='ocrx_word' id='word_1_250' title='bbox 209 2482 257 2522; x_wconf 88' lang='lat' dir='ltr'><strong>cus</strong></span> <span class='ocrx_word' id='word_1_251' title='bbox 272 2482 320 2522; x_wconf 88' lang='lat' dir='ltr'><strong>rex</strong></span> <span class='ocrx_word' id='word_1_252' title='bbox 340 2465 368 2520; x_wconf 92' lang='lat' dir='ltr'><strong>in</strong></span> <span class='ocrx_word' id='word_1_253' title='bbox 383 2464 472 2521; x_wconf 79' lang='lat' dir='ltr'><strong>Africa</strong></span> <span class='ocrx_word' id='word_1_254' title='bbox 492 2466 614 2539; x_wconf 87' lang='lat' dir='ltr'><strong>proxime</strong></span> <span class='ocrx_word' id='word_1_255' title='bbox 635 2466 771 2528; x_wconf 87' lang='lat' dir='ltr'><strong>excitarat,</strong></span> <span class='ocrx_word' id='word_1_256' title='bbox 792 2466 951 2539; x_wconf 79' lang='lat' dir='ltr'><strong>gravitatem</strong></span> <span class='ocrx_word' id='word_1_257' title='bbox 969 2480 1122 2539; x_wconf 73' lang='lat' dir='ltr'><strong>exponens,</strong></span> <span class='ocrx_word' id='word_1_258' title='bbox 1138 2473 1205 2535; x_wconf 89' lang='lat' dir='ltr'><strong>tum,</strong></span> <span class='ocrx_word' id='word_1_259' title='bbox 1228 2466 1324 2538; x_wconf 88' lang='lat' dir='ltr'><strong>inquit.</strong></span> <span class='ocrx_word' id='word_1_260' title='bbox 1351 2465 1481 2521; x_wconf 86' lang='lat' dir='ltr'><strong>Vandali</strong></span> 
     </span>
     <span class='ocr_line' id='line_1_26' title="bbox 210 2550 1480 2624; baseline -0.002 -16"><span class='ocrx_word' id='word_1_261' title='bbox 210 2552 313 2624; x_wconf 85' lang='lat' dir='ltr'><strong>ubique</strong></span> <span class='ocrx_word' id='word_1_262' title='bbox 334 2551 499 2608; x_wconf 88' lang='lat' dir='ltr'><strong>obsidebant</strong></span> <span class='ocrx_word' id='word_1_263' title='bbox 518 2554 633 2621; x_wconf 87' lang='lat' dir='ltr'><strong>itinera,</strong></span> <span class='ocrx_word' id='word_1_264' title='bbox 656 2557 688 2608; x_wconf 88' lang='lat' dir='ltr'><strong>ut</strong></span> <span class='ocrx_word' id='word_1_265' title='bbox 707 2557 893 2607; x_wconf 90' lang='lat' dir='ltr'><strong>transeuntes</strong></span> <span class='ocrx_word' id='word_1_266' title='bbox 914 2550 1139 2622; x_wconf 81' lang='lat' dir='ltr'><strong>rebaptizandos</strong></span> <span class='ocrx_word' id='word_1_267' title='bbox 1160 2552 1201 2607; x_wconf 82' lang='lat' dir='ltr'><strong>ad</strong></span> <span class='ocrx_word' id='word_1_268' title='bbox 1219 2551 1386 2607; x_wconf 83' lang='lat' dir='ltr'><strong>sacerdotes</strong></span> <span class='ocrx_word' id='word_1_269' title='bbox 1407 2566 1480 2607; x_wconf 86' lang='lat' dir='ltr'><strong>snos</strong></span> 
     </span>
     <span class='ocr_line' id='line_1_27' title="bbox 210 2637 1482 2710; baseline 0 -18"><span class='ocrx_word' id='word_1_270' title='bbox 210 2638 396 2706; x_wconf 85' lang='lat' dir='ltr'><strong>adducerent,</strong></span> <span class='ocrx_word' id='word_1_271' title='bbox 413 2651 467 2692; x_wconf 91' lang='lat' dir='ltr'><strong>nee</strong></span> <span class='ocrx_word' id='word_1_272' title='bbox 482 2638 549 2693; x_wconf 87' lang='lat' dir='ltr'><strong>allis</strong></span> <span class='ocrx_word' id='word_1_273' title='bbox 563 2640 621 2693; x_wconf 86' lang='lat' dir='ltr'><strong>siae</strong></span> <span class='ocrx_word' id='word_1_274' title='bbox 631 2639 758 2707; x_wconf 84' lang='lat' dir='ltr'><strong>priuatis</strong></span> <span class='ocrx_word' id='word_1_275' title='bbox 772 2640 831 2692; x_wconf 70' lang='lat' dir='ltr'><strong>ave</strong></span> <span class='ocrx_word' id='word_1_276' title='bbox 846 2637 1071 2709; x_wconf 82' lang='lat' dir='ltr'><strong>nepotiatoribus</strong></span> <span class='ocrx_word' id='word_1_277' title='bbox 1085 2653 1228 2710; x_wconf 85' lang='lat' dir='ltr'><strong>quoquam</strong></span> <span class='ocrx_word' id='word_1_278' title='bbox 1244 2637 1379 2706; x_wconf 89' lang='lat' dir='ltr'><strong>transire,</strong></span> <span class='ocrx_word' id='word_1_279' title='bbox 1402 2637 1482 2692; x_wconf 84' lang='lat' dir='ltr'><strong>nulli</strong></span> 
     </span>
     <span class='ocr_line' id='line_1_28' title="bbox 211 2720 1479 2795; baseline -0.002 -18"><span class='ocrx_word' id='word_1_280' title='bbox 211 2723 320 2795; x_wconf 81' lang='lat' dir='ltr'><strong>aliquid</strong></span> <span class='ocrx_word' id='word_1_281' title='bbox 333 2722 456 2785; x_wconf 87' lang='lat' dir='ltr'><strong>uendere</strong></span> <span class='ocrx_word' id='word_1_282' title='bbox 472 2723 514 2778; x_wconf 88' lang='lat' dir='ltr'><strong>vel</strong></span> <span class='ocrx_word' id='word_1_283' title='bbox 530 2736 624 2778; x_wconf 89' lang='lat' dir='ltr'><strong>emere</strong></span> <span class='ocrx_word' id='word_1_284' title='bbox 638 2722 758 2792; x_wconf 86' lang='lat' dir='ltr'><strong>licebat,</strong></span> <span class='ocrx_word' id='word_1_285' title='bbox 782 2724 840 2778; x_wconf 90' lang='lat' dir='ltr'><strong>nisi</strong></span> <span class='ocrx_word' id='word_1_286' title='bbox 855 2736 932 2792; x_wconf 87' lang='lat' dir='ltr'><strong>prae</strong></span> <span class='ocrx_word' id='word_1_287' title='bbox 952 2735 984 2776; x_wconf 90' lang='lat' dir='ltr'><strong>se</strong></span> <span class='ocrx_word' id='word_1_288' title='bbox 995 2720 1114 2793; x_wconf 87' lang='lat' dir='ltr'><strong>ferrent</strong></span> <span class='ocrx_word' id='word_1_289' title='bbox 1129 2724 1315 2793; x_wconf 77' lang='lat' dir='ltr'><strong>scripturam,</strong></span> <span class='ocrx_word' id='word_1_290' title='bbox 1333 2735 1410 2793; x_wconf 82' lang='lat' dir='ltr'><strong>qaae</strong></span> <span class='ocrx_word' id='word_1_291' title='bbox 1426 2735 1479 2776; x_wconf 90' lang='lat' dir='ltr'><strong>eos</strong></span> 
     </span>
     <span class='ocr_line' id='line_1_29' title="bbox 210 2806 1480 2880; baseline -0.002 -17"><span class='ocrx_word' id='word_1_292' title='bbox 210 2808 407 2880; x_wconf 77' lang='lat' dir='ltr'><strong>rebaptizatos</strong></span> <span class='ocrx_word' id='word_1_293' title='bbox 428 2821 491 2863; x_wconf 90' lang='lat' dir='ltr'><strong>esse</strong></span> <span class='ocrx_word' id='word_1_294' title='bbox 511 2807 596 2879; x_wconf 76' lang='lat' dir='ltr'><strong>fidem</strong></span> <span class='ocrx_word' id='word_1_295' title='bbox 613 2807 733 2878; x_wconf 89' lang='lat' dir='ltr'><strong>faceret</strong></span> <span class='ocrx_word' id='word_1_296' title='bbox 833 2806 898 2877; x_wconf 83' lang='lat' dir='ltr'><strong>ipsi</strong></span> <span class='ocrx_word' id='word_1_297' title='bbox 918 2809 1004 2862; x_wconf 84' lang='lat' dir='ltr'><strong>etiam</strong></span> <span class='ocrx_word' id='word_1_298' title='bbox 1025 2808 1156 2879; x_wconf 84' lang='lat' dir='ltr'><strong>ejusdem</strong></span> <span class='ocrx_word' id='word_1_299' title='bbox 1176 2813 1275 2863; x_wconf 90' lang='lat' dir='ltr'><strong>sectae</strong></span> <span class='ocrx_word' id='word_1_300' title='bbox 1297 2809 1430 2878; x_wconf 84' lang='lat' dir='ltr'><strong>episcopi</strong></span> <span class='ocrx_word' id='word_1_301' title='bbox 1448 2812 1480 2861; x_wconf 88' lang='lat' dir='ltr'><strong>et</strong></span> 
     </span>
     <span class='ocr_line' id='line_1_30' title="bbox 207 2893 1476 2965; baseline -0.002 -18"><span class='ocrx_word' id='word_1_302' title='bbox 207 2893 373 2965; x_wconf 77' lang='lat' dir='ltr'><strong>presbyteri</strong></span> <span class='ocrx_word' id='word_1_303' title='bbox 393 2908 457 2948; x_wconf 91' lang='lat' dir='ltr'><strong>cum</strong></span> <span class='ocrx_word' id='word_1_304' title='bbox 477 2898 655 2949; x_wconf 89' lang='lat' dir='ltr'><strong>armatorum</strong></span> <span class='ocrx_word' id='word_1_305' title='bbox 675 2910 762 2949; x_wconf 90' lang='lat' dir='ltr'><strong>manu</strong></span> <span class='ocrx_word' id='word_1_306' title='bbox 782 2894 934 2948; x_wconf 82' lang='lat' dir='ltr'><strong>nactnmis</strong></span> <span class='ocrx_word' id='word_1_307' title='bbox 950 2893 1123 2963; x_wconf 89' lang='lat' dir='ltr'><strong>temporibus</strong></span> <span class='ocrx_word' id='word_1_308' title='bbox 1143 2895 1220 2965; x_wconf 86' lang='lat' dir='ltr'><strong>aicps</strong></span> <span class='ocrx_word' id='word_1_309' title='bbox 1235 2898 1263 2948; x_wconf 89' lang='lat' dir='ltr'><strong>et</strong></span> <span class='ocrx_word' id='word_1_310' title='bbox 1278 2893 1400 2948; x_wconf 89' lang='lat' dir='ltr'><strong>castella</strong></span> <span class='ocrx_word' id='word_1_311' title='bbox 1417 2893 1476 2946; x_wconf 89' lang='lat' dir='ltr'><strong>eir-</strong></span> 
     </span>
     <span class='ocr_line' id='line_1_31' title="bbox 211 2979 1476 3051; baseline -0.002 -18"><span class='ocrx_word' id='word_1_312' title='bbox 211 2979 411 3036; x_wconf 89' lang='lat' dir='ltr'><strong>cnibant....</strong></span> <span class='ocrx_word' id='word_1_313' title='bbox 434 2983 467 3033; x_wconf 84' lang='lat' dir='ltr'><strong>ei</strong></span> <span class='ocrx_word' id='word_1_314' title='bbox 488 2994 576 3051; x_wconf 83' lang='lat' dir='ltr'><strong>qaas</strong></span> <span class='ocrx_word' id='word_1_315' title='bbox 596 2979 686 3035; x_wconf 91' lang='lat' dir='ltr'><strong>domi</strong></span> <span class='ocrx_word' id='word_1_316' title='bbox 706 2983 942 3049; x_wconf 85' lang='lat' dir='ltr'><strong>repererant,</strong></span> <span class='ocrx_word' id='word_1_317' title='bbox 965 2980 1074 3033; x_wconf 90' lang='lat' dir='ltr'><strong>etiam</strong></span> <span class='ocrx_word' id='word_1_318' title='bbox 1093 2980 1127 3033; x_wconf 88' lang='lat' dir='ltr'><strong>in</strong></span> <span class='ocrx_word' id='word_1_319' title='bbox 1146 2979 1300 3034; x_wconf 90' lang='lat' dir='ltr'><strong>lectulis</strong></span> <span class='ocrx_word' id='word_1_320' title='bbox 1317 2992 1476 3048; x_wconf 89' lang='lat' dir='ltr'><strong>sopora·</strong></span> 
     </span>
     <span class='ocr_line' id='line_1_32' title="bbox 211 3063 1476 3136; baseline -0.002 -17"><span class='ocrx_word' id='word_1_321' title='bbox 211 3071 280 3129; x_wconf 90' lang='lat' dir='ltr'><strong>tos,</strong></span> <span class='ocrx_word' id='word_1_322' title='bbox 308 3065 418 3119; x_wconf 89' lang='lat' dir='ltr'><strong>imbre</strong></span> <span class='ocrx_word' id='word_1_323' title='bbox 443 3065 547 3136; x_wconf 79' lang='lat' dir='ltr'><strong>ipneo</strong></span> <span class='ocrx_word' id='word_1_324' title='bbox 574 3070 606 3119; x_wconf 90' lang='lat' dir='ltr'><strong>et</strong></span> <span class='ocrx_word' id='word_1_325' title='bbox 625 3063 803 3136; x_wconf 89' lang='lat' dir='ltr'><strong>fulmineo</strong></span> <span class='ocrx_word' id='word_1_326' title='bbox 830 3069 1092 3136; x_wconf 78' lang='lat' dir='ltr'><strong>resperpentes</strong></span> <span class='ocrx_word' id='word_1_327' title='bbox 1116 3064 1353 3119; x_wconf 89' lang='lat' dir='ltr'><strong>daemoniaca</strong></span> <span class='ocrx_word' id='word_1_328' title='bbox 1375 3064 1476 3118; x_wconf 88' lang='lat' dir='ltr'><strong>aoei-</strong></span> 
     </span>
     <span class='ocr_line' id='line_1_33' title="bbox 208 3146 1477 3220; baseline -0.002 -16"><span class='ocrx_word' id='word_1_329' title='bbox 208 3146 654 3220; x_wconf 85' lang='lat' dir='ltr'><strong>ferationerristianos</strong></span> <span class='ocrx_word' id='word_1_330' title='bbox 673 3147 1068 3205; x_wconf 87' lang='lat' dir='ltr'><strong>suosuocitabant....</strong></span> <span class='ocrx_word' id='word_1_331' title='bbox 1103 3148 1477 3204; x_wconf 84' lang='lat' dir='ltr'><strong>Tantaaeroerateorum</strong></span> 
     </span>
     <span class='ocr_line' id='line_1_34' title="bbox 208 3232 1476 3306; baseline -0.002 -17"><span class='ocrx_word' id='word_1_332' title='bbox 208 3237 358 3304; x_wconf 81' lang='lat' dir='ltr'><strong>protervia</strong></span> <span class='ocrx_word' id='word_1_333' title='bbox 380 3238 461 3288; x_wconf 90' lang='lat' dir='ltr'><strong>tanta</strong></span> <span class='ocrx_word' id='word_1_334' title='bbox 483 3235 630 3296; x_wconf 80' lang='lat' dir='ltr'><strong>aialernia,</strong></span> <span class='ocrx_word' id='word_1_335' title='bbox 653 3239 684 3290; x_wconf 90' lang='lat' dir='ltr'><strong>ut</strong></span> <span class='ocrx_word' id='word_1_336' title='bbox 706 3237 860 3305; x_wconf 89' lang='lat' dir='ltr'><strong>episcopus</strong></span> <span class='ocrx_word' id='word_1_337' title='bbox 875 3234 989 3306; x_wconf 83' lang='lat' dir='ltr'><strong>quidam</strong></span> <span class='ocrx_word' id='word_1_338' title='bbox 1001 3239 1202 3305; x_wconf 82' lang='lat' dir='ltr'><strong>praestantem</strong></span> <span class='ocrx_word' id='word_1_339' title='bbox 1218 3235 1359 3290; x_wconf 87' lang='lat' dir='ltr'><strong>eeclesiae</strong></span> <span class='ocrx_word' id='word_1_340' title='bbox 1374 3232 1476 3288; x_wconf 86' lang='lat' dir='ltr'><strong>calbo·</strong></span> 
     </span>
     <span class='ocr_line' id='line_1_35' title="bbox 209 3318 1478 3392; baseline -0.001 -19"><span class='ocrx_word' id='word_1_341' title='bbox 209 3321 286 3374; x_wconf 88' lang='lat' dir='ltr'><strong>liene</strong></span> <span class='ocrx_word' id='word_1_342' title='bbox 304 3320 485 3390; x_wconf 82' lang='lat' dir='ltr'><strong>praesulem,</strong></span> <span class='ocrx_word' id='word_1_343' title='bbox 516 3318 696 3374; x_wconf 82' lang='lat' dir='ltr'><strong>Habetdeum</strong></span> <span class='ocrx_word' id='word_1_344' title='bbox 717 3321 837 3386; x_wconf 88' lang='lat' dir='ltr'><strong>nomine,</strong></span> <span class='ocrx_word' id='word_1_345' title='bbox 856 3318 979 3389; x_wconf 90' lang='lat' dir='ltr'><strong>pedibas</strong></span> <span class='ocrx_word' id='word_1_346' title='bbox 1000 3319 1188 3391; x_wconf 88' lang='lat' dir='ltr'><strong>manibusque</strong></span> <span class='ocrx_word' id='word_1_347' title='bbox 1214 3319 1355 3392; x_wconf 79' lang='lat' dir='ltr'><strong>collipatis</strong></span> <span class='ocrx_word' id='word_1_348' title='bbox 1375 3323 1403 3373; x_wconf 88' lang='lat' dir='ltr'><strong>et</strong></span> <span class='ocrx_word' id='word_1_349' title='bbox 1423 3332 1478 3372; x_wconf 86' lang='lat' dir='ltr'><strong>ore</strong></span> 
     </span>
     <span class='ocr_line' id='line_1_36' title="bbox 211 3403 1478 3478; baseline -0.002 -18"><span class='ocrx_word' id='word_1_350' title='bbox 211 3403 343 3460; x_wconf 87' lang='lat' dir='ltr'><strong>obturata</strong></span> <span class='ocrx_word' id='word_1_351' title='bbox 364 3417 400 3459; x_wconf 92' lang='lat' dir='ltr'><strong>ne</strong></span> <span class='ocrx_word' id='word_1_352' title='bbox 421 3405 574 3473; x_wconf 83' lang='lat' dir='ltr'><strong>clamaret,</strong></span> <span class='ocrx_word' id='word_1_353' title='bbox 606 3403 798 3459; x_wconf 75' lang='lat' dir='ltr'><strong>Christianum</strong></span> <span class='ocrx_word' id='word_1_354' title='bbox 821 3418 852 3458; x_wconf 91' lang='lat' dir='ltr'><strong>se</strong></span> <span class='ocrx_word' id='word_1_355' title='bbox 878 3403 1013 3475; x_wconf 77' lang='lat' dir='ltr'><strong>effecisse</strong></span> <span class='ocrx_word' id='word_1_356' title='bbox 1040 3406 1228 3478; x_wconf 67' lang='lat' dir='ltr'><strong>ploraretur,</strong></span> <span class='ocrx_word' id='word_1_357' title='bbox 1260 3404 1323 3477; x_wconf 88' lang='lat' dir='ltr'><strong>quia</strong></span> <span class='ocrx_word' id='word_1_358' title='bbox 1344 3419 1478 3475; x_wconf 82' lang='lat' dir='ltr'><strong>aquam</strong></span> 
     </span>
     <span class='ocr_line' id='line_1_37' title="bbox 212 3487 1476 3560; baseline 0 -18"><span class='ocrx_word' id='word_1_359' title='bbox 212 3488 523 3558; x_wconf 79' lang='lat' dir='ltr'><strong>rebaptizationis</strong></span> <span class='ocrx_word' id='word_1_360' title='bbox 542 3491 635 3559; x_wconf 88' lang='lat' dir='ltr'><strong>ipsius</strong></span> <span class='ocrx_word' id='word_1_361' title='bbox 655 3491 775 3560; x_wconf 89' lang='lat' dir='ltr'><strong>corpori</strong></span> <span class='ocrx_word' id='word_1_362' title='bbox 793 3487 956 3558; x_wconf 83' lang='lat' dir='ltr'><strong>infudisset.</strong></span> <span class='ocrx_word' id='word_1_363' title='bbox 996 3490 1033 3544; x_wconf 87' lang='lat' dir='ltr'><strong>At</strong></span> <span class='ocrx_word' id='word_1_364' title='bbox 1053 3507 1110 3546; x_wconf 89' lang='lat' dir='ltr'><strong>non</strong></span> <span class='ocrx_word' id='word_1_365' title='bbox 1130 3503 1227 3546; x_wconf 90' lang='lat' dir='ltr'><strong>omnes</strong></span> <span class='ocrx_word' id='word_1_366' title='bbox 1249 3504 1285 3545; x_wconf 91' lang='lat' dir='ltr'><strong>ea</strong></span> <span class='ocrx_word' id='word_1_367' title='bbox 1301 3489 1476 3560; x_wconf 85' lang='lat' dir='ltr'><strong>constantia,</strong></span> 
     </span>
     <span class='ocr_line' id='line_1_38' title="bbox 211 3573 1477 3648; baseline 0 -20"><span class='ocrx_word' id='word_1_368' title='bbox 211 3591 269 3646; x_wconf 87' lang='lat' dir='ltr'><strong>qua</strong></span> <span class='ocrx_word' id='word_1_369' title='bbox 283 3575 404 3645; x_wconf 83' lang='lat' dir='ltr'><strong>insipnis</strong></span> <span class='ocrx_word' id='word_1_370' title='bbox 418 3574 466 3628; x_wconf 89' lang='lat' dir='ltr'><strong>ille</strong></span> <span class='ocrx_word' id='word_1_371' title='bbox 478 3574 611 3645; x_wconf 89' lang='lat' dir='ltr'><strong>praesul,</strong></span> <span class='ocrx_word' id='word_1_372' title='bbox 627 3573 704 3629; x_wconf 89' lang='lat' dir='ltr'><strong>bane</strong></span> <span class='ocrx_word' id='word_1_373' title='bbox 719 3574 893 3646; x_wconf 85' lang='lat' dir='ltr'><strong>sacrilepam</strong></span> <span class='ocrx_word' id='word_1_374' title='bbox 908 3591 1015 3646; x_wconf 82' lang='lat' dir='ltr'><strong>aquam</strong></span> <span class='ocrx_word' id='word_1_375' title='bbox 1030 3576 1231 3647; x_wconf 86' lang='lat' dir='ltr'><strong>repulsarunt.</strong></span> <span class='ocrx_word' id='word_1_376' title='bbox 1262 3574 1363 3648; x_wconf 82' lang='lat' dir='ltr'><strong>Neque</strong></span> <span class='ocrx_word' id='word_1_377' title='bbox 1378 3579 1477 3629; x_wconf 88' lang='lat' dir='ltr'><strong>tamen</strong></span> 
     </span>
     <span class='ocr_line' id='line_1_39' title="bbox 211 3659 1477 3733; baseline 0.001 -21"><span class='ocrx_word' id='word_1_378' title='bbox 211 3670 259 3714; x_wconf 86' lang='lat' dir='ltr'><strong>aas</strong></span> <span class='ocrx_word' id='word_1_379' title='bbox 275 3660 368 3726; x_wconf 90' lang='lat' dir='ltr'><strong>etiam,</strong></span> <span class='ocrx_word' id='word_1_380' title='bbox 385 3661 436 3730; x_wconf 85' lang='lat' dir='ltr'><strong>qui</strong></span> <span class='ocrx_word' id='word_1_381' title='bbox 448 3660 554 3729; x_wconf 89' lang='lat' dir='ltr'><strong>impiae</strong></span> <span class='ocrx_word' id='word_1_382' title='bbox 569 3662 688 3731; x_wconf 73' lang='lat' dir='ltr'><strong>tyranni</strong></span> <span class='ocrx_word' id='word_1_383' title='bbox 702 3660 842 3714; x_wconf 85' lang='lat' dir='ltr'><strong>voluntati</strong></span> <span class='ocrx_word' id='word_1_384' title='bbox 856 3666 1014 3730; x_wconf 91' lang='lat' dir='ltr'><strong>cesserant,</strong></span> <span class='ocrx_word' id='word_1_385' title='bbox 1032 3663 1143 3733; x_wconf 85' lang='lat' dir='ltr'><strong>quietos</strong></span> <span class='ocrx_word' id='word_1_386' title='bbox 1159 3674 1221 3716; x_wconf 89' lang='lat' dir='ltr'><strong>esse</strong></span> <span class='ocrx_word' id='word_1_387' title='bbox 1231 3662 1295 3716; x_wconf 86' lang='lat' dir='ltr'><strong>sinit</strong></span> <span class='ocrx_word' id='word_1_388' title='bbox 1308 3659 1477 3715; x_wconf 87' lang='lat' dir='ltr'><strong>turbulenta</strong></span> 
     </span>
     <span class='ocr_line' id='line_1_40' title="bbox 211 3743 1478 3817; baseline 0.001 -19"><span class='ocrx_word' id='word_1_389' title='bbox 211 3758 317 3800; x_wconf 77' lang='lat' dir='ltr'><strong>sacenae</strong></span> <span class='ocrx_word' id='word_1_390' title='bbox 327 3745 543 3814; x_wconf 90' lang='lat' dir='ltr'><strong>persecutionis</strong></span> <span class='ocrx_word' id='word_1_391' title='bbox 554 3745 700 3815; x_wconf 86' lang='lat' dir='ltr'><strong>procella.</strong></span> <span class='ocrx_word' id='word_1_392' title='bbox 728 3743 806 3800; x_wconf 86' lang='lat' dir='ltr'><strong>Hinc</strong></span> <span class='ocrx_word' id='word_1_393' title='bbox 822 3745 944 3815; x_wconf 89' lang='lat' dir='ltr'><strong>plurimi</strong></span> <span class='ocrx_word' id='word_1_394' title='bbox 961 3747 1086 3816; x_wconf 87' lang='lat' dir='ltr'><strong>primam</strong></span> <span class='ocrx_word' id='word_1_395' title='bbox 1103 3760 1161 3817; x_wconf 89' lang='lat' dir='ltr'><strong>per</strong></span> <span class='ocrx_word' id='word_1_396' title='bbox 1182 3747 1293 3802; x_wconf 86' lang='lat' dir='ltr'><strong>uicinas</strong></span> <span class='ocrx_word' id='word_1_397' title='bbox 1314 3761 1351 3801; x_wconf 92' lang='lat' dir='ltr'><strong>ac</strong></span> <span class='ocrx_word' id='word_1_398' title='bbox 1370 3744 1478 3800; x_wconf 76' lang='lat' dir='ltr'><strong>danae</strong></span> 
     </span>
     <span class='ocr_line' id='line_1_41' title="bbox 209 3826 1477 3904; baseline -0.001 -20"><span class='ocrx_word' id='word_1_399' title='bbox 209 3843 265 3900; x_wconf 92' lang='lat' dir='ltr'><strong>per</strong></span> <span class='ocrx_word' id='word_1_400' title='bbox 284 3829 360 3884; x_wconf 88' lang='lat' dir='ltr'><strong>alias</strong></span> <span class='ocrx_word' id='word_1_401' title='bbox 375 3832 467 3900; x_wconf 92' lang='lat' dir='ltr'><strong>paulo</strong></span> <span class='ocrx_word' id='word_1_402' title='bbox 482 3831 651 3886; x_wconf 87' lang='lat' dir='ltr'><strong>remotiores</strong></span> <span class='ocrx_word' id='word_1_403' title='bbox 660 3831 831 3901; x_wconf 86' lang='lat' dir='ltr'><strong>prouincias</strong></span> <span class='ocrx_word' id='word_1_404' title='bbox 852 3830 969 3902; x_wconf 83' lang='lat' dir='ltr'><strong>disjecti</strong></span> <span class='ocrx_word' id='word_1_405' title='bbox 986 3832 1176 3904; x_wconf 85' lang='lat' dir='ltr'><strong>dispersique.</strong></span> <span class='ocrx_word' id='word_1_406' title='bbox 1219 3828 1349 3897; x_wconf 81' lang='lat' dir='ltr'><strong>Quocirca</strong></span> <span class='ocrx_word' id='word_1_407' title='bbox 1376 3826 1477 3884; x_wconf 79' lang='lat' dir='ltr'><strong>Felicis</strong></span> 
     </span>
     <span class='ocr_line' id='line_1_42' title="bbox 211 3912 1478 3990; baseline 0.001 -22"><span class='ocrx_word' id='word_1_408' title='bbox 211 3930 354 3969; x_wconf 88' lang='lat' dir='ltr'><strong>successor</strong></span> <span class='ocrx_word' id='word_1_409' title='bbox 367 3913 487 3970; x_wconf 88' lang='lat' dir='ltr'><strong>Gelasius</strong></span> <span class='ocrx_word' id='word_1_410' title='bbox 499 3930 541 3987; x_wconf 90' lang='lat' dir='ltr'><strong>ep.</strong></span> <span class='ocrx_word' id='word_1_411' title='bbox 553 3913 626 3970; x_wconf 79' lang='lat'>1511.</span> <span class='ocrx_word' id='word_1_412' title='bbox 637 3913 652 3969; x_wconf 95' lang='grc'>1</span> <span class='ocrx_word' id='word_1_413' title='bbox 667 3915 693 3970; x_wconf 92' lang='lat' dir='ltr'><strong>in</strong></span> <span class='ocrx_word' id='word_1_414' title='bbox 707 3912 826 3988; x_wconf 85' lang='lat' dir='ltr'><strong>generali</strong></span> <span class='ocrx_word' id='word_1_415' title='bbox 837 3913 961 3978; x_wconf 78' lang='lat' dir='ltr'><strong>formula,</strong></span> <span class='ocrx_word' id='word_1_416' title='bbox 978 3932 1057 3988; x_wconf 75' lang='lat' dir='ltr'><strong>apuam</strong></span> <span class='ocrx_word' id='word_1_417' title='bbox 1069 3916 1197 3990; x_wconf 89' lang='lat' dir='ltr'><strong>episcopo</strong></span> <span class='ocrx_word' id='word_1_418' title='bbox 1210 3916 1308 3989; x_wconf 90' lang='lat' dir='ltr'><strong>cuique</strong></span> <span class='ocrx_word' id='word_1_419' title='bbox 1322 3930 1371 3970; x_wconf 92' lang='lat' dir='ltr'><strong>seu</strong></span> <span class='ocrx_word' id='word_1_420' title='bbox 1383 3912 1478 3969; x_wconf 87' lang='lat' dir='ltr'><strong>ltaliae</strong></span> 
     </span>
     <span class='ocr_line' id='line_1_43' title="bbox 211 3997 1478 4071; baseline 0 -18"><span class='ocrx_word' id='word_1_421' title='bbox 211 4014 259 4054; x_wconf 90' lang='lat' dir='ltr'><strong>seu</strong></span> <span class='ocrx_word' id='word_1_422' title='bbox 274 3999 416 4071; x_wconf 76' lang='lat' dir='ltr'><strong>regionum</strong></span> <span class='ocrx_word' id='word_1_423' title='bbox 432 3997 542 4054; x_wconf 87' lang='lat' dir='ltr'><strong>aliarum</strong></span> <span class='ocrx_word' id='word_1_424' title='bbox 563 4000 589 4055; x_wconf 96' lang='lat' dir='ltr'><strong>in</strong></span> <span class='ocrx_word' id='word_1_425' title='bbox 611 3998 780 4055; x_wconf 88' lang='lat' dir='ltr'><strong>ordinatione</strong></span> <span class='ocrx_word' id='word_1_426' title='bbox 801 4015 849 4053; x_wconf 88' lang='lat' dir='ltr'><strong>sua</strong></span> <span class='ocrx_word' id='word_1_427' title='bbox 868 4001 1010 4056; x_wconf 91' lang='lat' dir='ltr'><strong>constituit</strong></span> <span class='ocrx_word' id='word_1_428' title='bbox 1027 3999 1195 4062; x_wconf 87' lang='lat' dir='ltr'><strong>tradendam,</strong></span> <span class='ocrx_word' id='word_1_429' title='bbox 1217 3999 1290 4055; x_wconf 90' lang='lat' dir='ltr'><strong>istud</strong></span> <span class='ocrx_word' id='word_1_430' title='bbox 1315 3999 1478 4056; x_wconf 82' lang='lat' dir='ltr'><strong>nominatim</strong></span> 
     </span>
     <span class='ocr_line' id='line_1_44' title="bbox 211 4083 1478 4158; baseline 0.002 -20"><span class='ocrx_word' id='word_1_431' title='bbox 211 4084 398 4158; x_wconf 88' lang='lat' dir='ltr'><strong>praescripsit:</strong></span> <span class='ocrx_word' id='word_1_432' title='bbox 410 4083 500 4156; x_wconf 90' lang='lat' dir='ltr'><strong>Afros</strong></span> <span class='ocrx_word' id='word_1_433' title='bbox 506 4088 618 4156; x_wconf 88' lang='lat' dir='ltr'><strong>passim</strong></span> <span class='ocrx_word' id='word_1_434' title='bbox 629 4087 669 4140; x_wconf 88' lang='lat' dir='ltr'><strong>ad</strong></span> <span class='ocrx_word' id='word_1_435' title='bbox 679 4087 891 4141; x_wconf 89' lang='lat' dir='ltr'><strong>ecclesiasticos</strong></span> <span class='ocrx_word' id='word_1_436' title='bbox 902 4086 1018 4141; x_wconf 86' lang='lat' dir='ltr'><strong>ordines</strong></span> <span class='ocrx_word' id='word_1_437' title='bbox 1025 4087 1254 4158; x_wconf 87' lang='lat' dir='ltr'><strong>praetendentes</strong></span> <span class='ocrx_word' id='word_1_438' title='bbox 1264 4087 1347 4142; x_wconf 75' lang='lat' dir='ltr'><strong>riccila</strong></span> <span class='ocrx_word' id='word_1_439' title='bbox 1360 4086 1478 4141; x_wconf 90' lang='lat' dir='ltr'><strong>ratione</strong></span> 
     </span>
     <span class='ocr_line' id='line_1_45' title="bbox 211 4170 1479 4244; baseline 0.002 -20"><span class='ocrx_word' id='word_1_440' title='bbox 211 4171 359 4244; x_wconf 83' lang='lat' dir='ltr'><strong>suscipiat,</strong></span> <span class='ocrx_word' id='word_1_441' title='bbox 390 4172 457 4242; x_wconf 84' lang='lat' dir='ltr'><strong>quia</strong></span> <span class='ocrx_word' id='word_1_442' title='bbox 488 4172 579 4242; x_wconf 81' lang='lat' dir='ltr'><strong>aliqui</strong></span> <span class='ocrx_word' id='word_1_443' title='bbox 607 4185 705 4227; x_wconf 91' lang='lat' dir='ltr'><strong>eorum</strong></span> <span class='ocrx_word' id='word_1_444' title='bbox 731 4170 909 4234; x_wconf 78' lang='lat' dir='ltr'><strong>Mariicbaei,</strong></span> <span class='ocrx_word' id='word_1_445' title='bbox 940 4172 1032 4244; x_wconf 85' lang='lat' dir='ltr'><strong>aliqui</strong></span> <span class='ocrx_word' id='word_1_446' title='bbox 1059 4172 1236 4243; x_wconf 78' lang='lat' dir='ltr'><strong>rebaptizati</strong></span> <span class='ocrx_word' id='word_1_447' title='bbox 1263 4172 1381 4243; x_wconf 87' lang='lat' dir='ltr'><strong>saepius</strong></span> <span class='ocrx_word' id='word_1_448' title='bbox 1405 4178 1479 4227; x_wconf 78' lang='lat' dir='ltr'><strong>sunt</strong></span> 
     </span>
     <span class='ocr_line' id='line_1_46' title="bbox 209 4255 334 4325; baseline -0.008 -15"><span class='ocrx_word' id='word_1_449' title='bbox 209 4255 334 4325; x_wconf 89' lang='lat' dir='ltr'><strong>probati.</strong></span> 
     </span>
    </p>
   </div>
   <div class='ocr_carea' id='block_1_4' title="bbox 209 4363 1479 4951">
    <p class='ocr_par' dir='ltr' id='par_1_4' title="bbox 209 4363 1479 4951">
     <span class='ocr_line' id='line_1_47' title="bbox 295 4363 1476 4441; baseline 0 -17"><span class='ocrx_word' id='word_1_450' title='bbox 295 4366 324 4424; x_wconf 89' lang='grc'><strong>3.</strong></span> <span class='ocrx_word' id='word_1_451' title='bbox 355 4363 392 4420; x_wconf 85' lang='lat' dir='ltr'><strong>Ex</strong></span> <span class='ocrx_word' id='word_1_452' title='bbox 409 4365 457 4422; x_wconf 85' lang='lat' dir='ltr'><strong>lxac</strong></span> <span class='ocrx_word' id='word_1_453' title='bbox 471 4364 592 4438; x_wconf 89' lang='lat' dir='ltr'><strong>simplice</strong></span> <span class='ocrx_word' id='word_1_454' title='bbox 607 4366 777 4439; x_wconf 81' lang='lat' dir='ltr'><strong>expositione</strong></span> <span class='ocrx_word' id='word_1_455' title='bbox 792 4367 964 4440; x_wconf 90' lang='lat' dir='ltr'><strong>perspicuum</strong></span> <span class='ocrx_word' id='word_1_456' title='bbox 980 4365 1101 4431; x_wconf 79' lang='lat' dir='ltr'><strong>liabetur,</strong></span> <span class='ocrx_word' id='word_1_457' title='bbox 1118 4384 1171 4441; x_wconf 84' lang='lat' dir='ltr'><strong>qua</strong></span> <span class='ocrx_word' id='word_1_458' title='bbox 1186 4368 1291 4424; x_wconf 90' lang='lat' dir='ltr'><strong>ratione</strong></span> <span class='ocrx_word' id='word_1_459' title='bbox 1305 4365 1399 4423; x_wconf 75' lang='lat' dir='ltr'><strong>callem</strong></span> <span class='ocrx_word' id='word_1_460' title='bbox 1414 4367 1476 4441; x_wconf 90' lang='lat' dir='ltr'><strong>epi·</strong></span> 
     </span>
     <span class='ocr_line' id='line_1_48' title="bbox 210 4449 1479 4525; baseline 0.003 -19"><span class='ocrx_word' id='word_1_461' title='bbox 210 4449 280 4507; x_wconf 88' lang='lat' dir='ltr'><strong>stola</strong></span> <span class='ocrx_word' id='word_1_462' title='bbox 302 4458 329 4506; x_wconf 91' lang='lat' dir='ltr'><strong>et</strong></span> <span class='ocrx_word' id='word_1_463' title='bbox 347 4452 517 4523; x_wconf 85' lang='lat' dir='ltr'><strong>provinciae</strong></span> <span class='ocrx_word' id='word_1_464' title='bbox 533 4449 695 4522; x_wconf 81' lang='lat' dir='ltr'><strong>Africanae</strong></span> <span class='ocrx_word' id='word_1_465' title='bbox 716 4459 744 4507; x_wconf 88' lang='lat' dir='ltr'><strong>et</strong></span> <span class='ocrx_word' id='word_1_466' title='bbox 758 4454 903 4523; x_wconf 88' lang='lat' dir='ltr'><strong>episcopis</strong></span> <span class='ocrx_word' id='word_1_467' title='bbox 914 4467 971 4523; x_wconf 88' lang='lat' dir='ltr'><strong>per</strong></span> <span class='ocrx_word' id='word_1_468' title='bbox 987 4452 1115 4509; x_wconf 88' lang='lat' dir='ltr'><strong>Siciliam</strong></span> <span class='ocrx_word' id='word_1_469' title='bbox 1130 4461 1158 4507; x_wconf 89' lang='lat' dir='ltr'><strong>et</strong></span> <span class='ocrx_word' id='word_1_470' title='bbox 1173 4455 1315 4510; x_wconf 86' lang='lat' dir='ltr'><strong>uniuersis</strong></span> <span class='ocrx_word' id='word_1_471' title='bbox 1330 4456 1479 4525; x_wconf 81' lang='lat' dir='ltr'><strong>episcopis</strong></span> 
     </span>
     <span class='ocr_line' id='line_1_49' title="bbox 209 4535 1479 4612; baseline 0.002 -19"><span class='ocrx_word' id='word_1_472' title='bbox 209 4553 264 4607; x_wconf 90' lang='lat' dir='ltr'><strong>per</strong></span> <span class='ocrx_word' id='word_1_473' title='bbox 278 4537 409 4593; x_wconf 78' lang='lat' dir='ltr'><strong>‹linersas</strong></span> <span class='ocrx_word' id='word_1_474' title='bbox 418 4538 589 4608; x_wconf 86' lang='lat' dir='ltr'><strong>prouincias</strong></span> <span class='ocrx_word' id='word_1_475' title='bbox 604 4535 710 4592; x_wconf 90' lang='lat' dir='ltr'><strong>inscribi</strong></span> <span class='ocrx_word' id='word_1_476' title='bbox 726 4537 861 4610; x_wconf 88' lang='lat' dir='ltr'><strong>potuerit:</strong></span> <span class='ocrx_word' id='word_1_477' title='bbox 883 4544 911 4592; x_wconf 90' lang='lat' dir='ltr'><strong>ct</strong></span> <span class='ocrx_word' id='word_1_478' title='bbox 925 4537 1089 4610; x_wconf 82' lang='lat' dir='ltr'><strong>Africanae</strong></span> <span class='ocrx_word' id='word_1_479' title='bbox 1104 4539 1216 4612; x_wconf 87' lang='lat' dir='ltr'><strong>quidem</strong></span> <span class='ocrx_word' id='word_1_480' title='bbox 1229 4540 1413 4610; x_wconf 86' lang='lat' dir='ltr'><strong>prouinciae,</strong></span> <span class='ocrx_word' id='word_1_481' title='bbox 1432 4546 1479 4595; x_wconf 88' lang='lat' dir='ltr'><strong>ut·</strong></span> 
     </span>
     <span class='ocr_line' id='line_1_50' title="bbox 211 4619 1477 4697; baseline 0.002 -20"><span class='ocrx_word' id='word_1_482' title='bbox 211 4629 275 4694; x_wconf 91' lang='lat' dir='ltr'><strong>pote</strong></span> <span class='ocrx_word' id='word_1_483' title='bbox 298 4620 330 4677; x_wconf 91' lang='lat' dir='ltr'><strong>ad</strong></span> <span class='ocrx_word' id='word_1_484' title='bbox 352 4621 560 4695; x_wconf 87' lang='lat' dir='ltr'><strong>quamproprie</strong></span> <span class='ocrx_word' id='word_1_485' title='bbox 581 4619 744 4694; x_wconf 77' lang='lat' dir='ltr'><strong>pertinebat:</strong></span> <span class='ocrx_word' id='word_1_486' title='bbox 767 4629 915 4677; x_wconf 88' lang='lat' dir='ltr'><strong>ceterarum</strong></span> <span class='ocrx_word' id='word_1_487' title='bbox 936 4638 1000 4679; x_wconf 90' lang='lat' dir='ltr'><strong>vero</strong></span> <span class='ocrx_word' id='word_1_488' title='bbox 1021 4624 1218 4696; x_wconf 84' lang='lat' dir='ltr'><strong>provinciarum</strong></span> <span class='ocrx_word' id='word_1_489' title='bbox 1238 4623 1389 4697; x_wconf 87' lang='lat' dir='ltr'><strong>episcopis,</strong></span> <span class='ocrx_word' id='word_1_490' title='bbox 1410 4624 1477 4697; x_wconf 86' lang='lat' dir='ltr'><strong>quia</strong></span> 
     </span>
     <span class='ocr_line' id='line_1_51' title="bbox 211 4707 1476 4780; baseline 0.003 -19"><span class='ocrx_word' id='word_1_491' title='bbox 211 4721 304 4762; x_wconf 87' lang='lat' dir='ltr'><strong>earum</strong></span> <span class='ocrx_word' id='word_1_492' title='bbox 320 4708 448 4762; x_wconf 89' lang='lat' dir='ltr'><strong>intererat</strong></span> <span class='ocrx_word' id='word_1_493' title='bbox 463 4722 552 4767; x_wconf 89' lang='lat' dir='ltr'><strong>nosse,</strong></span> <span class='ocrx_word' id='word_1_494' title='bbox 570 4721 624 4777; x_wconf 86' lang='lat' dir='ltr'><strong>quo</strong></span> <span class='ocrx_word' id='word_1_495' title='bbox 639 4713 718 4779; x_wconf 87' lang='lat' dir='ltr'><strong>pacto</strong></span> <span class='ocrx_word' id='word_1_496' title='bbox 734 4723 795 4761; x_wconf 89' lang='lat' dir='ltr'><strong>cum</strong></span> <span class='ocrx_word' id='word_1_497' title='bbox 810 4707 857 4769; x_wconf 89' lang='lat' dir='ltr'><strong>iis,</strong></span> <span class='ocrx_word' id='word_1_498' title='bbox 881 4708 926 4779; x_wconf 86' lang='lat' dir='ltr'><strong>qui</strong></span> <span class='ocrx_word' id='word_1_499' title='bbox 949 4707 1089 4764; x_wconf 84' lang='lat' dir='ltr'><strong>veniebant</strong></span> <span class='ocrx_word' id='word_1_500' title='bbox 1110 4725 1143 4763; x_wconf 88' lang='lat' dir='ltr'><strong>ex</strong></span> <span class='ocrx_word' id='word_1_501' title='bbox 1158 4707 1260 4771; x_wconf 77' lang='lat' dir='ltr'><strong>Africa,</strong></span> <span class='ocrx_word' id='word_1_502' title='bbox 1281 4724 1311 4763; x_wconf 91' lang='lat' dir='ltr'><strong>se</strong></span> <span class='ocrx_word' id='word_1_503' title='bbox 1333 4716 1476 4780; x_wconf 76' lang='lat' dir='ltr'><strong>gererem.</strong></span> 
     </span>
     <span class='ocr_line' id='line_1_52' title="bbox 211 4789 1479 4866; baseline 0.004 -21"><span class='ocrx_word' id='word_1_504' title='bbox 211 4789 264 4847; x_wconf 88' lang='lat' dir='ltr'><strong>Nec</strong></span> <span class='ocrx_word' id='word_1_505' title='bbox 279 4792 329 4847; x_wconf 88' lang='lat' dir='ltr'><strong>alia</strong></span> <span class='ocrx_word' id='word_1_506' title='bbox 344 4808 422 4848; x_wconf 87' lang='lat' dir='ltr'><strong>causa</strong></span> <span class='ocrx_word' id='word_1_507' title='bbox 438 4790 498 4853; x_wconf 88' lang='lat' dir='ltr'><strong>luit,</strong></span> <span class='ocrx_word' id='word_1_508' title='bbox 514 4807 562 4846; x_wconf 92' lang='lat' dir='ltr'><strong>cur</strong></span> <span class='ocrx_word' id='word_1_509' title='bbox 577 4791 605 4845; x_wconf 92' lang='lat' dir='ltr'><strong>in</strong></span> <span class='ocrx_word' id='word_1_510' title='bbox 620 4790 780 4847; x_wconf 89' lang='lat' dir='ltr'><strong>collectione</strong></span> <span class='ocrx_word' id='word_1_511' title='bbox 796 4795 939 4865; x_wconf 86' lang='lat' dir='ltr'><strong>episeopis</strong></span> <span class='ocrx_word' id='word_1_512' title='bbox 951 4809 1007 4865; x_wconf 84' lang='lat' dir='ltr'><strong>per</strong></span> <span class='ocrx_word' id='word_1_513' title='bbox 1019 4793 1147 4850; x_wconf 89' lang='lat' dir='ltr'><strong>Siciliam</strong></span> <span class='ocrx_word' id='word_1_514' title='bbox 1163 4792 1332 4856; x_wconf 85' lang='lat' dir='ltr'><strong>inscribatur.</strong></span> <span class='ocrx_word' id='word_1_515' title='bbox 1348 4794 1400 4849; x_wconf 93' lang='lat' dir='ltr'><strong>nisi</strong></span> <span class='ocrx_word' id='word_1_516' title='bbox 1411 4795 1479 4866; x_wconf 84' lang='lat' dir='ltr'><strong>quia</strong></span> 
     </span>
     <span class='ocr_line' id='line_1_53' title="bbox 211 4875 1478 4951; baseline 0.006 -21"><span class='ocrx_word' id='word_1_517' title='bbox 211 4875 269 4946; x_wconf 83' lang='lat' dir='ltr'><strong>ejus</strong></span> <span class='ocrx_word' id='word_1_518' title='bbox 285 4876 444 4950; x_wconf 83' lang='lat' dir='ltr'><strong>compilator</strong></span> <span class='ocrx_word' id='word_1_519' title='bbox 459 4878 485 4931; x_wconf 88' lang='lat' dir='ltr'><strong>in</strong></span> <span class='ocrx_word' id='word_1_520' title='bbox 502 4875 653 4949; x_wconf 77' lang='lat' dir='ltr'><strong>ererrrplunr</strong></span> <span class='ocrx_word' id='word_1_521' title='bbox 668 4876 761 4933; x_wconf 88' lang='lat' dir='ltr'><strong>incidit</strong></span> <span class='ocrx_word' id='word_1_522' title='bbox 777 4875 917 4947; x_wconf 87' lang='lat' dir='ltr'><strong>ejusmodi,</strong></span> <span class='ocrx_word' id='word_1_523' title='bbox 939 4877 1012 4951; x_wconf 80' lang='lat' dir='ltr'><strong>quod</strong></span> <span class='ocrx_word' id='word_1_524' title='bbox 1029 4879 1186 4936; x_wconf 78' lang='lat' dir='ltr'><strong>riomirralinr</strong></span> <span class='ocrx_word' id='word_1_525' title='bbox 1198 4878 1230 4934; x_wconf 87' lang='lat' dir='ltr'><strong>ad</strong></span> <span class='ocrx_word' id='word_1_526' title='bbox 1242 4878 1348 4935; x_wconf 90' lang='lat' dir='ltr'><strong>Siculos</strong></span> <span class='ocrx_word' id='word_1_527' title='bbox 1361 4880 1478 4937; x_wconf 87' lang='lat' dir='ltr'><strong>missrxm</strong></span> 
     </span>
    </p>
   </div>
   <div class='ocr_carea' id='block_1_5' title="bbox 0 0 1713 5664">
    <p class='ocr_par' dir='ltr' id='par_1_5' title="bbox 0 0 1713 5664">
     <span class='ocr_line' id='line_1_54' title="bbox 0 0 1713 5664; baseline 0 0"><span class='ocrx_word' id='word_1_528' title='bbox 0 0 1713 5664; x_wconf 95' lang='lat' dir='ltr'><strong> </strong></span> 
     </span>
    </p>
   </div>
  </div>
 </body>
</html>
