3412 5664
375 279 437 343 986
539 317 540 322 κ
814 294 842 343 s.
860 293 1066 343 nennrsnas
1088 293 1203 340 aaran

244 462 359 514 faesia
373 448 571 512 erationibus
594 451 717 512 vestrae
740 447 940 529 sanctitatis,
971 448 1038 532 etl)
1064 448 1244 513 naturalem
1268 447 1445 511 bonitatem
1475 447 1558 529 hujus
1580 448 1613 510 rei

373 551 595 634 respicientia,
620 549 903 633 vigilantissimum
926 550 1098 613 habentem
1120 549 1277 633 studium,
1307 553 1341 613 et
1363 548 1432 612 Deo
1454 553 1616 632 cooperante

375 652 408 715 in
431 652 576 735 plurimis
600 652 729 715 verbmn
746 651 871 735 grartiae
886 650 1068 715 discurrens
1091 652 1160 717 sine
1182 653 1290 736 aliqua
1312 652 1503 715 obsistentia
1528 649 1566 713 ad
1587 652 1620 713 el·

373 757 493 818 tectum
516 755 659 817 nostram
682 753 770 816 ducit
792 753 1015 817 intentionenr.
1054 754 1115 819 see
1138 754 1214 838 quia
1228 754 1441 818 difficrdtates
1456 752 1573 835 aliquae
1586 776 1623 815 ac·

374 858 553 937 cesserunt,
588 855 821 938 gubernatione
848 855 957 938 utiquc
985 859 1017 919 et
1045 856 1115 920 miti
1148 856 1358 940 dispositione
1391 878 1447 937 ea,
1481 876 1559 938 quae
1586 851 1627 916 liic

373 961 557 1040 moventur,
586 959 746 1040 ‹rprertet⁰)
776 960 993 1041 competenter
1016 959 1147 1042 exponi,
1179 959 1264 1022 sicut
1284 962 1319 1022 et
1347 960 1456 1022 vestra
1483 955 1632 1039 cognoscit

375 1082 469 1142 super
492 1059 599 1122 errruia
621 1059 791 1124 sanctitas:
821 1063 854 1123 et
875 1060 1140 1144 quemadmodum
1167 1062 1295 1144 oportet
1317 1082 1388 1140 cos,
1418 1059 1474 1143 qui
1497 1057 1558 1121 Dei
1579 1079 1635 1140 gre

374 1182 430 1245 ges
454 1183 583 1244 pascere
606 1161 710 1224 sortiti
733 1165 819 1244 sunt,
844 1162 991 1226 universa
1013 1161 1052 1224 ad
1075 1162 1211 1245 gloriam
1226 1161 1286 1225 Dei
1310 1165 1343 1225 et
1365 1183 1467 1245 agere
1487 1165 1521 1223 et
1536 1159 1640 1238 meliri,

374 1284 462 1346 spem
478 1262 589 1325 salutis
604 1263 637 1325 in
655 1285 725 1326 eum
741 1263 907 1347 babentes,
932 1266 964 1327 et
979 1264 1061 1328 sieut
1080 1265 1234 1347 scriptum
1250 1268 1313 1327 est:
1337 1268 1549 1342 llilr'pc’rerr'bus
1561 1267 1644 1326 maen

374 1372 474 1430 enrru'o
496 1375 701 1444 cooperentur
723 1373 753 1428 in
776 1371 894 1430 bereum.
941 1365 989 1429 Flu
1011 1366 1095 1429 enirn
1107 1415 1116 1449 ,
1145 1388 1226 1450 quae
1249 1365 1338 1429 vebis
1368 1365 1545 1448 placeant,
1575 1365 1650 1427 sicut

374 1466 580 1547 dictumest,
609 1467 727 1529 sentire
749 1490 872 1551 queque
900 1471 932 1531 et
955 1489 1050 1551 agere
1073 1467 1223 1550 nitimur,
1247 1467 1470 1531 sanctissime.
1519 1468 1652 1531 Omnem

373 1569 407 1632 iu
431 1569 557 1633 tlhriste
579 1567 827 1651 fraternitatem,
851 1591 932 1652 (puae
956 1591 1027 1632 curn
1044 1571 1149 1634 vestra
1171 1574 1221 1634 est
1235 1570 1427 1652 sanctitate,
1453 1591 1520 1652 ego
1535 1591 1655 1654 (pompae

375 1674 407 1734 et
429 1671 490 1733 mei
514 1670 684 1755 pluriunun
707 1671 893 1737 salutamus.

860 1861 1043 1963 Epistola
1071 1860 1149 1945 148.

609 2014 772 2094 llieriysii
798 2013 933 2096 exigui
956 2013 1000 2079 ad
1023 2013 1249 2081 Hermisium
1273 2032 1421 2098 prapam.

409 2156 632 2203 Graeco-lelr'mrm
650 2156 822 2203 collectionem
834 2170 963 2211 cerreniano,
976 2155 1054 2217 jesse
1068 2155 1222 2204 Horruirdee
1233 2162 1390 2220 sresccplum,
1410 2172 1428 2203 a
1439 2172 1473 2205 sc
1487 2156 1632 2204 absolutura
1671 2171 1687 2221 p

890 2255 945 2288 esse
963 2240 1002 2288 illi
1018 2241 1123 2289 nanae

527 2370 691 2435 llomine
725 2371 956 2435 beatissimo
992 2394 1115 2455 papae
1154 2371 1394 2436 Hornrisdae
1433 2373 1660 2456 Dionysius

617 2473 792 2558 exiguus

459 2593 648 2656 Sanctorum
671 2592 858 2675 pontificum
880 2592 1024 2677 regulae,
1051 2615 1130 2676 quas
1154 2593 1193 2655 ad
1217 2593 1350 2657 verbum
1374 2595 1533 2679 digerere
1559 2600 1653 2658 vestra

374 2694 536 2760 beatitudo
559 2694 597 2757 de
620 2715 735 2775 grereco
751 2717 801 2758 ine
817 2695 979 2779 compellit
993 2694 1128 2778 elosprie,
1152 2695 1340 2777 jamdudum
1365 2698 1549 2779 parvitatis
1570 2719 1650 2759 meae

374 2796 529 2860 normullo
544 2797 648 2859 studio
664 2797 825 2859 absolutas
841 2819 908 2860 csse
925 2818 1092 2881 cognosco.
1124 2796 1185 2861 Sed
1201 2798 1413 2880 quorumdam
1435 2799 1644 2883 supercilium.

373 2899 426 2983 (pu
450 2924 483 2962 se
506 2920 693 2982 graccorum
718 2921 875 2962 canonum
897 2899 1106 2981 peritissimos
1128 2921 1195 2961 esse
1215 2899 1385 2982 jactitant,
1409 2901 1533 2985 quique
1546 2900 1638 2963 scisci·

375 3001 433 3064 tati
456 3000 494 3063 de
517 3000 658 3084 quelibet
680 2999 893 3064 ecclesiastice
910 3001 1085 3064 constitute
1100 3002 1291 3084 respondere
1305 3023 1341 3064 sc
1365 3001 1459 3066 velut
1473 3025 1512 3065 ex
1526 3000 1635 3065 occulte

376 3102 522 3165 videntur
543 3101 687 3184 eraculo,
716 3102 878 3166 veneratio
900 3104 1007 3166 vestra
1028 3124 1094 3165 nen
1116 3103 1294 3184 sustinens,
1324 3102 1489 3186 imperare
1514 3103 1628 3186 dignata

374 3206 619 3287 estpotestate,
650 3226 712 3285 qua
739 3226 835 3287 supra
858 3208 978 3267 ceteros
1007 3204 1136 3267 excellit-
1162 3203 1325 3268 antistites
1332 3255 1341 3286 ,
1372 3209 1411 3268 ut
1433 3227 1495 3289 qua
1516 3224 1623 3288 pessum

373 3305 543 3389 diligentia
565 3305 652 3368 rritar
674 3330 692 3369 a
715 3305 839 3389 graecis
861 3305 963 3369 latina
991 3304 1122 3369 minime
1150 3305 1348 3389 discrepare,
1378 3310 1477 3390 atque
1504 3307 1534 3370 in
1560 3326 1620 3367 una·

374 3430 496 3490 querique
518 3407 639 3490 pagina
664 3429 764 3490 aeque
792 3407 893 3470 divisa
921 3407 1049 3471 tramite
1077 3411 1211 3492 utraque
1238 3432 1255 3471 c
1283 3407 1418 3492 regione
1444 3407 1617 3475 surae-am,

373 3506 504 3592 prepter
526 3532 578 3571 eos
600 3508 753 3589 maxime,
784 3508 838 3592 qui
861 3509 1042 3572 temeritate
1064 3510 1202 3595 quadam
1224 3507 1386 3573 Nicaenes
1411 3530 1543 3572 cationes
1566 3526 1615 3569 ere

374 3609 455 3673 eure
476 3634 509 3673 se
533 3632 623 3693 posse
646 3609 765 3673 violare
788 3612 820 3673 ct
841 3632 899 3693 pre
922 3611 967 3674 eis
990 3611 1054 3675 alia
1076 3611 1233 3695 quaedam
1257 3609 1436 3675 constituta
1452 3626 1613 3694 supponere.

374 3712 574 3794 Quapropter
597 3710 793 3794 apestolatus
818 3712 913 3775 vestri
932 3712 1030 3796 jussis
1053 3713 1294 3797 obtemperans,
1325 3735 1452 3776 emnem
1473 3709 1612 3774 veritatem

373 3834 561 3898 graecorum
584 3833 743 3876 cauenum
764 3816 860 3897 preut
882 3814 936 3898 qui
959 3814 1095 3879 fideliter
1109 3814 1258 3899 explicui,
1282 3814 1442 3898 incipiens
1456 3807 1613 3876 aNimeeis

373 4000 454 4065 gesta
471 4000 535 4052 eunt
551 4015 602 4067 pre
621 4003 713 4053 vestre
732 3999 868 4054 desiderio
887 4017 920 4054 ac
937 4000 1092 4067 voluntate,
1117 4007 1147 4055 ct
1169 4001 1275 4069 quanta
1292 3999 1441 4068 vigilemus
1458 3994 1615 4052 sellicibrdim

373 4085 447 4139 circa
465 4085 575 4138 sanctas
594 4084 730 4138 ecclesias.
749 4114 780 4121 -
800 4084 850 4137 lie.
869 4090 1067 4138 sollicitudinem.
1104 4084 1137 4139 G¹
1157 4091 1285 4153 ulpianum

441 4173 461 4237 ³¹)
481 4169 529 4222 Ed.
549 4181 576 4221 ut
594 4176 732 4221 turturelere
750 4171 779 4222 et
796 4168 909 4223 inferius
928 4175 1067 4223 ‹lecurreua
1140 4176 1176 4224 ud
1196 4176 1314 4239 effectum
1337 4181 1449 4223 rrerlruur
1472 4175 1537 4223 clarit
1552 4178 1574 4221 et
1591 4172 1611 4217 a
1695 4230 1698 4245 ,

372 4262 516 4308 coniecere.
540 4254 628 4307 Locus
646 4253 777 4307 obscurus
795 4256 826 4306 et
843 4253 988 4307 intricatus
1006 4255 1045 4308 sic
1062 4256 1157 4323 petest
1174 4253 1274 4309 clarius
1291 4253 1448 4309 enuntiari:
1473 4259 1534 4308 ,tan
1544 4256 1622 4306 oreae

373 4345 443 4393 acibus
462 4352 560 4393 vestrae
579 4344 736 4399 carnalitatis,
756 4360 828 4406 queem
847 4345 960 4391 reatureb'
972 4342 1084 4393 bonitate
1101 4344 1177 4407 brejas
1189 4345 1229 4394 rei
1241 4341 1288 4406 (se
1300 4337 1548 4409 redintegrationis
1558 4334 1625 4393 aaa

373 4425 486 4492 siarum)
505 4429 665 4492 respiciente,
683 4428 894 4491 venerantissimum
911 4428 1004 4478 laedere
1022 4429 1130 4478 etrcdium
1148 4436 1172 4478 et
1192 4430 1245 4478 lleo
1263 4438 1423 4492 cooperante
1441 4438 1493 4479 etc.

440 4515 460 4576 b')
480 4513 505 4562 οᾗ
523 4526 580 4578 seq.
600 4508 665 4563 actd.
683 4521 715 4561 et.
752 4509 843 4562 Antea
860 4526 911 4578 pro
928 4512 1111 4577 praecursione
1128 4526 1228 4578 graece
1246 4507 1388 4564 exstitisse
1407 4508 1519 4565 ridetur
1535 4510 1630 4564 olzen-

372 4597 454 4662 μίας,
479 4595 530 4646 bec
553 4598 595 4647 est
612 4600 665 4647 irriti
686 4605 711 4647 et
733 4599 917 4660 indeclpculiere
935 4599 1137 4662 dispensatione,
1161 4612 1232 4662 quiae
1250 4592 1285 4647 (le
1304 4610 1419 4650 suurrno
1438 4597 1504 4665 jure
1522 4614 1554 4651 ee
1570 4594 1635 4649 disa-

374 4679 464 4749 plinao
483 4678 630 4732 severitate
650 4676 774 4731 nonnihil
797 4676 923 4731 remittit.
959 4677 1095 4742 Quocirca
1112 4678 1148 4733 ab
1166 4677 1318 4748 Epipheuii
1336 4682 1438 4735 meritc
1459 4700 1517 4736 nen
1534 4699 1638 4737 remur

374 4782 433 4816 runi
452 4766 581 4832 putamus
599 4762 647 4830 qui
663 4762 776 4831 legerit:
796 4785 849 4815 eure
866 4768 1046 4830 uululpeutiorr‘
1062 4768 1146 4832 ulique
1164 4774 1190 4817 et
1207 4768 1261 4816 ηιίἰί
1281 4783 1315 4815 ec
1330 4770 1473 4821 moderate
1487 4773 1641 4836 &reomau

374 4869 405 4901 eu
424 4869 488 4918 praec
506 4860 634 4903 enecentur
651 4860 753 4918 oriente!
771 4858 942 4917 corupctenter
960 4854 1083 4916 correpunt.
