3412 5664
703 382 707 388 .
771 341 942 393 emarcus
965 333 994 392 3.
1459 332 1520 396 133

207 497 475 578 celebrandum
490 496 616 562 Pascha
638 497 707 562 sine
730 496 931 562 dubitatione
947 498 1137 582 conscribit,
1161 498 1222 562 hoc
1242 500 1434 584 regulariter
1449 523 1520 565 cau·
1534 529 1557 566 a.
1569 517 1626 566 457.

209 620 347 691 mque
373 599 565 682 ustodiens,
595 621 637 665 ne
668 603 744 663 ante
772 598 835 663 XII
856 598 1020 664 Kalendas
1044 600 1165 683 Aprilis
1192 601 1415 684 plenilunium,
1444 604 1465 667 i.
1492 626 1519 668 e.

213 703 328 784 XIV
350 702 469 785 lunam,
492 701 569 766 huic
591 700 773 778 definiendo
787 706 989 767 sacramento
1010 703 1154 785 patiatur
1176 704 1312 787 apponi3
1336 726 1437 789 nequo
1460 704 1521 770 hoc

219 823 270 886 'm
299 805 410 893 primo
431 825 542 869 meme
563 803 619 867 sed
640 803 677 867 in
698 802 762 867 XII
784 805 934 868 aestimat
956 805 1214 888 computandum.

334 907 364 972 5.
400 905 593 991 Plerumque
619 926 697 970 saue
719 906 822 990 partis
844 907 1008 990 utriusque
1030 908 1192 971 sententia
1213 908 1249 972 in
1271 929 1370 972 unum
1392 909 1520 993 quidem

228 1009 474 1087 sollemnitatis
501 1007 721 1092 hujuscemodi
748 1007 832 1071 diem
862 1009 1025 1073 concurrit
1051 1012 1084 1073 et
1107 1010 1266 1093 convenit,
1291 1011 1402 1076 sedin
1424 1012 1519 1077 lunae

233 1111 508 1189 dinumeratione
529 1110 683 1192 variam,
707 1131 866 1194 quumque
892 1132 962 1174 eam
985 1111 1140 1196 Aegyptii
1163 1111 1225 1175 XV
1247 1112 1357 1176 lunam
1379 1113 1414 1177 in
1436 1115 1520 1179 diem

238 1214 393 1292 Paschae
413 1214 503 1279 verbi
526 1213 634 1299 gratia
655 1215 844 1294 numerant,
865 1213 968 1277 nostri
996 1213 1141 1276 eamdem
1168 1212 1247 1277 XVI
1267 1214 1317 1278 vel
1340 1213 1433 1279 XVII
1457 1218 1520 1281 cal·

243 1320 408 1392 mirantur.
451 1316 561 1401 Atque
587 1315 634 1379 ita
662 1336 760 1398 quum
787 1314 871 1397 apud
899 1314 1078 1398 Aegyptios
1105 1314 1146 1378 ad
1169 1314 1247 1379 XXI
1274 1315 1384 1380 limam
1406 1318 1520 1382 electio

247 1419 394 1493 Paschae
413 1419 615 1504 perducitur,
649 1438 668 1480 a
694 1416 820 1480 Latinis
848 1415 942 1480 XXII
960 1415 1025 1479 'vel
1054 1417 1151 1480 etiam
1178 1416 1290 1480 XXIII
1321 1419 1517 1501 perhibetur.

253 1526 313 1592 Fit
329 1520 439 1606 Itaque,
461 1523 499 1585 ut
520 1517 664 1584 Paschae
685 1518 779 1597 diem,
801 1539 898 1603 quam
919 1517 976 1582 ille
997 1517 1162 1602 delegerit,
1192 1518 1255 1583 iste
1277 1540 1352 1602 pars
1375 1525 1516 1605 respuat.

257 1622 350 1702 Quod
365 1622 446 1706 inde,
474 1622 560 1688 sicut
581 1622 652 1705 jam
679 1641 776 1706 supra
801 1620 949 1703 diximus,
973 1620 1099 1684 evenire
1123 1620 1335 1685 certissimrmr
1357 1627 1416 1706 est,
1446 1624 1520 1708 quia

261 1732 331 1792 tam
352 1725 382 1790 in
405 1725 526 1811 segulla
550 1727 731 1808 tempomm
756 1744 852 1806 quam
874 1723 909 1786 in
931 1722 1170 1806 dispensatione
1191 1722 1297 1786 lunari
1319 1746 1394 1808 pars
1417 1725 1519 1790 altera

267 1850 332 1893 non
355 1827 503 1913 congruit.
548 1825 661 1910 Neque
688 1825 819 1907 mirum,
854 1825 883 1888 si
910 1823 1106 1888 diversarum
1133 1824 1320 1908 opinionum
1348 1826 1430 1910 cycli
1457 1828 1518 1892 sibi

177 1912 179 1941 ²
271 1929 390 1993 invicem
409 1928 547 2014 oppositi
569 1930 667 2012 atque
690 1927 799 1992 collati
820 1948 886 1990 non
910 1928 1035 2008 coeunt,
1059 1947 1156 2010 quum
1178 1925 1212 1990 in
1235 1927 1364 2011 propria
1386 1928 1519 2012 quisque

277 2029 461 2115 Mutus,
483 2051 582 2116 quam
604 2029 774 2114 praefinito
795 2033 939 2113 tempore
961 2028 997 2091 in
1018 2027 1157 2110 idipsum
1171 2027 1275 2093 redire
1297 2033 1331 2093 et
1351 2029 1438 2093 fideli
1454 2052 1519 2094 crc-

281 2130 354 2196 ditnr
367 2133 480 2198 ratione
502 2132 680 2216 decumere,
703 2131 764 2196 hac
787 2131 898 2195 eadem
920 2129 1117 2194 revolutione
1139 2151 1341 2215 nequaquam
1363 2132 1398 2196 in
1418 2133 1518 2197 omni-

284 2230 331 2297 bu
348 2233 481 2300 bceabu
502 2234 699 2300 definitionis
721 2232 904 2318 propositae
924 2235 1035 2296 tencre
1052 2233 1277 2297 constantiam.
1315 2231 1405 2308 Quod
1421 2235 1518 2299 etiam

287 2332 374 2401 base
393 2338 562 2404 memoriae
587 2335 783 2420 Theophilus
810 2334 929 2399 tacitus
957 2332 1188 2418 quodammodo
1215 2335 1387 2418 indicavit,
1422 2358 1518 2421 quum

291 2435 409 2504 miraris
427 2440 589 2526 cyclorum
611 2438 766 2503 limitibus
789 2437 978 2521 circidisque
1000 2436 1169 2520 despectis,
1193 2437 1246 2520 qui
1270 2438 1367 2502 etiam
1381 2438 1518 2524 legitimi

292 2538 456 2626 manui,
479 2541 626 2607 laterculi
648 2541 696 2605 sui
718 2540 856 2604 formam
877 2539 952 2604 huic
974 2539 1062 2623 operi
1085 2539 1279 2603 destinatam
1300 2539 1342 2603 ab
1362 2540 1448 2604 omni
1464 2563 1517 2606 nc·

192 2662 195 2667 ·
294 2640 404 2709 &tate
421 2645 611 2731 praefinitae
631 2641 826 2709 recursionis
849 2645 977 2705 exutam
999 2640 1144 2705 absolute
1166 2641 1345 2706 incentum
1362 2664 1518 2708 annorum

295 2745 466 2832 suuper
486 2749 635 2812 aetatem.
673 2744 763 2820 Quod
786 2747 841 2808 aut
863 2744 982 2808 nostris
1004 2743 1178 2808 arbitratus
1200 2747 1250 2808 est
1264 2744 1410 2809 sufficere
1424 2765 1518 2829 posse

295 2844 456 2933 lubentes,
479 2853 536 2914 aut
558 2848 740 2914 curiosioris
761 2845 950 2931 diligentiae
972 2846 1115 2910 laborem
1130 2845 1296 2912 declinans
1311 2848 1519 2912 scrutandum

296 2948 394 3024 mres
410 2952 574 3037 negotium
596 2949 735 3034 reliquit.

354 3048 378 3114 t.
413 3052 479 3118 llas
506 3053 592 3118 inter
620 3050 840 3117 conflictiones
862 3050 988 3113 diversa
1010 3049 1223 3132 opinantium,
1252 3071 1361 3114 eorum
1382 3050 1516 3135 scilicet,

294 3146 335 3229 qui
348 3155 504 3239 mutarem
526 3154 690 3220 tramitem
710 3151 887 3236 seriemque
909 3154 1088 3234 temporum
1111 3153 1206 3234 atque
1228 3152 1322 3215 lunae
1345 3152 1516 3237 rationum,

294 3248 377 3331 ‘lubra
391 3260 512 3342 oportet
538 3256 651 3341 peragi
673 3254 823 3340 paschale
845 3257 1098 3335 sacramentum,
1127 3253 1224 3317 variis
1251 3253 1327 3318 licet
1348 3254 1519 3319 sententiis

292 3349 387 3435 fimat
403 3362 509 3424 tamen
529 3357 635 3423 studio
658 3356 794 3422 madere
821 3355 957 3439 stiloque
979 3355 1139 3439 explicare
1162 3356 1269 3419 conati
1292 3359 1383 3439 sunt,
1414 3357 1517 3422 audax

290 3453 387 3536 quidem
403 3461 524 3526 ridetur
545 3481 625 3544 esse,
655 3461 787 3544 hujusce
808 3459 856 3522 rei
878 3480 1068 3543 quemquam
1099 3458 1242 3542 profiteri
1269 3458 1449 3543 veritatem,
1478 3460 1518 3524 de

287 3576 340 3639 qua
355 3560 418 3627 tales
436 3563 584 3648 tantique
605 3561 861 3643 nutaverunt¹²).
905 3558 1025 3624 Verum
1053 3560 1128 3644 quia
1148 3560 1232 3644 apud
1255 3560 1358 3625 Deum
1380 3583 1445 3626 non
1469 3567 1518 3627 est

285 3662 402 3743 acceptio
418 3686 635 3751 personarum,
658 3663 858 3729 orationibus
875 3667 999 3727 vestrae
1015 3664 1197 3727 sanctitatis
1206 3663 1243 3748 ¹³)
1267 3663 1395 3747 adjutus
1410 3664 1517 3730 videre

282 3758 351 3826 mihi
366 3764 469 3851 videor,
493 3767 585 3832 istius
607 3766 692 3831 modi
714 3765 903 3850 disciplinae
926 3767 1083 3829 secretum
1105 3764 1297 3830 luculentius
1320 3788 1413 3850 posse
1435 3789 1517 3833 rese·

278 3882 352 3943 nro,
372 3867 395 3932 si
417 3870 458 3935 ab
484 3869 585 3954 ipsium
611 3867 724 3933 mundi
746 3866 927 3951 primordiis
955 3867 1077 3931 dierum
1103 3862 1264 3932 institutio
1292 3888 1331 3931 ac
1352 3867 1447 3932 lunae
1468 3871 1519 3934 vel

274 3976 429 4049 temporum
450 3993 488 4037 ac
516 3971 668 4055 deinceps
689 3969 784 4054 hujus
806 3968 1030 4033 sollemnitatis
1052 3968 1180 4032 initirun
1203 3970 1392 4054 requiratur,
1423 3975 1519 4056 atquc
1545 3955 1549 3964 ’

269 4074 317 4138 ita
336 4090 384 4155 per
400 4072 557 4159 digestum
579 4072 724 4137 ordinem
741 4071 949 4136 saeculorum
971 4071 1166 4155 quaestionis
1189 4071 1354 4136 abstmsae
1377 4073 1518 4158 explore-

265 4184 322 4243 tur
338 4171 503 4262 integritas.

347 4275 372 4340 I.
411 4276 590 4344 Recensitis
617 4277 717 4363 igitur
743 4275 889 4340 fidelibus
916 4274 1058 4338 historiis
1087 4277 1247 4358 veterum,
1281 4275 1368 4340 beati
1396 4277 1519 4342 scilicet

310 4418 321 4424 -
332 4418 395 4424 --—-
405 4417 553 4427 ---—-——-

326 4483 355 4547 ¹¹)
371 4480 423 4535 Alii
437 4484 624 4536 amnne.

325 4568 355 4623 *ἦ
372 4564 521 4620 victorium
539 4564 734 4621 archidiacono
747 4565 873 4620 Roaiam
891 4563 930 4618 sic
942 4564 1102 4632 loquentem
1115 4562 1190 4617 haud
1203 4563 1359 4630 mirabitur,
1377 4563 1424 4633 qui
1442 4582 1517 4619 rcco-

248 4651 338 4713 luerit
350 4649 554 4708 molossum
572 4651 608 4707 ad
619 4655 825 4706 archidiaconum
837 4655 931 4704 Romae
947 4649 989 4704 ita
1000 4649 1181 4704 scribentem:
1199 4656 1226 4702 r'n
1242 4656 1378 4703 sanctitate
1397 4662 1440 4702 triu
1453 4646 1517 4721 (τήν

246 4735 395 4811 ὑμετέραν
412 4730 586 4808 (transitus)
604 4742 755 4792 maim
772 4740 864 4790 babeat
874 4745 976 4804 portura
987 4747 1012 4789 et
1024 4741 1187 4806 tranquillam
1259 4739 1337 4788 Decet
1349 4739 1413 4787 enim
1424 4742 1517 4789 sancti

245 4837 329 4884 ma
346 4831 412 4875 tan
428 4824 492 4878 loos
509 4823 545 4894 vj
562 4816 704 4892 ὁσιότητι)
721 4828 757 4877 ad
773 4833 861 4876 cetera
878 4827 982 4890 eprepr'a
998 4826 1119 4888 facinora
1135 4841 1183 4876 arra
1200 4826 1265 4875 hunc
1282 4826 1358 4874 etiam
1375 4825 1453 4874 :elam
1470 4825 1517 4875 ad·

236 4922 361 4985 mm
376 4907 492 4975 (aaa.
510 4906 592 4979 sper.
606 4913 656 4962 ua
673 4907 717 4963 su
736 4906 852 4962 saura
869 4908 935 4961 tom.
949 4906 997 4973 iv,
1010 4912 1093 4976 nso).
