3450 5678
160 152 237 254 '440
648 197 835 248 s.ossss11
856 171 979 244 ssrsa'

74 373 159 422 sisu
172 356 343 443 praecipue
372 354 611 438 Eutychianam
644 352 802 416 haeresim
832 373 905 416 eum
930 373 988 415 suo
1020 351 1148 417 scilicet
1178 358 1308 419 auctore
1341 353 1445 440 Euty·

174 457 313 544 chete¹¹)
342 461 375 521 et
403 457 471 540 ejus
504 458 662 520 sectatore
685 452 838 518 Dioscoro
850 503 858 537 ,
893 453 944 518 vel
976 455 1211 520 successoribus
1244 457 1314 540 ejus
1345 461 1445 542 atque

174 558 498 626 communicatoribus
511 555 682 620 Timotheo
697 556 828 636 Aeluro,
851 554 948 620 Petro
971 554 1201 640 alexandrino,
1225 557 1346 623 Acacio
1361 556 1445 625 Con·

174 660 474 744 stantinopolitano,
498 656 594 721 Petro
616 657 832 739 Antiocheno,
856 658 1043 742 cunctisque
1059 678 1167 722 eorum
1186 659 1397 742 complicibus
1412 665 1446 726 et

175 761 496 830 communicatoribus
525 779 690 842 respuere,
725 759 878 823 damnare
911 759 1248 824 et'anathcmatizare
1276 767 1443 845 perpetuo,

174 885 346 949 omnesque
368 861 448 947 istos
469 863 503 924 et
523 859 706 944 hujusmodi
727 859 924 925 horribiliter
946 861 1120 944 exsecrari3
1142 882 1204 926 nec
1226 884 1371 947 unquam
1392 886 1446 930 me

175 988 247 1030 cum
267 965 387 1030 talibus
409 963 510 1027 ullum
538 961 681 1047 quolibet
703 961 796 1025 modo
824 962 976 1045 profiteor
1004 961 1189 1026 habituriun
1218 985 1288 1027 esse
1317 986 1445 1031 consor·

172 1067 264 1150 bum,
288 1065 343 1129 sed
367 1066 407 1128 ab
430 1064 480 1128 his
502 1064 651 1129 omnibus
672 1064 816 1139 futurum
838 1085 967 1147 prorsus
991 1062 1141 1127 alienum.
1176 1046 1446 1150 Quorum'pravi·

172 1173 276 1233 tatem
302 1166 379 1231 licet
400 1188 565 1251 nunquam
587 1165 754 1229 voluntate
777 1166 962 1249 receperim,
992 1169 1101 1229 tamen
1124 1187 1202 1248 me,·
1216 1167 1292 1250 quia
1314 1167 1444 1233 calam·

172 1270 252 1334 tatis
277 1269 417 1352 impulsu
445 1269 551 1331 minus
581 1272 694 1331 cautus
721 1267 830 1330 videor
851 1265 1013 1349 incidisse,
1038 1267 1097 1331 sub
1120 1272 1295 1351 conspectu
1321 1269 1385 1333 Dei
1411 1274 1447 1334 et

173 1370 260 1435 beati
283 1370 371 1434 Petri
393 1369 531 1453 apostoli
564 1370 694 1452 ejusque
726 1368 834 1432 vicarii
864 1390 901 1431 ac
928 1368 1028 1431 totius
1050 1367 1215 1433 Ecclesiae
1243 1391 1331 1452 msa,
1359 1371 1448 1437 sicut

174 1472 250 1555 dixi,
279 1471 525 1556 professione¹²)
554 1491 692 1554 voceque
716 1469 903 1551 condemno,
932 1469 1088 1552 detestor,
1118 1470 1283 1553 exhorreo,
1316 1472 1353 1536 in
1374 1472 1447 1537 sola

173 1595 224 1638 me
245 1573 308 1637 fide
336 1572 621 1655 communioneque
651 1571 808 1636 catholica
839 1575 872 1634 et
895 1571 1071 1654 apostoliea
1099 1593 1226 1656 semper
1252 1572 1446 1637 duraturum

174 1696 242 1739 asse
265 1675 469 1739 confirmans.
499 1673 558 1739 Cui
580 1674 730 1757 petitioni
752 1693 841 1736 meae
863 1695 961 1736 manu
983 1694 1055 1736 mea
1076 1673 1251 1757 subscripsi
1273 1673 1325 1738 dic
1346 1675 1448 1740 tertio

173 1776 287 1841 Iduum
316 1776 523 1856 Martiarum,
553 1774 687 1838 Victore
715 1776 783 1838 viro
815 1774 990 1838 clarissimo
1019 1775 1156 1839 consule.
1199 1773 1290 1839 Haec
1317 1779 1448 1841 vestrae

174 1878 366 1943 beatitudini
387 1879 422 1941 in
445 1880 605 1941 conventu
627 1875 927 1960 venerandorum¹³)
954 1875 1074 1941 credidi
1095 1877 1175 1941 meis
1197 1876 1347 1941 manibus
1368 1877 1448 1942 offe-

174 1962 309 2044 renda.“
345 1980 389 2044 Et
411 1979 475 2043 alia
497 1995 613 2042 manu:
637 1977 732 2062 „Ego
754 1976 897 2040 Misenus
919 1977 995 2041 huie
1016 1978 1167 2060 petitioni
1189 1998 1279 2042 meae
1295 1982 1329 2042 et
1351 2000 1371 2043 a
1391 2001 1448 2045 me

174 2081 302 2145 oblatae
324 2081 508 2164 subscripsi,
532 2080 583 2143 die
606 2083 639 2143 ct
662 2078 791 2142 consule
813 2079 1066 2163 suprascripto“.

258 2183 289 2246 6.
324 2181 471 2247 Gelasius
493 2181 659 2265 episcopus
681 2178 777 2244 dixit:
803 2185 886 2255 Quae
906 2187 985 2246 tecta
1006 2193 1076 2245 sunt
1097 2186 1353 2246 transcribantur.
1399 2181 1450 2248 Et

175 2283 307 2367 adjecit:
338 2288 416 2358 (inid
442 2288 582 2347 uideatur
605 2286 804 2359 fraternitati
830 2293 947 2346 vertrae
972 2288 1175 2361 statuendum,
1211 2289 1304 2347 vestri
1327 2305 1450 2363 quoque

173 2392 296 2450 consilii
316 2391 555 2465 participatione
582 2389 789 2447 destinamus
821 2404 994 2462 canescere.
1039 2383 1241 2475 Levavmmt
1271 2405 1306 2449 se
1332 2405 1449 2451 omncs

175 2486 314 2572 episcopi
338 2486 572 2570 etpresbyteri
600 2489 752 2570 rogantes
775 2489 808 2549 et
829 2484 987 2551 dicentes:
1017 2490 1144 2550 Exaudi
1164 2476 1295 2550 Christe:
1323 2492 1451 2553 Mario

175 2595 255 2654 vita!
283 2588 404 2652 dictum
431 2588 539 2651 vicies.
586 2592 672 2663 Quod
699 2593 780 2651 vobis
808 2592 888 2651 Deus
912 2592 995 2652 dedit
1021 2595 1053 2652 in
1078 2598 1240 2668 potestate,
1267 2597 1451 2669 pramtote!

174 2689 295 2754 dictum
323 2689 500 2754 duodecies.
544 2695 612 2755 Hoc
636 2692 694 2766 fac
727 2694 809 2768 qitod
838 2692 921 2764 facit
953 2689 1127 2774 domnas¹⁴)
1153 2694 1279 2754 Petris!
1321 2687 1451 2759 dictum

174 2792 288 2855 decies.
339 2795 376 2855 ist
396 2798 566 2871 indotatas,
591 2797 752 2870 roparnas!
773 2788 894 2854 dictum
915 2791 1036 2854 novies.

242 2962 273 3029 ¹¹)
292 2961 432 3016 Johannes
453 2960 610 3014 Maxentius
631 2959 660 3012 in
680 2963 842 3028 professione
864 2963 989 3012 catiotica
1011 2963 1162 3013 aedbricto
1185 2958 1312 3014 similiter
1329 2961 1450 3016 anathe-

173 3045 289 3099 matizat
302 3049 445 3114 Eutpcben,
467 3050 628 3111 Dioscorum,
651 3047 801 3097 Timotheum
815 3047 946 3108 Asturum,
967 3048 1068 3097 Petrum
1082 3048 1285 3098 Alexandriam
1302 3055 1328 3099 et
1342 3049 1451 3101 term

176 3134 357 3183 Antiochenam
375 3141 399 3182 et
420 3134 540 3183 Aeacimn
553 3133 856 3195 Constantinopolitanum
873 3149 927 3180 curn
945 3133 1056 3182 omnibus
1072 3132 1241 3182 sectatoribus
1253 3148 1339 3184 eorurn
1350 3140 1377 3183 et
1388 3150 1449 3185 ssc-

174 3218 328 3276 censoribus,
347 3221 569 3269 eornmunicatores
586 3225 611 3268 et
628 3217 774 3280 complices,
800 3222 844 3264 aut
863 3217 1001 3282 quicunque
1017 3217 1088 3279 forte
1107 3233 1192 3266 corson
1208 3221 1367 3268 maculantur
1384 3234 1449 3270 eon·

175 3305 286 3367 tapione,
310 3311 354 3352 aut
375 3305 506 3352 memorias
528 3319 614 3352 eorum
635 3301 778 3361 celebrant,
807 3303 850 3366 qui
870 3303 896 3350 in
919 3303 977 3366 ipsa
994 3293 1289 3364 damnatione'defuncti
1303 3309 1376 3362 sunt,
1400 3310 1448 3354 aest

174 3384 260 3449 (aetat)
279 3388 424 3436 innocentes
444 3387 591 3449 defendunt.

244 3467 274 3533 ¹²)
293 3467 326 3519 G¹
340 3469 367 3519 a¹
386 3472 553 3534 confessione.

147 3580 151 3585 ·
243 3552 274 3616 ¹³)
292 3550 354 3604 Bar.
375 3551 410 3606 sd
428 3569 517 3620 marg.
537 3551 615 3606 addit
637 3559 820 3620 episcoporum.
857 3549 886 3604 Si
904 3552 998 3604 tamen
1019 3553 1163 3620 gestorum
1179 3550 1289 3621 initium
1307 3552 1449 3610 consulte

175 3651 247 3700 mus,
271 3634 319 3687 ubi
342 3635 477 3690 nominati
500 3644 564 3689 sunt
580 3635 612 3701 ii,
635 3634 683 3704 qui
701 3634 792 3690 coetui
814 3634 878 3689 huic
900 3634 1097 3700 interfircrunt,
1119 3640 1328 3706 presbyterorum
1349 3637 1448 3707 potius

175 3734 258 3785 quam
277 3725 451 3790 episcoporum
472 3737 573 3774 nomen
595 3719 635 3774 ibi
652 3719 865 3774 adscribendum
883 3735 944 3773 esso
966 3719 1146 3774 censebimus.
1183 3720 1235 3784 Qui
1253 3719 1329 3776 enim
1350 3723 1448 3779 coetui

174 3802 238 3856 huie
255 3802 410 3858 mtsriuissc
429 3807 632 3871 momorantur,
650 3808 797 3873 presbyteri
813 3803 1004 3869 nominantur,
1023 3820 1079 3858 non
1096 3811 1219 3873 episcopi.
1255 3805 1296 3859 Ex
1313 3806 1449 3876 proxima

175 3890 269 3942 mmen
286 3888 486 3943 acclamatione
504 3888 575 3944 siout
593 3892 621 3943 ct
633 3906 667 3943 ex
680 3888 776 3954 altera,
795 3905 866 3958 quac
879 3888 915 3942 ad
927 3889 1054 3942 actorum
1067 3889 1170 3944 calcem
1182 3888 1336 3959 subjicitur,
1354 3890 1448 3959 liquet

174 3972 202 4024 in
216 3972 314 4027 eodem
327 3975 408 4028 coetu
427 3973 573 4044 episcopos
590 3973 746 4028 consedisse
759 3973 840 4026 simul
857 3975 886 4027 et
903 3973 1089 4042 presbyteros.
1117 3973 1171 4027 Ubi
1183 3974 1346 4040 amandino,
1358 3976 1448 4043 qnod,

175 4076 260 4125 quum
280 4058 406 4112 (talasius
429 4058 481 4112 toti
500 4058 647 4112 conventui
665 4057 790 4112 dixisset:
818 4062 884 4122 (trad
900 4063 1016 4111 uideatur
1031 4062 1195 4125 fraternitati
1210 4071 1311 4113 uernae
1327 4069 1448 4116 netues·

174 4149 242 4202 ciram,
261 4148 340 4196 uestri
357 4163 455 4213 qaoque
467 4149 566 4197 comitii
580 4148 779 4211 participatione
792 4148 964 4197 desideramus
976 4162 1128 4212 opnoscere,
1147 4143 1243 4197 sitifim
1255 4142 1447 4201 suburentibus:

174 4234 319 4281 leuauerunt
340 4247 368 4281 se
390 4247 474 4282 onmes
495 4233 612 4297 episcopi
634 4238 659 4281 et
678 4231 827 4296 presbyteri
847 4238 969 4296 ropantes
991 4239 1017 4280 et
1038 4233 1160 4281 dicentes.
1207 4227 1279 4281 'I'uru
1301 4229 1445 4285 umnam

174 4312 297 4381 ipsorum
303 4311 436 4382 'exposita
447 4312 483 4365 de
501 4312 599 4366 iisdem
611 4312 786 4382 adunatur:
806 4315 882 4378 Quum
894 4318 976 4366 denuo
987 4318 1122 4367 reducent.
1152 4311 1232 4366 Unde
1245 4311 1405 4368 confiditur:
1421 4320 1441 4368 l‘

174 4397 202 4449 in
214 4395 394 4465 synodalibus
405 4396 527 4450 conciliis
545 4397 723 4466 presbyteros
741 4414 797 4451 uon
814 4413 892 4451 secus
910 4397 996 4464 atque
1014 4396 1158 4466 episcopos
1175 4400 1291 4457 seinse:
1308 4400 1338 4451 2⁰
1354 4400 1434 4454 ustos

175 4498 229 4548 qua
246 4481 353 4551 pariter
370 4480 536 4536 sententiam
549 4481 649 4536 dinae
661 4499 751 4547 suam;
768 4485 796 4536 3ο
813 4485 941 4536 neutrum
960 4481 1083 4535 diaconis
1101 4497 1261 4536 consanum
1273 4497 1341 4536 esse.
1370 4482 1428 4538 Nm

173 4566 201 4619 in
220 4573 362 4634 gestorum
383 4565 464 4620 initio
486 4570 616 4621 adstitisse
638 4566 767 4620 dicuutur
785 4565 907 4630 diaconi,
931 4582 986 4619 non
1002 4572 1111 4628 sedisse,
1136 4567 1165 4620 et
1186 4563 1215 4620 in
1231 4581 1366 4635 processu
1383 4584 1422 4623 set

175 4650 339 4705 tententism
357 4651 458 4705 dixisse
476 4668 611 4718 nusquam
625 4653 826 4706 memorantur.

244 4738 274 4801 ¹⁴)
292 4736 336 4789 lta
353 4735 402 4801 N‘,
421 4736 455 4790 G¹
469 4739 495 4789 a'
517 4741 646 4797 Dominus,
665 4752 784 4803 moxque
803 4734 908 4789 omittit
925 4756 1050 4804 ropamus.
