3412 5664
673 325 808 375 ΜΟΝΙΤΑ
830 326 983 375 Puauvta
1005 328 1041 375 IN
1064 326 1205 375 ennesii

467 502 505 563 iu
526 500 642 562 Gelusii
662 517 764 579 papae
785 500 993 580 fragmentum
1014 500 1035 560 4
1057 497 1177 582 („Ptebs
1191 499 1405 584 dicetensem).

215 632 292 703 [Ea]
390 622 429 679 Ex
445 623 571 679 beselmo
587 621 701 679 bucensi
720 622 766 680 lib.
781 622 812 678 Vl
832 640 889 698 cap.
903 622 944 681 48
960 622 1004 696 (al.
1017 620 1069 695 50)
1091 632 1118 680 51
1134 622 1259 680 Gratiano
1275 640 1298 680 c.
1313 624 1351 680 11
1368 623 1397 680 0.
1411 622 1453 682 63
1468 632 1513 681 est
1527 640 1572 680 er·

302 709 435 783 scriptum
450 716 478 764 et
492 725 507 763 a
522 706 622 764 Mansio
644 707 706 764 5511.
724 725 801 766 5555.
818 707 1014 765 tom.Vlllcol.
1029 707 1089 766 138
1110 709 1225 783 primum
1245 708 1395 784 vulgatum.
1443 708 1574 768 Gerontii

304 795 454 850 Fidenatis
468 809 518 848 seu
533 793 712 850 Ficariensis
726 793 846 868 episcopi
867 795 896 850 iu
911 793 1025 850 concilio
1041 792 1170 856 Romano,
1192 792 1265 868 quod
1281 810 1351 851 anno
1367 794 1428 853 501
1450 792 1572 853 habitum

305 886 356 941 est,
371 877 534 952 subscriptio
549 877 651 951 legitur
665 877 709 950 (cl.
721 878 817 953 fragm.
827 876 886 951 ll).
917 878 1072 953 Suspiciosa
1086 887 1175 936 autem
1190 878 1256 936 haec
1270 878 1385 954 epistola
1400 888 1443 936 est
1452 878 1572 937 Berardo

305 963 398 1036 (Grai.
415 980 482 1020 ean.
496 966 612 1038 penula.
628 960 752 1036 11342),
768 964 849 1021 immo
865 965 1030 1039 imposturae
1045 974 1183 1021 auctorem
1198 965 1287 1038 ipsum
1298 963 1455 1021 Anselmum
1466 964 1571 1021 Lucen-

304 1064 362 1104 sem
376 1056 461 1123 putat,
478 1048 523 1122 qui
539 1064 570 1103 ea
584 1047 651 1104 nihil
665 1047 737 1105 aliud
752 1051 848 1124 egerit.
870 1066 949 1124 quam
972 1058 1001 1106 ut
1021 1048 1172 1106 libertatem
1193 1048 1356 1106 electionum
1377 1049 1572 1125 episcopalium

305 1141 452 1196 assereret,
477 1141 608 1206 utaque
630 1132 690 1190 solo
711 1150 768 1190 eam
784 1133 924 1190 Gratianus
945 1135 1087 1208 acceperit.
1132 1133 1230 1191 Verum
1251 1133 1318 1190 iilud
1340 1133 1449 1209 quidem
1466 1133 1571 1191 nullum

305 1227 506 1294 argumentum·
518 1218 570 1274 hoc
584 1217 680 1274 laisum
696 1227 747 1274 est.
791 1218 856 1276 Nam
875 1218 921 1274 illa
942 1218 1051 1275 libertas
1072 1236 1163 1276 nouue
1184 1211 1338 1294 aeque'per
1357 1220 1442 1294 prima
1463 1218 1572 1276 saecula

304 1312 385 1377 atque
400 1302 519 1360 anselmi
535 1312 658 1378 tempore
674 1303 804 1361 vindicata
819 1304 878 1360 est?
908 1303 1063 1361 Gratianum
1077 1312 1166 1360 autem
1183 1320 1237 1360 uno
1253 1303 1380 1361 Anselmo
1396 1303 1474 1362 tonte
1490 1320 1572 1363 usum

304 1405 364 1445 esse
380 1405 459 1445 uenm
475 1388 581 1452 dixerit,
597 1390 643 1463 qui
659 1389 802 1463 utriusque
817 1389 948 1446 lectiones
963 1390 1096 1446 variantes
1111 1390 1270 1465 inspexerit.

514 1522 553 1583 In
574 1521 690 1584 Gelnsii
710 1539 812 1601 pupae
834 1521 1041 1603 fragmentum
1062 1522 1081 1585 5
1103 1517 1352 1605 thesbytes).

213 1654 289 1727 [El]
303 1644 754 1804 ...111110011111
765 1644 1002 1795 'attilii
1016 1642 1575 1806 ,111111111111111111

302 1815 436 1890 integrius
457 1813 555 1870 deinde
575 1831 607 1871 ea
628 1814 744 1872 Gratiani
768 1815 878 1873 decreto
899 1832 922 1872 c.
940 1816 958 1873 3
981 1816 1009 1872 0.
1027 1816 1068 1878 24
1089 1832 1104 1872 a
1124 1814 1225 1873 Mansio
1246 1815 1309 1873 coll.
1332 1832 1409 1873 conc.
1431 1823 1500 1872 tour.
1518 1814 1577 1873 1711

301 1900 427 1957 551137
443 1898 614 1974 productum,
630 1917 703 1957 nunc
716 1901 747 1957 ad
764 1901 882 1958 anselmi
893 1900 1023 1959 Lucensis
1038 1900 1109 1958 l.Vll
1124 1919 1148 1959 c.
1158 1900 1197 1959 92
1213 1899 1374 1976 exemplaria
1389 1899 1578 1959 Germanense

302 1993 330 2042 et
344 1985 499 2041 Vaticanum
513 1986 685 2061 recognitum
700 1994 927 2061 repraesentatur.

531 2119 569 2180 In
591 2119 707 2182 Gelusii
726 2137 829 2199 pupae
851 2119 1056 2201 fragmentum
1077 2118 1097 2180 6
1120 2115 1340 2202 („Qaartum“).

230 2253 288 2324 [aa]
387 2238 423 2296 Ex
438 2242 471 2298 iis
486 2250 536 2304 est,
553 2259 621 2317 quac
636 2242 720 2300 lucas
733 2242 890 2300 lloistenius
905 2244 933 2300 in
948 2243 1036 2300 lucem
1052 2259 1084 2299 en
1099 2241 1261 2300 collectione
1276 2240 1417 2299 cardinalis
1424 2240 1580 2301 lleuededit

303 2327 400 2383 emisit.
431 2326 537 2385 Sabino
552 2344 605 2385 una
620 2345 681 2385 cum
693 2327 814 2404 Crispino
826 2330 994 2403 superiorem
1007 2327 1195 2404 epistolam23
1210 2329 1366 2403 inscriptam
1377 2327 1433 2399 jaun
1444 2326 1579 2387 uidimus.

524 2461 562 2522 In
584 2461 701 2523 Gelesii
720 2479 822 2541 papae
843 2462 1049 2543 iumentum
1070 2460 1088 2521 7
1110 2459 1206 2543 („an
1221 2457 1339 2543 ausu··).

211 2593 288 2665 [¹³1¹
301 2583 1161 2742 nullll‘liiglil‘ll“liol'mlbfi‘llil-l
1169 2583 1265 2726 1³l³²
1287 2582 1406 2727 16661
1425 2581 1581 2724 lli-¹⁰¹⁰*

302 2772 325 2811 c.
341 2755 380 2812 26
396 2711 478 2812 (123
494 2771 540 2829 qu.
557 2713 585 2819 s,
607 2712 717 2812 alteram
732 2687 1072 2832 1551532531ρῖ5ῑεῖ
1086 2687 1138 2812 need
1151 2687 1271 2813 555116ο
1289 2772 1316 2830 p.
1330 2753 1351 2810 11
1373 2685 1397 2810 ἓ.
1416 2685 1466 2817 Gor,
1490 2684 1581 2830 1¹3ss

301 2857 397 2914 carpus
412 2839 430 2896 l.
448 2840 458 2895 1
480 2849 499 2897 t.
513 2839 551 2897 17
573 2848 602 2896 51
616 2838 757 2897 Gratianus
779 2858 803 2898 5.
817 2841 856 2900 92
878 2840 940 2899 C.l
964 2843 1041 2917 qul
1063 2840 1202 2917 praebent.
1247 2839 1323 2897 Unde
1350 2847 1495 2914 utramque
1522 2841 1580 2896 etsi

300 2924 449 2996 sejunctam
464 2934 492 2982 et
507 2927 615 2982 inverso
631 2926 727 2983 ordine
739 2925 856 2984 blansius
871 2926 935 2984 coll.
951 2944 1027 2984 couc.
1045 2926 1176 2984 tom.Vlll
1191 2926 1243 2983 551.
1254 2924 1314 2982 127
1330 2925 1454 2981 inseruit.
1482 2922 1579 2981 Porro

301 3011 434 3085 Elpidius
445 3010 636 3068 Volaterranos
652 3013 796 3087 episcopus
812 3030 883 3070 anno
898 3012 960 3072 501
976 3012 1097 3069 Romano
1113 3011 1227 3069 ennodio
1243 3008 1414 3085 subscripsit.

543 3146 582 3207 Iu
604 3145 724 3208 (ieiunii
743 3162 845 3226 papae
868 3145 1075 3226 trementum
1096 3147 1118 3206 8
1140 3139 1321 3227 („lluper“).

210 3278 288 3350 [Ea]
386 3266 425 3325 Eu
441 3267 567 3325 Gratiano
583 3286 607 3326 5.
622 3268 640 3325 2
663 3268 691 3325 G.
709 3269 727 3326 7
749 3268 826 3344 qui
848 3271 1013 3345 exscriptum
1032 3268 1163 3325 ailansio
1185 3268 1205 3325 l.
1222 3284 1245 3324 c.
1262 3265 1326 3332 Vlll,
1344 3264 1407 3323 140
1427 3264 1576 3343 vulgatum

300 3361 352 3410 est.
383 3353 455 3409 idem
470 3354 599 3411 collectio
616 3358 701 3412 trium
710 3359 842 3427 partium
856 3354 913 3430 p.ll
929 3364 949 3411 t.
961 3354 1002 3414 46
1018 3353 1221 3417 5435115551,
1238 3360 1266 3410 et
1281 3369 1330 3427 pro
1347 3360 1423 3409 tentu
1433 3366 1575 3427 recogno·

300 3437 400 3495 scendo
421 3437 499 3494 nobis
520 3438 670 3496 Goustautii
691 3442 778 3497 nostri
803 3449 883 3498 notae
905 3456 937 3497 ex
958 3457 1023 3498 mss.
1044 3440 1193 3496 Pithoeane
1214 3447 1242 3495 et
1261 3438 1424 3514 losapbateo
1445 3436 1574 3495 aderant.

300 3525 378 3580 11555
386 3522 447 3580 499
463 3523 578 3580 55551115
593 3523 713 3581 llomauo
729 3524 902 3584 subscribunt
917 3527 1038 3602 proxime
1053 3524 1160 3600 quidem
1176 3532 1239 3600 post
1254 3522 1441 3599 Symmachum
1454 3521 1577 3581 Ocelim

300 3609 438 3666 Rusticus
452 3606 668 3672 Minturnensis.
691 3610 806 3669 subinde
820 3626 884 3668 uero
900 3612 1081 3670 Fortunatus
1104 3611 1278 3674 Suessones,
1294 3607 1372 3665 ambo
1387 3609 1415 3664 iu
1429 3608 1575 3683 provincia

300 3692 398 3750 Terrae
413 3693 523 3751 Laboris
539 3696 667 3770 episcopi.
695 3696 861 3772 Quamquam
875 3697 962 3754 eidem
977 3697 1092 3754 musitio
1108 3695 1253 3771 subscripti
1268 3695 1398 3770 leguntur
1411 3700 1440 3751 et
1454 3692 1500 3750 alii
1513 3692 1574 3750 duo

300 3780 462 3851 Fortunati,
480 3797 550 3837 uuus
563 3782 704 3857 Falptncs
718 3791 746 3840 et
761 3783 829 3841 alter
840 3783 1012 3858 despuimus
1024 3784 1178 3858 episcopus,
1195 3796 1311 3856 quorum
1326 3779 1402 3837 illum
1417 3778 1461 3836 bic
1475 3778 1574 3854 potius

300 3867 442 3924 memorari
458 3865 590 3924 Berardus
606 3866 625 3923 1.
642 3885 665 3923 5.
683 3867 714 3930 ll,
726 3867 787 3927 357
804 3868 914 3925 mavult.

515 4000 554 4061 In
575 4001 692 4064 Galerii
711 4018 811 4081 pupae
832 4001 1039 4082 stramentum
1060 4001 1080 4063 0
1103 3995 1347 4084 („Praecepte⁴·).

209 4129 286 4202 [111]
385 4122 464 4197 Apud
479 4123 636 4181 anselmum
651 4124 670 4180 l.
680 4123 724 4180 Vll
739 4141 762 4182 c.
774 4125 813 4182 39
830 4117 877 4198 (0²
892 4142 918 4182 c.
929 4125 986 4197 32),
1007 4133 1039 4181 ut
1052 4133 1080 4182 et
1095 4126 1122 4181 in
1137 4141 1202 4181 mss.
1213 4124 1340 4180 Vaticano
1356 4120 1438 4181 3832
1454 4119 1504 4178 151.
1517 4120 1571 4184 66,

298 4206 462 4283 losaplrateo
477 4226 508 4266 ac
522 4208 680 4274 Pitboeauo,
703 4227 754 4267 nec
773 4227 829 4268 non
849 4209 920 4285 apud
940 4209 1053 4268 ivonem
1074 4210 1176 4267 decret.
1192 4227 1220 4285 p.
1229 4208 1261 4265 Vl
1277 4226 1301 4265 c.
1317 4207 1387 4271 107,
1416 4206 1481 4263 Pau.
1497 4206 1518 4263 l.
1534 4206 1572 4263 lli

298 4310 322 4349 r.
336 4292 386 4358 55,
402 4293 579 4369 Polycarpum
590 4294 609 4352 l.
627 4294 648 4351 11
663 4305 683 4352 1.
696 4294 736 4353 31
753 4303 834 4371 atque
850 4295 1003 4353 Gratianum
1018 4295 1091 4354 512
1106 4295 1136 4351 ll.
1150 4294 1191 4354 55
1207 4293 1330 4359 habetur,
1345 4291 1417 4350 unde
1432 4309 1448 4348 a
1462 4290 1571 4349 llaneio

298 4379 317 4436 1.
331 4396 355 4434 c.
369 4378 432 4443 Vlll,
451 4379 512 4439 140
531 4381 694 4455 productum
710 4389 761 4439 est.
798 4383 876 4439 Anno
891 4380 952 4439 499
969 4381 1089 4439 Romano
1104 4380 1220 4438 concilio
1240 4378 1410 4455 subscriptus
1430 4378 1572 4452 reperitur

298 4463 449 4524 Palladius
462 4466 656 4525 Salmonte'nus
668 4468 822 4543 episcopus.
838 4466 892 4524 Sed
904 4468 947 4524 bic
955 4467 1170 4542 aliquisiusciae
1180 4464 1288 4542 praesul
1300 4464 1437 4541 designari
1449 4462 1569 4521 videtur.

510 4600 549 4661 In
570 4601 687 4663 (ieiunii
706 4617 807 4681 pupae
828 4600 1036 4680 numentum
1057 4600 1097 4662 10
1120 4594 1347 4682 (stomacus).

208 4729 284 4801 [Ed]
382 4721 562 4797 losapirateus
577 4740 609 4779 ac
622 4723 785 4781 Pitlroeanus
801 4741 865 4780 mss.
888 4734 916 4782 et
929 4724 975 4781 lvo
990 4724 1062 4781 decr.
1080 4741 1107 4798 p.
1120 4722 1153 4780 Vl
1168 4741 1192 4780 c.
1204 4723 1264 4782 106
1279 4721 1362 4781 5143
1383 4721 1571 4796 fragmentum

298 4807 368 4864 istud
385 4808 450 4864 eluas
465 4810 494 4865 iu
509 4817 599 4883 partes
615 4810 705 4867 multis
727 4811 785 4867 aliis
806 4809 965 4886 fragmentis
986 4811 1155 4884 interpositis
1175 4818 1329 4883 separatum
1349 4814 1570 4883 repraesentant.

299 4892 396 4948 11511155
419 4895 444 4949 in
461 4911 510 4951 ms.
527 4894 652 4951 Vaticano
669 4895 751 4953 3832
773 4894 820 4951 151.
834 4896 888 4959 06,
919 4895 990 4971 apud
1006 4895 1161 4951 inseimum
1181 4894 1200 4950 1.
1217 4894 1261 4950 Vll
1282 4895 1377 4952 5102
1398 4884 1445 4966 (02
1460 4909 1488 4951 5.
1504 4891 1572 4966 35)
