3450 5678
724 285 894 333 semrom
920 277 947 332 1.
1408 274 1469 338 aot

145 438 391 532 scripsistim
428 459 502 503 ecee
529 458 595 503 non
629 436 782 522 dignatus
816 441 865 502 est
897 438 951 502 ille
989 440 1163 507 rescribere
1196 462 1256 505 nec
1288 441 1378 505 vobis
1411 464 1472 506 nee
1489 444 1585 510 (ΗΘΒ

148 548 269 631 mssn
276 542 335 627 ⁶⁷)
355 539 483 605 Videtis
498 540 695 605 obstinatam
711 541 885 624 perniciem
899 542 1086 626 pravitatis:
1109 564 1217 609 nonne
1233 548 1266 609 et
1279 547 1412 627 propter
1426 566 1473 609 re-

152 655 354 747 ligionem
369 650 404 710 et
417 642 575 729 propter
565 642 719 726 injuriam
728 648 868 711 vestram
883 644 1006 710 debetis
1021 645 1189 711 unanimes
1205 667 1274 711 esse
1289 646 1474 711 nobiscum?

177 750 188 759 “
259 750 335 817 35.
383 752 479 811 Dicite
499 751 595 825 uoto,
618 745 779 831 inquiunt,
803 758 903 813 utrum
932 755 1060 813 l'r'tulem
1082 761 1112 815 cl
1135 755 1283 815 Misenum
1306 756 1477 816 absoluturi

166 867 250 937 ,mm
284 873 339 917 an
361 871 433 915 nou.
439 848 705 939 Respondemus
728 852 761 913 et
782 851 964 934 quaerimus
987 855 1021 914 et
1041 872 1100 914 nos
1123 874 1142 914 a
1165 852 1265 935 vobis,
1289 855 1397 917 utrum
1420 874 1473 916 eos

173 962 273 1036 satra
301 951 371 1019 fide
399 956 433 1017 et
463 952 686 1017 communione
714 952 873 1016 catholiea
901 958 935 1017 et
961 953 1045 1017 sedis
1071 953 1265 1037 apostolicae
1293 955 1473 1019 reverentia

181 1056 319 1135 absolsi
343 1054 461 1138 velitis,
484 1077 528 1119 an
550 1076 626 1119 non.
660 1053 696 1148 Si
719 1054 816 1119 salvis
839 1055 904 1119 illis
927 1078 992 1119 non
1016 1055 1123 1138 vultis,
1147 1078 1213 1121 non
1235 1078 1289 1121 eos
1304 1057 1365 1121 hoc
1379 1057 1473 1121 modo

188 1163 235 1234 <a
271 1157 462 1242 hujusmodi
496 1157 623 1221 ratione
656 1157 822 1222 solvemus.
866 1162 930 1220 Sed
947 1166 1144 1238 promisistis,
1181 1159 1341 1243 inquiunt.
1383 1159 1473 1235 Quod

198 1260 332 1353 promisi
354 1259 474 1345 legitur
482 1260 538 1345 68);
560 1259 621 1325 hoe
642 1282 730 1325 nuno
751 1260 886 1344 implere
903 1260 1071 1324 contendo.
1101 1260 1236 1326 Promisi
1260 1262 1345 1325 enim
1363 1265 1473 1327 delibe-

206 1376 352 1443 rotimum,
374 1368 524 1442 quomodo
543 1370 630 1443 juste
651 1362 813 1430 uideuatur
841 1369 957 1428 absolui
960 1387 972 1435 ;
1002 1363 1062 1426 hoc
1091 1364 1188 1427 etiam
1216 1384 1303 1427 nune
1326 1364 1395 1429 sine
1417 1363 1473 1428 du·

213 1463 360 1531 bitatione
385 1466 549 1553 promitto.
595 1464 716 1531 Scitote
751 1487 829 1550 ergo
855 1465 1119 1549 deliberationem
1147 1468 1289 1529 nostram
1318 1466 1356 1529 ad
1387 1465 1473 1531 hunc

222 1564 333 1631 modum
353 1588 419 1633 esse
440 1568 646 1653 perductam:
674 1569 749 1654 quia
770 1569 848 1632 istos
877 1567 1041 1631 absolvere
1059 1590 1134 1636 non
1161 1567 1315 1651 valemus,
1346 1568 1409 1633 nisi
1439 1573 1475 1633 ut

228 1669 298 1747 iuste
319 1674 424 1735 nostra
450 1671 614 1735 sententia
642 1675 719 1736 ante
746 1674 873 1763 tempus
899 1670 1046 1735 videatur
1073 1671 1141 1734 esse
1169 1671 1294 1753 laxata,
1329 1671 1392 1734 nisi
1420 1692 1473 1735 eos

235 1787 409 1837 exoneremus
436 1773 722 1859 praevaricationis
744 1774 885 1859 pondere
908 1772 1265 1858 excusabilioresquessl)
1292 1773 1472 1855 reddamus,

241 1866 400 1960 lignumque
421 1877 465 1943 sit
486 1880 631 1941 nostram
658 1878 770 1941 ineos
793 1876 971 1960 anticipare
999 1875 1203 1958 sententiam,
1233 1898 1311 1960 quos
1341 1875 1474 1941 urinorie

244 1968 584 2063 comprobaverimus
609 1980 773 2045 inventos:
802 1979 942 2063 satisque
972 2000 1040 2042 esse
1069 1977 1226 2059 dicamus,
1261 2000 1299 2041 ex
1328 2000 1365 2043 eo
1392 1979 1472 2062 ipso,

245 2072 306 2151 quod
326 2078 433 2167 aliquid
460 2081 496 2145 in
528 2102 587 2145 sua
618 2081 740 2147 desidia
767 2080 975 2165 deliquerint,
1010 2080 1175 2164 hucusque
1208 2084 1367 2146 comestos
1395 2085 1428 2145 at
1456 2103 1474 2145 a

248 2192 315 2239 two
330 2183 541 2249 communione
569 2184 742 2248 submotos.
787 2182 832 2256 Ut
855 2188 960 2247 autem
984 2204 1037 2247 eos
1059 2183 1248 2266 relaxemus,
1280 2184 1474 2249 circumven-

249 2273 283 2335 ld
299 2276 487 2373 deceptosque
502 2286 652 2351 dicimus·
646 2286 831 2370 ,sequitur,
856 2288 892 2349 ut
906 2288 1062 2369 quantum
1076 2285 1155 2349 istos
1170 2285 1323 2370 teramus,
1347 2290 1474 2351 tautum

250 2379 421 2459 ‘triduanus
435 2389 601 2454 Acacium.
635 2389 748 2473 Neque
763 2388 849 2453 enim
860 2388 929 2471 J'aru
944 2387 1052 2451 vel't
1009 2391 1052 2451 ist
1053 2388 1080 2451 is
1096 2388 1182 2452 aliud
1197 2388 1302 2452 dicere
1317 2388 1367 2453 vel
1382 2382 1491 2454 uobis

138 2572 140 2577 Ι
251 2471 303 2543 hcet
317 2486 387 2554 uliud
408 2492 589 2574 aestimare,
618 2512 716 2576 quam
736 2491 828 2555 illum
850 2512 918 2557 esse
940 2491 1039 2555 totius
1061 2491 1344 2574 praevaricationis
1368 2496 1475 2555 aristo-

250 2590 464 2677 uunquidem
485 2594 518 2658 id
541 2594 675 2657 istorum
698 2593 856 2658 confessio
883 2591 1090 2678 synodalibus
1119 2593 1279 2658 dixisset
1265 2596 1449 2657 teneatur
1440 2617 1474 2657 m

250 2684 328 2760 8⁸0⁸
361 2694 521 2781 ltaque
494 2717 522 2759 ει
545 2696 776 2761 assertionibus
803 2697 910 2761 iterat
901 2720 929 2761 is
886 2699 991 2761 tet
1012 2695 1212 2779 professione
1240 2696 1405 2777 gennuata
1428 2717 1474 2759 re-

149 2842 152 2849 ·
250 2788 523 2877 <stercorariam
559 2801 655 2883 atque
686 2798 816 2864 decreto
840 2799 962 2883 justam
990 2819 1058 2861 esse
1087 2797 1297 2879 sententiam,
1332 2819 1413 2881 quae
1441 2798 1474 2860 iu

250 2882 361 2963 dudum
384 2900 429 2965 sit
455 2898 597 2985 prolata,
628 2923 700 2965 oum
727 2901 827 2965 totius
855 2906 891 2964 ut
892 2903 964 2985 ique.
994 2900 1288 2989 praevaricationis
1302 2921 1475 2983 exaggera·

248 2985 310 3057 illle
325 2999 491 3085 firmemua3
519 3024 576 3067 vos
597 3004 751 3088 reperite,
782 3003 939 3088 quomodo
965 3006 1077 3086 postea
1100 3002 1201 3085 possit
1223 3002 1354 3084 absolvi,
1382 3023 1475 3085 quem

248 3098 348 3177 “Pehb
365 3104 595 3191 quodammodo
622 3107 856 3170 contestatione
878 3104 1077 3167 damnffamus
1123 3103 1437 3187 Quemadmodum,
1427 3126 1475 3167 ru

245 3206 482 3286 consulimur
504 3207 679 3291 absolvere,
709 3208 808 3272 totius
830 3207 966 3271 vinculis
988 3205 1273 3290 praevaricationis
1302 3207 1475 3291 obstringi,-

244 3320 304 3385 mm,
325 3311 466 3395 etquem
487 3309 593 3375 levare
615 3308 750 3375 nitimur
756 3360 765 3393 ,
796 3314 864 3375 toto
894 3308 1034 3394 pondere
1062 3309 1279 3373 danmatiouis
1301 3309 1474 3373 obruimus.

239 3400 326 3489 lloque
343 3415 395 3477 aut
416 3411 472 3477 isti
494 3416 692 3497 exspectent,
717 3417 753 3476 ut
773 3420 932 3478 curatione
941 3413 981 3496 7⁰)
1010 3420 1102 3477 totius
1124 3418 1281 3477 helesiae
1302 3412 1484 3486 seeundmn

235 3508 400 3578 euentum
421 3513 622 3597 liberentur,
635 3518 692 3579 out
706 3514 862 3599 spondete
884 3515 979 3581 uobis
996 3514 1055 3577 sub
1067 3514 1288 3597 jurejurando,
1312 3536 1477 3599 nunquam

229 3612 264 3677 de
286 3612 380 3681 Aeacii
402 3615 605 3682 absolutionc
627 3616 790 3702 quidpiam
814 3639 883 3681 esse
905 3616 1111 3701 poscendum.
1157 3616 1221 3682 Cur
1243 3616 1329 3680 enim
1351 3621 1411 3700 est,
1441 3621 1478 3680 ut

217 3840 272 3895 tue
287 3838 413 3895 unua
433 3840 506 3894 sunt.
543 3834 620 3904 Quae
637 3841 732 3894 autem
754 3838 796 3894 ibi
812 3841 983 3894 memoratur
1004 3836 1143 3910 pontificis
1166 3837 1201 3892 ad
1220 3837 1365 3909 episcopos
1383 3839 1477 3893 Orien-

215 3922 287 3981 tsler
305 3938 353 3993 pro
370 3923 622 3985 monendoAcacio
639 3923 775 3991 incitatio,
794 3942 855 3979 cum
873 3924 984 3980 illomm
1002 3925 1112 3993 scriptis
1128 3924 1255 3995 deperiit.
1287 3925 1363 3979 (lons.
1378 3924 1477 3978 irotitiu

210 4008 291 4083 epist
309 4007 388 4065 relic,
406 4009 432 4065 11
448 4024 506 4064 nou
524 4010 593 4065 exst.
612 4009 677 4065 n..I

278 4096 310 4163 ⁸¹)
327 4092 363 4147 Ν*
378 4100 446 4164 reat,
463 4092 540 4164 quod
558 4110 621 4149 cnm
636 4093 713 4149 staff
729 4094 905 4150 surreximus
940 4057 1047 4150 Deinde
1065 4094 1101 4149 Ns
1113 4102 1266 4159 solvemur,
1276 4093 1323 4148 ubi
1336 4047 1410 4149 Matt',
1424 4099 1474 4148 aal-

204 4200 303 4244 ηιιι,
321 4194 370 4233 nos
386 4186 508 4235 sulcem
526 4178 704 4234 correximus

274 4268 308 4334 ”J
325 4264 361 4319 ut
377 4265 448 4320 haec
464 4263 579 4335 quidem
597 4265 791 4337 episcoporum
810 4265 994 4321 Orientalium
1011 4264 1165 4337 proVitale
1184 4267 1213 4321 et
1224 4265 1330 4321 Miseno
1349 4265 1477 4319 interces·
1508 4276 1510 4281 '

199 4356 245 4411 sio
265 4368 330 4405 cum
344 4349 483 4421 pontificis
499 4348 684 4421 promissione
695 4350 834 4421 ·depsriit;
854 4353 924 4406 cons.
945 4352 1045 4406 notitia
1058 4351 1138 4421 epist.
1152 4351 1235 4406 Folio.
1250 4352 1273 4405 ll
1289 4369 1343 4406 non
1359 4352 1474 4404 exstant..

198 4462 227 4497 n.
242 4434 310 4493 xlv
320 4436 351 4489 et
360 4434 419 4491 XVs

272 4524 306 4591 ω)
325 4518 400 4574 Betiti
417 4538 480 4575 cnm
492 4520 568 4577 uad.
588 4524 803 4594 curabilioresque
878 4529 907 4576 si
924 4533 1017 4588 orclem,
1038 4536 1064 4577 ul
1082 4544 1126 4579 eos
1139 4532 1283 4578 relummue
1351 4528 1407 4588 ¹J'um
1420 4526 1478 4577 velt

194 4620 233 4669 ris
252 4612 331 4663 suad
345 4612 440 4663 dicere.
474 4606 540 4663 Mox
558 4622 610 4676 pro
629 4612 836 4672 Quemadmodum
856 4608 950 4661 uraliur
969 4611 1044 4673 Quem
1062 4614 1127 4665 dum

271 4694 307 4763 ”J
326 4689 365 4745 Ut
382 4691 444 4761 jam
466 4709 551 4763 supra
573 4694 629 4746 not.
649 4698 683 4748 ts
705 4692 873 4761 monuimus,
895 4693 1036 4748 seutemia
1056 4692 1235 4749 irr‘Aoacium
1259 4693 1299 4747 ita
1319 4693 1376 4747 latu
1394 4692 1478 4747 tuisse
1547 4739 1550 4743 ,

194 4780 331 4839 ridetur.
352 4778 384 4830 ut
405 4794 460 4831 non
483 4776 536 4831 nisi
553 4783 686 4833 curulium
704 4784 780 4833 {otim
801 4783 931 4834 Ecclesiae
949 4779 975 4833 h.
996 4797 1019 4833 e.
1040 4779 1196 4835 sublatione
1217 4779 1303 4832 totuis
1323 4777 1479 4847 schismatis

192 4861 342 4921 solvende
357 4864 438 4917 esset
456 4892 491 4902 -
507 4862 572 4917 bion
590 4862 627 4917 ΝΙ
644 4867 704 4917 Cum
722 4870 798 4924 ruisse,
818 4867 846 4916 et
864 4864 963 4919 deiude
983 4864 1050 4919 editi
1068 4870 1231 4935 prodiltom‘s.

1210 4951 1276 5016 20*

1486 516 1590 580 -rss.)
