3412 5664
737 324 932 373 uersuouas
957 316 983 371 1.
1009 313 1037 370 2.
1460 311 1520 375 311

237 493 423 556 ¹mnumers
444 479 600 565 exempla,
624 480 739 564 quibus
761 480 923 561 doceatur,
948 478 982 544 in
1006 479 1114 544 multis
1130 480 1274 544 falsitate
1296 485 1466 564 grassante
1489 482 1522 547 in
1541 467 1636 539 (2488

243 585 368 682 paucis
388 584 569 649 constitisse
591 583 770 646 veritatem.
1537 556 1639 605 '‘4⁸⁹'‘

334 688 389 752 42.
424 692 489 751 Sed
507 691 719 752 abominamur
748 690 819 763 boc,
851 686 966 769 inquis.
1013 685 1094 762 ouis
1124 685 1225 770 igitur
1251 686 1429 751 faciemus?
1472 688 1521 752 Ne

255 794 419 863 veritatem
446 793 613 854 teneamus
641 789 675 852 iu
691 788 830 872 ‘paucis
866 810 1005 852 erremus
1034 789 1068 852 in
1097 789 1231 853 multis?
1275 796 1371 868 Absit,
1402 792 1519 875 inquis.

259 899 450 981 Respuamus
477 914 555 979 crgo
584 891 633 955 vel
661 913 733 956 curn
760 891 906 975 plurimis
935 891 1128 973 falsitatem,
1159 891 1326 956 dummodo
1354 896 1521 958 teneamus

264 1001 307 1067 rel
328 997 361 1062 iu
381 994 588 1081 paucissimis
603 994 781 1060 veritatem.
828 992 943 1058 Nonne
964 996 1032 1057 toto
1048 993 1167 1057 mundo
1183 994 1360 1059 falsitatem
1375 999 1518 1080 tenente,

268 1106 297 1169 in
324 1098 466 1184 apostolis
500 1098 547 1162 ita
582 1097 751 1162 constabat
786 1096 947 1178 Ecclesia,
986 1097 1071 1161 sicut
1103 1098 1281 1161 mandabat
1314 1100 1346 1160 et
1379 1099 1520 1163 veritas?

271 1204 371 1270 Nonne
383 1204 448 1266 toto
463 1198 581 1286 populo
596 1199 765 1263 deerrante
787 1199 821 1262 in
845 1203 967 1283 septem
990 1198 1130 1263 millibus
1147 1201 1230 1284 apud
1248 1200 1412 1265 Israelitas
1428 1185 1624 1307 man-3132}

276 1307 311 1371 m
327 1302 482 1369 Ecclesia?
508 1301 553 1366 Et
580 1302 607 1365 si
630 1306 747 1367 cuncte
773 1324 936 1367 curramus
948 1352 956 1384 ,
987 1302 1167 1366 invenimus
1195 1303 1379 1368 innumera:
1409 1328 1517 1370 nonne
1570 1295 1577 1316 '
1619 1297 1623 1306 ’

278 1407 482 1491 scriptumest,
507 1415 627 1470 arctum
649 1418 679 1470 ct
699 1418 859 1484 capucium
875 1426 937 1469 csse
960 1412 1049 1487 viora,
1077 1426 1155 1484 quoe
1177 1412 1261 1470 ducit
1282 1413 1326 1471 od
1346 1414 1446 1487 silom,
1475 1415 1518 1471 la·
1532 1390 1663 1512 Mlsslillpb

209 1558 216 1577 .
282 1517 553 1589 immissamque
578 1529 656 1588 quac
678 1515 775 1572 {cudit
797 1514 840 1571 od
860 1515 1005 1572 mortem?
1582 1502 1586 1511 ’
1630 1504 1634 1513 ’

348 1610 389 1675 43.
434 1615 525 1689 cura,
555 1617 638 1690 quod
659 1618 718 1689 dli,
748 1610 884 1694 inquies,
913 1617 1019 1673 dicuat
1041 1632 1071 1674 sc
1098 1624 1202 1674 tencre
1223 1618 1304 1689 quod
1329 1619 1439 1677 rectius
1465 1626 1517 1678 est.

284 1709 385 1777 Interim
405 1714 473 1798 jem
500 1712 618 1777 falsum
646 1713 717 1795 erit,
752 1712 835 1797 quod
864 1735 898 1777 se
924 1712 1072 1776 fatentur
1100 1712 1133 1775 id
1155 1715 1265 1776 tenere
1288 1714 1372 1797 quod
1394 1737 1468 1797 nos,
1491 1718 1515 1779 si

285 1814 348 1878 emm
365 1815 466 1881 melius
488 1819 614 1898 tenent,
638 1815 723 1880 aliud
746 1820 871 1880 tenent.
916 1815 992 1879 Jam
1015 1836 1212 1899 consequens
1238 1819 1296 1898 est,
1325 1820 1362 1880 ut
1391 1839 1424 1880 se
1445 1823 1517 1902 pro'-

286 1912 342 1979 bent
359 1917 460 1987 melius
487 1922 598 2002 tenere
626 1941 721 2002 quam
751 1940 818 1981 uos.
865 1917 897 1982 Si
921 1918 1033 1981 melius
1056 1920 1186 2000 tenent,
1220 1918 1407 1983 abstineant
1435 1943 1468 1984 se
1498 1944 1516 1983 a

285 2036 333 2100 ue,
354 2022 398 2104 qui
422 2021 504 2086 male
532 2026 643 2086 teneo:
673 2021 790 2106 corrigi
817 2021 857 2083 ad
892 2020 986 2083 tidem
1026 2023 1059 2083 ct
1085 2022 1174 2105 sequi
1202 2020 1284 2104 quod
1314 2021 1427 2085 melius
1455 2027 1514 2104 est,

284 2116 412 2187 voluntate
436 2123 532 2188 debet
559 2123 685 2205 venire,
715 2145 780 2188 uon
808 2123 850 2186 vi.
896 2122 967 2207 Ego
993 2122 1041 2185 illi
1064 2124 1216 2188 molestus
1249 2145 1315 2188 non
1345 2147 1425 2206 sum,
1461 2124 1515 2189 ille

283 2219 441 2308 aliquare
463 2226 615 2291 molestus
638 2226 710 2290 est?
754 2226 826 2310 Ego
854 2230 890 2289 ut
916 2248 967 2289 me
997 2226 1138 2311 corrigat
1166 2249 1232 2290 nou
1255 2231 1345 2310 peto;
1374 2248 1439 2291 non
1461 2249 1513 2312 pe-

283 2322 345 2387 aas
365 2328 429 2412 quid
455 2328 592 2414 ingerit,
623 2328 698 2413 quid
728 2350 761 2392 se
790 2327 890 2392 infert
918 2327 1043 2392 invito?
1078 2326 1110 2392 Si
1138 2328 1262 2392 nullam
1289 2350 1394 2393 meam
1420 2333 1516 2414 putat

283 2438 333 2487 Μ
350 2432 541 2515 suendum,
566 2434 752 2496 contemnat
774 2430 878 2513 illam,
901 2431 976 2516 quid
999 2434 1166 2514 tantopere
1189 2431 1293 2515 poscit
1316 2433 1436 2520 eam⁸⁰)
1460 2435 1514 2498 ab·

281 2522 359 2591 mlvi?
387 2531 418 2599 Si
436 2535 542 2620 poscit
564 2533 697 2616 absolvi,
722 2537 754 2596 et
777 2555 845 2598 esse
868 2534 1003 2617 alicujus
1025 2535 1135 2619 utique
1158 2535 1313 2598 momenti
1335 2557 1401 2600 non
1424 2534 1513 2602 dubi-

280 2622 324 2708 ὴὲ,
341 2636 369 2698 a
381 2636 483 2720 justae
505 2637 722 2701 damnationis
738 2657 806 2700 esse
829 2637 1008 2720 confirmat,
1033 2660 1095 2721 qua
1119 2660 1152 2701 se
1175 2638 1280 2702 teneri
1302 2637 1444 2704 declinat
1459 2640 1512 2704 ob-

279 2726 403 2803 lfficlom.
444 2739 558 2825 ltaque
573 2741 715 2805 fateatur
737 2760 890 2821 errorem,
916 2740 965 2804 cui
989 2744 1039 2803 est
1060 2740 1151 2804 illata
1169 2740 1349 2823 sententia,
1372 2742 1513 2826 deponat

278 2843 395 2924 morem,
421 2846 455 2908 et
475 2864 577 2909 vacua
600 2843 762 2908 sententia
784 2845 842 2906 est.
889 2841 921 2907 Si
943 2843 1064 2925 injuste
1088 2847 1151 2925 est,
1183 2846 1274 2907 tanto
1302 2865 1372 2907 eam
1401 2866 1512 2909 curare

276 2946 327 3037 ΨΒ
343 2937 432 3030 debet,
459 2949 581 3031 quanto
609 2944 694 3031 apud
716 2944 820 3023 Deum
848 2948 880 3008 et
908 2943 1087 3028 Ecclesiam
1116 2946 1184 3029 ejus
1212 2946 1375 3010 neminem
1404 2950 1512 3032 potest

274 3031 363 3120 miquo
378 3069 509 3133 gravare
524 3048 704 3125 sententia.
733 3045 785 3112 lta
807 3069 883 3132 ergo
906 3069 943 3111 ea
966 3069 1000 3112 se
1023 3047 1143 3111 absolsi
1166 3070 1231 3112 non
1254 3048 1423 3130 desideret,
1447 3071 1510 3133 qua

273 3144 479 3231 sumamus
503 3150 657 3235 perspicit
678 3149 872 3235 obligatum
901 3151 1024 3213 sivero
1053 3170 1090 3213 ea
1118 3171 1152 3212 se
1176 3150 1302 3232 judicat
1332 3150 1509 3236 obligatum

272 3234 400 3323 ‘llmit
419 3252 553 3336 absolvi,
576 3253 687 3338 utique
708 3273 776 3317 non
797 3252 982 3336 praetendit
1008 3252 1173 3335 injustam,
1202 3274 1284 3336 quae
1310 3274 1381 3316 eum
1405 3254 1510 3337 potuit

269 3330 395 3445 ΜΒΝ,
422 3360 518 3440 atque
546 3354 587 3419 ab
610 3354 721 3419 eadem
744 3355 847 3440 poscit
875 3355 1008 3437 absolvi,
1038 3354 1111 3439 quia
1139 3376 1203 3418 uon
1234 3355 1338 3438 potuit
1365 3355 1508 3442 obligare

266 3445 412 3543 ”falum
435 3457 531 3523 dusta
554 3462 660 3522 autem
682 3458 709 3521 si
732 3461 792 3540 est,
816 3454 955 3522 nonnisi
969 3456 1121 3520 (lamnato
1145 3479 1249 3521 errore
1269 3460 1359 3541 justa
1375 3480 1508 3545 cognos-

263 3538 338 3612 αθαἱ·
368 3557 476 3645 Itaque
499 3560 585 3645 dem)
608 3559 803 3625 absolvenda
820 3559 928 3642 justae
951 3558 1148 3645 obligatione
1171 3560 1352 3625 sententiae
1368 3582 1508 3627 errorem

255 3628 394 3727 mestur:
416 3667 517 3748 ponat
538 3684 686 3744 errorem,
710 3684 772 3746 quo
795 3684 867 3726 eum
882 3651 1019 3747 ligatum
1041 3666 1131 3728 tenet
1149 3662 1239 3745 justa
1262 3665 1441 3747 sententia3
1470 3686 1507 3729 eo

250 3736 368 3827 ⁸⁰th
387 3765 593 3851 obligationis
616 3785 712 3829 causa
734 3763 913 3829 resolvitur.

669 3996 675 4011 .
714 3969 717 3976 ·
752 3933 933 4037 Epistola
960 3936 991 4016 2.

446 4070 581 4139 (telesti
605 4071 780 4155 papacad
806 4071 1042 4136 Laurentium
1066 4070 1109 4136 de
1133 4070 1296 4154 lignido.
1517 4105 1635 4165 rarus)

250 4162 306 4217 dd
325 4197 502 4257 »carmenum
521 4208 611 4244 recens
628 4202 770 4259 mruruptas
786 4210 836 4258 pro
855 4195 980 4243 medicina
999 4197 1106 4259 quodum
1124 4194 1295 4245 orthodoriae
1314 4204 1339 4245 et
1357 4198 1388 4245 de
1403 4212 1471 4246 more

473 4280 632 4329 decursorum
650 4295 750 4329 suorum
766 4280 829 4340 fidei
843 4280 976 4341 formulam
994 4281 1030 4327 ad
1047 4281 1167 4328 ecclesius
1186 4281 1266 4330 arillil.

314 4368 351 4440 l.
389 4377 427 4443 In
450 4377 633 4463 prolixitate
656 4378 810 4461 epistolae
833 4377 1013 4441 dilectionis
1036 4382 1111 4442 tuae
1134 4381 1195 4442 etc.
1223 4377 1277 4465 [est
1298 4384 1452 4444 Aaosrosri'
1468 4350 1507 4443 ΔΙΙ

207 4450 334 4531 μωροῦ
359 4488 486 4561 epistole
501 4481 532 4562 3,
557 4485 608 4544 ubi
628 4478 770 4567 videsisl.

226 4554 319 4597 Χ

206 4596 398 4742 ffixlxcol.
406 4654 479 4719 olm:
492 4670 608 4704 numerus
614 4655 727 4718 pusillus,
734 4649 782 4713 ait,
789 4670 833 4703 uer
844 4653 921 4711 obest,
928 4654 969 4704 ubi
978 4650 1090 4705 abundii!
1098 4658 1190 4720 pictus,
1198 4656 1379 4719 necmultiplex
1387 4657 1502 4719 prodest,

263 4722 378 4795 '‘aarur
389 4740 519 4805 impietus:
537 4736 566 4790 et
578 4755 626 4790 non
639 4739 768 4788 mretricem»
781 4740 828 4793 sed
839 4755 917 4789 corma
929 4741 1112 4792 darrmutioneru
1127 4743 1378 4804 celjustiflculioaem
1391 4742 1502 4792 adducit.

288 4804 333 4882 ”l
351 4820 426 4877 Editi
445 4820 535 4876 omitt.
554 4841 621 4884 eura,
639 4836 758 4888 moxque
777 4820 840 4875 add.
860 4842 909 4876 non
928 4823 1003 4888 lanto
1022 4826 1151 4890 declinat).

291 4889 334 4969 ι’)
351 4905 401 4962 Ed
420 4912 458 4961 ad
473 4911 616 4962 solvendam
688 4909 870 4973 odllpalionem.
