3412 5664
504 128 699 178 seraranan
723 117 911 177 103—105.
1281 111 1344 176 905

50 283 198 369 scripto
218 282 436 370 damnasse³),
467 284 541 368 quia
563 304 620 367 per
641 282 726 347 hanc
748 281 935 346 distantiam
960 280 1045 346 filius
1072 283 1183 346 noster
1203 281 1253 345 uir
1273 281 1344 346 illu·
1357 292 1392 358 (a.
1400 293 1469 359 519.)

47 386 151 452 stris
165 385 305 451 Albinus
319 385 487 472 religiosus
502 385 628 450 videtur
641 385 748 450 facere
764 382 1007 469 quaestionem?
1035 383 1081 449 Et
1096 383 1212 469 cogita,
1236 386 1344 449 utrum

46 493 99 553 et
133 489 313 554 scribentes
341 491 453 554 contra
479 487 737 554 Calchedonense
765 486 935 552 concilium
962 508 1019 570 per
1045 485 1137 550 illum
1163 485 1344 572 generalem

44 589 221 656 libellum
242 593 370 655 tantum
392 590 510 674 suscipi
534 591 682 674 debeant,
706 613 748 655 an
773 593 856 655 certe
873 588 994 674 aliquid
1009 588 1145 673 amplius
1161 588 1343 676 adjicere⁴).

159 692 193 757 2.
226 692 275 757 De
298 691 518 757 Alexandrina
541 695 573 757 et
595 691 799 758 Antiochena
822 690 997 776 ecclesiis⁵)
1020 690 1134 754 solatio
1154 690 1216 755 Dei
1243 692 1345 755 nostri

47 794 205 879 adjutus
228 794 364 879 enitere,
393 799 430 859 ut
451 794 598 859 omnibus
620 797 706 859 recte
734 794 895 878 dispositis
926 792 1140 857 communioni
1169 792 1345 858 catholicae

48 894 249 961 socientur.
294 896 434 961 Thomae
456 918 580 982 quoqne
603 900 635 961 et
657 895 833 961 Nicostrati
860 895 998 960 fratrum
1026 897 1059 959 et
1088 895 1346 980 coepiscoporum

49 1001 259 1062 nostrorum
280 998 458 1064 observatio
466 1001 492 1083 6)
515 1020 574 1063 nos
596 999 694 1084 longa
717 998 904 1081 contristet3
928 999 961 1061 et
981 998 1150 1081 miramur,
1181 1019 1237 1061 cur
1262 998 1347 1081 apud

53 1098 270 1164 catholicum
292 1100 470 1185 principem
492 1104 600 1165 rectae
622 1100 695 1164 fidei
717 1100 862 1163 laborare
884 1099 1054 1163 rideantur
1082 1098 1241 1183 episcopi,
1271 1121 1346 1185 quo

51 1223 145 1266 rum
168 1201 325 1267 desideria
346 1206 403 1267 tua
425 1202 553 1267 debebit
569 1202 686 1267 caritas
709 1201 874 1266 sublevare
896 1201 1033 1286 agendo,
1057 1203 1214 1285 quatenus
1234 1205 1347 1286 optata

55 1302 517 1391 consequentium⁷)‘moeror
540 1305 683 1371 converti
704 1304 805 1389 possit
826 1303 860 1367 in
883 1303 1044 1388 gaudium.

158 1407 191 1471 3.
226 1405 391 1471 Johannes
412 1406 658 1491 Nicopolitanus
681 1407 848 1490 episcopus
869 1425 928 1490 per
947 1405 1155 1470 Ammonium
1177 1405 1347 1471 diaconum

53 1507 169 1573 nobis
191 1508 334 1593 scripsit,
363 1509 446 1595 quod
469 1509 498 1573 ei
520 1509 618 1593 aliqui
640 1507 787 1572 malevoli
810 1507 896 1592 apud
917 1506 1097 1592 principem
1118 1507 1267 1571 nituntur
1292 1530 1346 1594 ge-

53 1631 190 1675 nerare
212 1611 421 1676 calumniam:
444 1633 539 1697 quem
560 1609 724 1675 dilectioni
746 1613 821 1674 tuae
837 1609 1094 1674 commendamus
1109 1607 1287 1693 hortantes,
1311 1613 1348 1674 ut

56 1710 235 1796 elabores,
265 1735 305 1777 ne
328 1712 396 1798 ejus
418 1713 517 1798 quieti
539 1713 741 1777 inimieorum
763 1710 864 1795 possit
886 1733 1001 1776 nocere
1027 1710 1200 1795 subreptio.
1245 1710 1346 1787 Quem

55 1813 284 1879 Ammonium
306 1814 474 1880 diaconum
497 1815 536 1879 ad
559 1837 618 1879 nos
644 1815 826 1879 venientem
854 1812 888 1877 in
910 1812 994 1878 sedis
1022 1812 1217 1898 apostolicae
1244 1813 1346 1879 nolui-

54 1936 144 1980 mus
167 1917 389 1982 communione
404 1919 564 2001 suscipere
582 1917 715 1999 tamdiu,
739 1916 841 1979 donec
862 1914 974 1980 habito
997 1937 1070 1980 cum
1084 1914 1197 2000 Sergio
1212 1915 1347 1981 diacono

56 2020 233 2102 tractatu,
262 2019 338 2104 quid
366 2019 507 2083 ordinari
535 2018 695 2101 debuerit,
730 2038 968 2103 quaereremus3
1002 2020 1035 2082 et
1065 2016 1126 2081 hoc
1159 2016 1346 2082 deliberatio

56 2122 187 2185 nostra
207 2120 389 2205 supradicto
397 2123 423 2208 ⁸)
447 2121 580 2186 diacono
601 2119 777 2205 probabilis
803 2120 944 2202 invenit,
976 2122 1013 2183 ut
1040 2141 1098 2204 per
1127 2118 1347 2184 testimouium
1376 2152 1379 2158 ·

56 2220 176 2287 libelli
199 2223 413 2287 communioni
436 2221 612 2287 catholicae
629 2224 837 2307 jungeretur:
866 2243 960 2306 quem
982 2221 1126 2286 libellum
1149 2220 1347 2286 sollemniter

59 2323 229 2408 oblatum,
252 2328 285 2390 et
305 2327 434 2390 nostrae
457 2325 642 2390 offerentem
666 2323 882 2388 communioni
905 2322 1125 2408 significamus
1147 2321 1346 2406 adjunctum.

59 2423 170 2491 Data.

569 2595 751 2698 Epistola
777 2595 857 2678 105.

277 2747 488 2816 Hormlsdae
511 2764 621 2832 papae
643 2748 686 2813 ad
708 2748 920 2814 Dioscorum
942 2745 1141 2812 diaconum.
1354 2728 1447 2793 (Μ19
1457 2727 1482 2781 d·

1368 2794 1472 2863 3Dec.)

10 2880 41 2929 '·
109 2887 182 2950 Quae
197 2904 248 2954 per
266 2905 319 2939 ewa
336 2896 408 2946 aeta,
428 2889 522 2938 Italiae
540 2891 641 2953 populis
657 2889 793 2952 placuisse.
824 2886 869 2937 Aa
885 2888 1062 2951 imperatorem
1080 2887 1227 2937 relitteres
1238 2888 1312 2938 datu-

108 2990 175 3032 run,
194 2981 222 3024 at
238 2975 318 3039 iprum
336 2975 533 3040 Alexandrinae
551 2974 674 3024 eeclesiae
691 2973 889 3037 praeficiendum
906 2978 978 3020 earet
996 2968 1030 3034 (a.
1045 2969 1079 3034 1).
1118 2970 1246 3029 Thomam,
1265 2972 1313 3023 Ni·

108 3064 259 3118 costratum,
282 3059 422 3111 Joomnem
440 3059 642 3123 Nicopolitamcm
660 3065 685 3107 ee
703 3058 835 3107 Paulinum
852 3057 1012 3119 defensorem
1029 3056 1055 3104 ei
1070 3057 1234 3108 commendat.
1271 3056 1310 3107 Ne

179 3160 231 3209 pro
248 3145 346 3194 reditus
361 3145 526 3206 festinatione
544 3145 605 3208 qaid
622 3143 796 3208 indispositma
814 3147 858 3191 aut
876 3156 925 3191 noa
943 3141 1086 3191 ordinatum
1106 3141 1242 3206 relinquat.

228 3275 438 3341 Hormisda
459 3275 649 3340 Dioscoro
672 3274 850 3339 diacono.

160 3397 191 3460 1.
229 3395 278 3460 De
303 3395 422 3460 laboris
449 3396 497 3459 tui
525 3394 668 3479 quidem,
703 3416 797 3478 quem
825 3392 886 3458 Dei
919 3390 1149 3475 omnipotentis
1178 3393 1345 3477 juvamine

139 3579 285 3651 ¹)Supple
304 3580 562 3646 ‚Calchedonensem
584 3580 727 3650 synodum.
768 3579 874 3634 Deinde
896 3578 1041 3634 mallemus
1063 3584 1123 3649 qula
1141 3591 1256 3648 propter
1278 3584 1344 3635 donc

74 3670 222 3721 dormian
240 3680 290 3720 ceu
304 3677 417 3735 propter
433 3671 481 3720 boc
498 3670 641 3724 discrimen.

137 3752 161 3809 ⁴)
178 3750 212 3805 Iu
229 3749 302 3820 vulg.
322 3756 458 3810 addicere:
475 3751 504 3805 in
521 3751 556 3806 G'
575 3768 659 3820 quum
677 3751 788 3821 legatur
805 3755 920 3812 adicere,
948 3765 1005 3803 non
1020 3748 1117 3804 littera
1133 3753 1152 3803 d
1166 3748 1216 3804 sed
1233 3755 1243 3803 i
1258 3749 1344 3819 gemi-

71 3835 167 3892 nanda
183 3835 246 3890 fuit.

130 3911 161 3991 ’5)
179 3921 253 3975 Dum
274 3920 344 3975 haec
365 3920 506 3976 scribebat
523 3919 684 3988 Hormisda,
707 3920 896 3976 Antiochense
920 3918 1052 3974 ecclesiae
1076 3919 1268 3990 episcopatum
1290 3919 1344 3974 Do

71 4005 172 4061 rotlreo
190 4004 361 4060 destinatum
379 4023 437 4060 esse
455 4006 579 4060 nondum
599 4006 734 4060 audierat.

137 4093 160 4159 ⁸)
178 4088 286 4145 Eodem
307 4090 451 4146 intellectu
473 4091 502 4144 in
525 4090 644 4161 epistola
665 4082 800 4161 superiori
818 4108 844 4144 n.
864 4097 880 4145 3
903 4091 1054 4144 narrantur
1071 4089 1191 4159 Scythae
1215 4090 1343 4145 monaehi

69 4177 179 4242 dicere,
196 4179 451 4232 observationum
468 4195 553 4230 morae
569 4196 597 4230 ee
613 4181 686 4243 ferre
699 4196 748 4230 non
759 4195 844 4244 porse.
876 4173 1012 4239 Quocirca
1024 4178 1213 4230 clamationes
1230 4152 1270 4228 ibi
1281 4191 1342 4245 per·

67 4261 136 4316 inde
153 4258 312 4330 inlelligere
330 4261 386 4328 eet,
408 4262 493 4329 atque
511 4266 657 4325 arodenes,
681 4278 729 4315 seu
748 4262 779 4313 ut
795 4258 944 4314 Hormiada
962 4258 1042 4329 epist.
1064 4258 1267 4328 14410quitur,
1290 4272 1342 4314 tar·

67 4353 177 4404 demes.

137 4429 223 4499 pua
240 4429 274 4485 θ’
288 4433 324 4484 a¹.
360 4430 403 4484 Al.
422 4436 606 4500 consequendo.
647 4430 766 4499 Moxque
784 4429 853 4484 illud
871 4436 896 4484 er·
912 4430 948 4485 ad
966 4428 1155 4494 Ammonium,
1179 4429 1210 4482 ut
1228 4444 1262 4482 ex
1280 4430 1342 4484 sub·

64 4515 150 4572 nexis
167 4513 267 4584 liquet,
285 4516 413 4570 refertur.

137 4602 160 4669 ⁸)
179 4598 230 4653 Ed.
249 4598 312 4654 add.
337 4606 368 4656 de
387 4603 416 4655 et
433 4601 483 4655 sub
502 4602 546 4655 fin.
567 4608 668 4655 consule
685 4621 765 4671 supra
786 4605 893 4669 scripto.
935 4599 1005 4654 lbid.
1028 4599 1056 4653 in
1074 4615 1131 4667 seq.
1151 4597 1269 4668 epistola
1292 4620 1341 4670 quo

60 4689 155 4743 libedo
231 4689 323 4740 oblato.
