3450 5678
603 355 606 360 .
660 309 856 361 umeronau
880 302 1069 362 116—118.
1439 303 1502 372 919

231 467 371 530 vestrm
392 465 605 529 reverentiam
622 463 811 529 credidimus
832 487 928 550 quam
943 468 1216 553 commonendam,
1240 474 1277 535 ut
1299 471 1364 537 suis
1386 475 1537 565 oratio-a.
1549 491 1605 541 520.

230 566 325 632 nibus
346 587 405 652 pro
426 569 537 630 nostro
558 568 668 630 utatur
688 566 823 651 imperio
849 587 969 652 proque
997 567 1151 635 incolumi
1179 574 1267 637 statu
1293 574 1499 660 reipublicae.

229 668 316 734 Data
336 666 401 734 VII
421 667 497 733 Idus
518 667 599 734 Julii
622 666 919 754 Constantinopoli,
943 668 1108 737 Vitaliano
1131 676 1163 737 et
1184 673 1318 741 Rustico
1339 676 1416 741 viris
1439 679 1501 743 cla·

229 770 364 836 cissimis
387 769 581 836 consulibus.

724 956 909 1061 Epistola
934 958 1010 1042 117.
1507 963 1639 1029 (aoros.

1533 1035 1548 1083 9
1560 1030 1614 1085 Jul.

410 1109 631 1192 Euphemiae
653 1107 838 1193 Augustae
860 1110 904 1177 ad
926 1111 1155 1178 Hormisdou
1175 1130 1317 1198 papam.
1512 1097 1640 1236 dial)

379 1249 467 1315 Ipsius
485 1249 644 1301 oracionibus
661 1264 689 1300 ae
706 1252 834 1316 virumque
851 1265 920 1301 cuum
938 1258 964 1301 el
980 1251 1158 1316 rempublicam
1175 1256 1340 1306 commendat.

378 1381 597 1475 Euphemia
619 1383 800 1468 Augusta
822 1381 1056 1448 Hormisdou
1077 1406 1214 1470 papae.

310 1501 526 1567 Beatitudinis
553 1504 627 1566 tuae
656 1501 780 1567 litteras
808 1505 902 1587 grato
926 1502 1131 1588 jucundoque
1157 1506 1353 1590 suscepimus
1376 1509 1494 1574 animo.
1508 1520 1552 1628 ep·
1564 1511 1597 1560 51

224 1604 325 1682 Quem
348 1604 467 1670 etenim
494 1626 561 1669 non
589 1604 692 1669 solum
714 1604 908 1690 apostolieae
936 1605 1020 1669 sedis
1048 1606 1223 1672 auctoritas
1251 1609 1407 1694 celebrat,
1440 1588 1523 1676 sede
1549 1579 1591 1630 94.

224 1707 309 1772 vitae
331 1727 455 1792 quoque
477 1707 680 1772 commendat
700 1706 872 1792 integritas
899 1709 932 1771 et
953 1706 1096 1772 studiosa
1118 1711 1224 1774 rectae
1246 1709 1320 1775 fidei
1341 1711 1494 1799 sollertia,

223 1807 320 1894 hujus
341 1808 439 1873 verba
460 1809 531 1894 quis
552 1830 619 1873 non
640 1807 861 1884 libentissimis
889 1809 1042 1894 suscipiet
1069 1810 1223 1876 auribus?
1265 1811 1371 1898 Igitur
1392 1817 1494 1898 posci-

222 1932 294 1975 mus
322 1932 360 1975 ac
387 1932 569 1994 monemus,
602 1914 639 1975 ut
660 1910 857 1975 orationibus
883 1910 999 1975 vestris
1028 1933 1193 1997 nunquam
1216 1913 1349 1979 excedat
1376 1937 1495 1982 nomen

221 2034 345 2095 meum,
382 2033 419 2077 ac
448 2014 619 2097 praecipue
641 2012 835 2077 serenissimi
863 2011 1010 2097 conjugis
1037 2013 1155 2096 nostri,
1190 2013 1246 2079 sed
1273 2017 1341 2079 tam
1367 2016 1493 2102 utrique

221 2116 402 2201 nostrorn¹)
425 2136 520 2199 quarn
542 2114 735 2200 reipublicae
757 2135 932 2198 supernum
951 2114 1100 2198 precibus
1115 2114 1229 2181 vestris
1243 2116 1389 2203 placetur
1403 2141 1493 2204 prae-

222 2215 348 2282 sidium.

716 2385 900 2491 Epistola
926 2385 1000 2470 118.

457 2538 595 2607 Celeris
617 2538 779 2606 illustris
800 2537 845 2604 ad
866 2537 1094 2606 Hermisium
1117 2558 1255 2623 papam.
1502 2525 1633 2646 (afflfl

255 2680 539 2746 constantinopolitana
561 2681 669 2731 ecelesia
688 2679 801 2742 feliciter
823 2679 859 2729 ad
880 2679 1000 2729 unitatem
1022 2681 1142 2739 redacta,
1165 2682 1236 2731 arca
1253 2683 1319 2731 aliua
1336 2684 1456 2734 eeclesiae
1517 2677 1573 2714 ⁸⁰⁰·
1587 2661 1613 2715 d·

585 2765 711 2828 ainpulari
728 2765 860 2815 clementia
877 2779 942 2828 opus
959 2779 1015 2814 esee
1032 2765 1121 2814 innuit.
1503 2733 1534 2782 ¹⁷
1544 2727 1633 2799 Sept.)

370 2896 537 2963 Domino
559 2896 793 2962 beatissimo
816 2900 855 2961 et
876 2895 1101 2980 apostolico
1122 2897 1231 2981 patri
1253 2896 1490 2965 Hormisdae

465 3000 621 3085 celeo).

303 3118 446 3184 Maxima
468 3119 561 3183 nobis
583 3117 811 3204 gratrdationis
835 3138 931 3182 causa
952 3119 1152 3202 praestetur,
1181 3118 1329 3202 quotiens
1352 3120 1392 3184 ad
1414 3142 1488 3205 apo

218 3222 372 3288 stolatum
392 3224 535 3285 vestrum
557 3220 717 3285 scribendi
739 3224 865 3304 tempus
888 3218 1063 3284 emerserit.
1100 3218 1198 3285 Nunc
1211 3220 1312 3306 igitur
1324 3225 1488 3288 remeante

217 3323 404 3390 beatissimo
426 3322 587 3388 Germano
610 3323 759 3407 episcopo
786 3322 837 3387 vel
863 3321 1136 3387 reverendissimis
1158 3322 1251 3406 viris,
1281 3322 1335 3407 qui
1357 3344 1377 3386 a
1397 3324 1487 3389 robis

217 3448 277 3512 pro
304 3425 538 3511 conjungendis
569 3424 691 3490 sanctis
727 3424 868 3489 eeclesiis
899 3424 1032 3489 fuerunt
1065 3423 1234 3508 destinati,
1271 3425 1485 3490 necessarium

217 3528 365 3594 duximus
391 3527 598 3592 sanctitatem
625 3529 765 3591 vestram
796 3525 936 3611 debite²)
964 3525 1127 3610 venerari,
1165 3526 1362 3611 indicantes,
1398 3531 1486 3594 ante·

218 3630 319 3696 dictos
347 3629 507 3694 habuisse
525 3629 653 3713 quidem
681 3628 837 3712 studium,
864 3631 901 3693 ut
922 3628 1121 3693 voluntatem
1143 3631 1282 3692 vestram
1303 3629 1416 3714 plenus
1439 3653 1485 3696 se-

216 3735 367 3819 queretur
394 3732 540 3815 effeetus3
577 3731 631 3795 sed
659 3731 735 3815 quia
760 3733 864 3795 totum
897 3752 1012 3815 corpus
1046 3734 1115 3796 erat
1143 3731 1320 3815 infirmum,
1355 3733 1485 3798 interim

217 3837 324 3920 eaput,
347 3834 431 3919 quod
450 3833 539 3918 prius
561 3833 776 3898 necessarium
792 3833 967 3917 judicatur,
991 3831 1133 3897 adhibito
1154 3832 1364 3898 medicamine
1379 3838 1484 3900 restro

216 3940 367 4003 sanatum
389 3938 453 4020 est,
477 3939 510 4000 et
531 3935 702 4020 dissensio,
726 3956 808 4020 quae
830 3938 901 4000 erat
921 3934 1007 3999 inter
1028 3934 1225 4000 venerabiles
1248 3934 1398 4001 ecclesias
1420 3937 1483 4002 Ro-

214 4195 292 4260 rant,
314 4191 457 4262 quidpiam
479 4191 617 4258 relaxare,
639 4207 712 4245 nune
733 4189 858 4260 appellat
874 4188 997 4243 lustinus
1017 4187 1053 4244 ab
1071 4187 1221 4245 Hormisda
1243 4189 1280 4244 ad
1297 4189 1481 4257 Hormisdam,

214 4278 252 4334 ab
269 4276 356 4347 ipsius
373 4276 521 4332 severitate
539 4275 576 4330 ad
593 4275 653 4344 ejus
671 4273 858 4341 clementiam,
880 4273 1008 4344 erigere
1031 4272 1194 4344 disciplinae
1212 4273 1249 4329 ad
1266 4274 1481 4330 moderatiorem

215 4361 367 4433 qnamdam
382 4360 574 4432 indulgentiae
592 4360 793 4416 demissionem.

215 4453 263 4502 nl
300 4450 320 4516 ¹)
337 4446 389 4501 Ed.
408 4459 557 4502 narbonen.
592 4445 657 4500 Mox
675 4445 709 4500 G¹
726 4447 846 4513 precibus
863 4450 965 4503 noceria.

214 4540 264 4590 118
300 4535 320 4602 ¹)
337 4534 370 4587 In
388 4532 423 4587 G¹
441 4531 487 4586 hio
503 4531 582 4586 deest
598 4537 636 4586 cir
653 4535 774 4585 illustria:
797 4529 847 4585 sed
868 4528 996 4598 inhujus
1014 4528 1112 4599 scripti
1128 4530 1219 4585 fronto
1241 4528 1345 4598 legitur
1362 4533 1481 4599 Epistola
1576 4587 1579 4591 ,

214 4623 312 4674 Celeris
329 4623 445 4673 illustria.

281 4706 303 4774 ²)
321 4702 372 4758 Ed.
391 4706 497 4765 debere,
521 4718 554 4756 ae
576 4699 675 4755 deinde
693 4712 719 4754 el
735 4704 930 4755 mansuetudine.
966 4699 1037 4755 Tum
1058 4717 1110 4771 pro
1128 4711 1154 4756 el
1171 4705 1361 4769 diapemaliaae
1379 4716 1479 4770 graece

212 4787 390 4845 hauddubie
407 4788 564 4842 habebatur
581 4787 631 4840 καὶ
650 4780 833 4855 διατυπώσει,
853 4800 908 4854 quc
925 4786 1011 4841 uerbo
1029 4785 1167 4840 indicatur
1185 4784 1285 4851 vatus,
1303 4802 1374 4853 quae
1392 4802 1422 4841 se
1439 4785 1480 4840 in-

214 4871 385 4933 firmantium
403 4871 601 4940 imbecillitati,
619 4871 650 4927 ut
667 4888 715 4926 eos
732 4872 811 4927 sanet
828 4887 861 4929 ac
878 4870 994 4944 relevet,
1012 4870 1090 4927 novit
1107 4871 1303 4943 attemperare.
