3412 5664
522 339 717 388 umeronsn
742 330 790 388 19.
816 329 867 389 20.
1199 388 1202 393 ,
1266 327 1328 393 387

57 487 131 575 Ψ)
158 515 195 559 ex
216 494 278 559 hae
306 493 402 577 culpa
423 493 530 560 nullus
557 517 639 578 pene
668 496 887 580 episcoporum
914 494 1060 559 videatur
1088 496 1233 560 extorris.
1278 498 1330 562 Ita

64 592 149 658 enim
167 617 224 662 nos
245 597 398 682 frequens
420 600 454 661 et
473 596 682 683 plurimorum
697 597 826 683 querela
845 596 1125 685 circumstrepit),
1148 601 1185 663 ut
1207 621 1246 664 ex
1268 599 1328 665 hac

71 700 156 767 Μ
174 698 253 765 nibil
275 699 405 784 penitus
427 703 557 784 putetur
585 701 805 765 constitutum.
848 702 984 765 Actores
1012 699 1168 784 siquidem
1194 701 1329 769 illustris

76 790 132 863 Viri
152 802 204 867 filii
224 802 330 867 nostri
351 802 548 868 Amandiani
571 804 714 888 graviter
737 805 990 888 conqueruntur,
1020 802 1166 869 homines
1188 827 1246 870 suo
1263 807 1329 890 juri

84 889 186 971 ltbitos
205 904 285 970 alios
308 904 411 971 adhuc
435 906 576 990 clericos,
601 907 680 971 alios
698 907 768 991 jam
783 906 934 971 diaconos
949 906 1128 990 ordinatos3
1151 929 1248 992 quum
1263 930 1330 973 non

10 1038 12 1049 =
89 999 166 1072 lulum
189 1012 260 1093 post
286 1007 490 1092 modernum,
528 1008 611 1094 quod
638 1013 805 1074 tantorum
832 1008 1021 1093 pontificum
1055 1008 1242 1074 collectione
1271 1012 1330 1076 sub

94 1110 202 1175 cunm
232 1100 461 1177 saluberrimae
493 1111 684 1196 provisionis
718 1133 851 1176 assensu
880 1115 1007 1176 constat
1041 1132 1110 1175 esse
1137 1112 1327 1198 perfectum,

95 1196 239 1292 hujusmodi
261 1215 450 1301 personas‘l)
472 1213 634 1298 suscipere
649 1236 715 1278 non
731 1214 872 1298 deberes7
896 1236 1006 1279 verum
1022 1215 1161 1279 etiamsi
1177 1216 1231 1301 qui
1246 1215 1329 1281 forte

94 1303 243 1380 iudirinae
267 1315 388 1380 cultum
409 1315 545 1381 militiae
568 1321 644 1381 ante
666 1317 789 1382 fuerint
809 1306 996 1403 ignortintia
1018 1317 1159 1383 faciente
1176 1320 1328 1404 suscepti,

91 1408 226 1501 elimipare
252 1439 383 1503 prorsus
411 1422 445 1483 et
466 1422 578 1484 erutos
605 1419 756 1505 religioso
778 1420 948 1505 privilegio
975 1420 1015 1484 ad
1038 1420 1237 1486 dominorum
1259 1444 1329 1507 pos·

83 1518 216 1585 sessiones
238 1521 329 1605 justa
355 1521 501 1586 debueris
529 1522 748 1587 admonitione
779 1522 978 1607 compellere.
1031 1521 1076 1587 nt
1108 1524 1195 1607 ideo,
1229 1524 1330 1608 frater

78 1619 233 1708 annino,
261 1645 415 1709 eosquos
438 1624 613 1710 supradicti
636 1625 696 1688 viri
719 1629 843 1689 actores
865 1625 899 1688 in
923 1623 1091 1689 clericatus
1113 1625 1219 1691 officio
1241 1649 1329 1692 mon·

10 1738 13 1761 '
70 1722 233 1791 straverint
254 1726 398 1810 attineri,
422 1727 580 1791 discussos
603 1729 636 1790 et
657 1727 811 1791 obnoxios
833 1726 1026 1811 approbatos
1043 1728 1200 1792 custodito
1221 1727 1329 1815 legum

65 1822 190 1894 cante
209 1829 279 1895 sine
301 1829 537 1894 intermissione
560 1828 708 1894 restitue:
732 1830 779 1893 ita
794 1833 829 1893 ut
851 1829 877 1893 si
901 1829 971 1914 quis
991 1830 1060 1914 jam
1083 1851 1121 1893 ex
1141 1831 1181 1895 iis
1199 1833 1329 1918 presby·

1342 499 1377 565 (a.
1388 504 1439 552 494

1342 571 1446 636 -4151

60 1924 108 1989 let
129 1932 304 2016 reperitur,
332 1933 368 1998 in
396 1933 506 1997 eodem
533 1931 637 2018 gradu
664 1931 781 2018 peculii
789 1931 816 2018 7)
846 1932 913 1996 sola
936 1932 1108 2011 amissione
1130 1939 1328 2019 permaneat,
1394 2011 1399 2028 x

56 2179 237 2249 tristent
255 2189 393 2256 assenmt3
411 2187 550 2244 novellam
569 2191 662 2244 autem
681 2188 905 2260 explanationem
918 2203 981 2244 cam
994 2187 1226 2260 interpretamur,
1246 2208 1328 2261 quam

58 2259 191 2327 &ln-iu
206 2272 286 2343 epist.
302 2279 333 2327 14
352 2290 374 2327 c.
390 2280 420 2327 14
437 2273 635 2344 promulgavit.

120 2355 151 2425 ⁴)
173 2357 212 2412 lta
228 2356 260 2422 Q'
275 2355 365 2422 Q¹X¹.
397 2358 464 2412 Zet
482 2358 550 2414 editi
568 2365 605 2413 r'ta
622 2373 649 2414 at
666 2381 702 2416 ea·
718 2365 766 2416 dac
783 2381 870 2417 cauta.

42 2454 53 2475 ’
120 2439 151 2507 ⁸)
174 2441 308 2498 Gelasium
330 2441 443 2511 quidem
460 2444 521 2512 jam
537 2452 668 2514 petieratis
686 2454 802 2516 querela,
826 2447 858 2499 ut
874 2444 933 2515 ipse
951 2447 1075 2516 loquitur
1093 2448 1172 2518 epist.
1193 2455 1225 2503 14
1244 2467 1266 2503 c.
1288 2456 1329 2518 14,

65 2530 249 2596 permoveat,
272 2530 304 2582 ut
326 2544 360 2583 ea
382 2528 417 2583 de
435 2545 465 2583 re
487 2530 613 2599 pluribus
632 2531 769 2601 episcopis
787 2532 963 2601 congregatis
981 2532 1156 2601 decerneret;
1177 2536 1208 2590 at
1224 2535 1273 2588 ubi
1290 2535 1329 2588 di-

68 2603 207 2674 chatam
222 2615 266 2667 est
282 2613 336 2667 hoc
354 2613 510 2682 decretum,
527 2615 622 2670 statim
640 2615 715 2670 hand
728 2615 812 2670 dubie
829 2617 974 2685 permultis
988 2619 1056 2673 data
1068 2622 1111 2674 est
1123 2619 1230 2673 occasio
1244 2619 1278 2673 de
1291 2637 1329 2686 re,

74 2702 147 2753 dnm
173 2696 259 2768 inique
281 2698 421 2766 ferebant,
445 2700 636 2755 vehementius
658 2703 861 2772 expostulandi.
896 2703 961 2756 Max
983 2720 1045 2757 cum
1063 2703 1096 2768 Q¹
1115 2704 1149 2757 X¹
1173 2703 1330 2774 scripsimus

76 2778 180 2850 moe,
194 2783 239 2839 ubi
255 2783 325 2839 editi
342 2789 452 2840 deditos.

128 2863 157 2945 ι’)
176 2867 333 2939 Zpertonae
354 2877 452 2940 emolpi
472 2891 522 2926 aon
540 2876 661 2926 deberent
680 2876 729 2941 (0¹⁰
745 2893 872 2941 personna
888 2879 984 2942 ausdpi
1006 2875 1178 2942 tondehere)
1252 2880 1329 2929 elimi-

83 2950 120 3001 “ll
136 2968 239 3016 worm
255 2967 283 3010 et
299 2961 372 3011 exuti
444 2960 576 3012 debuerint
593 2963 764 3012 advectitiam
782 2966 904 3027 compelli.
941 2962 976 3010 Et
994 2965 1063 3020 idco,
1079 2965 1180 3025 fratres
1197 2965 1328 3020 carissimi,

84 3049 133 3106 μ’
191 3049 364 3096 mutaverit
427 3063 458 3097 ac
475 3046 601 3112 probator
668 3049 809 3101 restituite:
828 3041 981 3111 castigatur
999 3058 1052 3112 ope
1070 3041 1103 3107 Q¹
1117 3043 1197 3108 0111Ι
1214 3046 1259 3110 ill,
1278 3043 1329 3097 nisi

87 3114 150 3190 q1⁰1l
164 3121 193 3177 X'
207 3132 337 3196 amttpere
354 3147 403 3182 non
422 3132 515 3184 debere
577 3149 617 3183 ea
630 3134 669 3183 lis
680 3131 816 3197 presbyter
827 3133 959 3182 invenitur.
987 3128 1079 3197 Atque
1092 3144 1126 3182 ex
1137 3129 1190 3183 hac
1202 3128 1329 3195 lectione,

87 3210 221 3279 afflupud
231 3211 345 3267 leonem
357 3212 438 3269 valde
450 3214 566 3270 confusa
578 3216 631 3279 est,
651 3212 798 3282 colligitur,
816 3212 888 3267 hanc
901 3211 1048 3281 epistolam
1060 3213 1197 3283 Martyria
1211 3215 1240 3267 et
1252 3215 1328 3268 Iusto

89 3291 170 3359 almi
181 3294 258 3353 tuns
275 3297 418 3369 scriptam,
434 3298 554 3370 ideoque
572 3315 729 3354 sermonem
746 3314 802 3352 non
818 3298 856 3352 ad
868 3297 936 3352 duos
949 3297 1031 3352 simul
1043 3298 1093 3352 sed
1104 3298 1141 3352 ad
1153 3316 1246 3365 unam,
1265 3298 1330 3366 quia

87 3370 181 3447 affata
193 3383 335 3454 proprium
353 3383 414 3454 ejus
432 3385 589 3456 exemplam
606 3384 774 3439 uadendum
792 3384 867 3451 erat,
887 3382 1018 3438 converti.

147 3463 163 3532 'l
177 3466 193 3521 Ζ
204 3474 301 3539 peenltr‘
320 3476 361 3525 eal
376 3476 511 3527 amissione
527 3477 659 3526 muletatur
680 3481 781 3524 maneat
855 3473 961 3540 Reliqua
983 3475 1078 3537 officia.
1113 3468 1221 3523 Ibidem
1243 3470 1331 3525 verba

79 3561 178 3627 ἐμω.
192 3558 238 3610 loe
309 3561 361 3609 atta
382 3554 429 3622 (al.
448 3559 502 3625 itta)
521 3573 583 3611 cum
601 3555 634 3621 Q'
651 3554 686 3610 X¹
705 3554 871 3610 addidimus.
912 3553 1038 3609 Gelasius
1059 3553 1105 3608 hic
1128 3571 1234 3610 morem
1257 3555 1331 3624 gerit

77 3632 249 3695 Valentiniani
266 3640 305 3694 ΙΙΙ
323 3640 449 3696 novellae
462 3640 496 3695 de
510 3640 616 3711 judicio
629 3640 780 3712 episcopali
792 3658 865 3695 anno
878 3645 927 3694 452
940 3639 1023 3694 datae
1037 3640 1090 3708 (tit.
1104 3646 1137 3695 34
1150 3645 1165 3706 5
1177 3644 1213 3711 a),
1230 3639 1260 3694 in
1274 3658 1331 3710 qua

72 3724 193 3786 arctim
216 3728 357 3795 Orlpt'narii
372 3747 435 3781 tane
453 3733 491 3783 cel
507 3734 587 3790 serat,
607 3733 649 3798 qui
661 3733 751 3796 jupam
769 3732 888 3781 nataliam
905 3731 1064 3780 declinantes
1080 3731 1117 3780 ad
1133 3731 1330 3780 ecclesiasticam

64 3832 103 3873 ne
115 3814 221 3866 affluet
235 3818 435 3880 memmerunt,
454 3819 571 3883 exceptis
588 3819 728 3882 episcopia,
751 3823 783 3866 at
796 3817 887 3866 dictam
905 3823 956 3877 ert,
975 3822 1018 3865 aat
1034 3815 1213 3880 presbyteris,
1232 3817 1268 3865 ad
1284 3816 1330 3866 do-

61 3900 261 3965 dnmjm
275 3902 399 3967 redeant,
416 3905 441 3954 ei
457 3919 507 3954 noa
524 3905 550 3953 r‘n
567 3903 654 3954 eodem
672 3902 758 3965 officio
775 3917 866 3951 aarum
889 3902 1039 3951 tricesimam
1056 3897 1136 3964 (uota
1151 3895 1330 3967 priuilegium

57 3981 222 4045 mbr
242 3982 481 4054 praescriptionis)
504 3993 681 4055 tmpteuerunt:
707 3989 745 4037 ita
765 3993 794 4036 at
814 3987 891 4048 bons
912 3986 1064 4036 conditionis
1087 3988 1209 4036 diaconae
1231 3988 1331 4037 domim

52 4090 113 4148 po
129 4087 161 4123 ae
176 4074 293 4124 deman
311 4075 419 4134 reddat,
441 4076 508 4125 amai
527 4077 630 4138 pariter
649 4074 750 4137 peculio
767 4074 894 4121 restituto.
931 4071 1007 4120 Circa
1025 4087 1096 4136 quem
1114 4071 1285 4129 nihilominus,
1307 4073 1332 4120 εἰ

50 4160 140 4227 min
158 4158 245 4208 scorti
267 4159 350 4210 dandi
369 4175 418 4210 nan
435 4166 569 4225 suppetat,
592 4174 657 4225 qaae
680 4160 712 4208 de
733 4158 879 4227 priattteriia
900 4155 996 4205 arbium
1016 4158 1135 4220 superias
1156 4163 1214 4207 sunt
1235 4162 1332 4206 statuta

48 4249 211 4303 mutar:
231 4239 285 4295 boc
302 4241 359 4308 eat,
382 4242 414 4295 at
431 4240 556 4296 subnexa
576 4239 677 4294 Arriam
699 4237 896 4309 interpretatio
919 4236 1051 4308 explicat:
1075 4244 1130 4306 tpre
1148 4244 1185 4293 ad
1206 4242 1330 4292 candido-

47 4346 115 4387 ιιι
145 4332 278 4395 propriam
300 4339 441 4386 reccoetar.
486 4326 528 4380 Ex
551 4342 584 4382 eo
608 4326 714 4392 autem,
744 4323 820 4393 qnod
847 4323 958 4378 saeculo
987 4322 1121 4376 obnoxios
1145 4321 1330 4377 ecclesiastico

46 4431 107 4473 ,eu
127 4409 260 4480 religioso
277 4410 431 4467 ministerio
450 4410 587 4482 obstringi
609 4410 734 4480 iniquum
757 4408 907 4478 aliquando
928 4407 1016 4462 visum
1037 4411 1093 4475 est,
1116 4407 1236 4478 percipit
1259 4405 1330 4475 quis-

46 4514 128 4572 que.
154 4497 258 4565 quanto
280 4495 402 4567 iniquim
425 4496 513 4552 videri
535 4496 650 4565 debeat,
677 4494 736 4550 Deo
759 4494 886 4550 addictos
908 4492 1010 4547 saeculi
1031 4492 1143 4548 servitio
1167 4489 1330 4561 mancipari.

47 4586 152 4642 Porro
168 4580 206 4636 de
222 4581 310 4636 citata
325 4580 516 4637 Valentiniani
534 4581 731 4638 constitutione
754 4581 783 4634 ct
804 4579 839 4633 de
861 4579 952 4633 altera
971 4578 1088 4633 Zenonis
1104 4576 1236 4646 Augusti,
1259 4592 1330 4643 quae

45 4667 184 4729 retertur
206 4665 224 4719 l.
248 4671 281 4722 at
304 4666 364 4722 cod.
386 4667 456 4721 Just
480 4667 547 4735 l,³
574 4670 673 4737 postea
698 4663 868 4719 Jntinimus
891 4664 980 4720 novel.
1006 4670 1053 4719 12³
1075 4682 1098 4718 c.
1124 4668 1153 4716 rt
1176 4660 1331 4730 derogavit,

45 4755 102 4811 ubi
126 4752 207 4807 inter
227 4751 285 4806 alia
301 4751 399 4807 edicit:
425 4757 611 4821 Adscrtptr'tict
633 4759 659 4806 in
681 4757 745 4821 ipsis
765 4753 980 4819 porrectionibus,
1002 4754 1029 4802 ta
1051 4753 1140 4819 quibua
1156 4758 1215 4801 aaut
1232 4751 1330 4801 adscri-

41 4846 144 4916 μιῆ,
170 4844 281 4894 εἰσίτω
307 4843 384 4892 ettam
408 4848 516 4906 praeter
541 4843 690 4893 cclcmatem
715 4841 869 4891 walacram
890 4841 952 4904 'ten'
975 4840 1155 4903 permittimus:
1190 4836 1227 4886 lta
1248 4841 1331 4885 tamen

43 4941 77 4987 nt
100 4929 201 4983 elerici
218 4928 288 4992 sacti
307 4927 447 4992 inpatttan
468 4927 518 4978 etta·
538 4928 719 4993 apteatturam
741 4927 905 4990 crispum.
941 4918 1013 4975 Vide
1040 4916 1187 4975 concilium
1209 4915 1333 4972 Aurelia·

1065 5005 1130 5072 25*
1246 5014 1250 5021 ’
