3450 5678
243 302 307 367 254
695 316 722 364 s.
741 314 875 362 sasrers
899 314 924 360 n
946 312 1061 362 anana

134 480 228 530 a.485.
242 472 334 538 lectis
358 471 469 534 Aeacii
491 468 619 549 litteris
649 490 727 552 quas
750 468 812 551 ipsi
834 467 1028 547 detulerant,
1050 465 1259 542 manifestum
1281 465 1341 545 est,
1368 486 1423 530 cos
1446 465 1521 531 sine

244 573 448 638 excusatione
475 571 601 653 vidisse,
631 592 730 633 unum
757 573 853 654 atque
881 570 965 634 idem
986 568 1119 634 Petrum
1140 568 1359 653 Acaciumque
1382 567 1519 653 sentire,

243 677 298 761 qui
313 675 445 740 Petrum
467 674 611 758 saneto⁸)
628 670 792 755 Simplicio
815 675 848 736 et
869 675 944 735 ante
966 671 1186 756 episcopatum
1206 670 1306 735 fuisse
1326 670 1521 737 damnatum

244 783 277 843 et
300 778 340 842 ab
356 777 557 861 episcopatus
570 774 673 867 ¹ipsius
688 773 842 838 retulerat
856 774 976 838 honore
991 773 1188 857 propulsum.
1226 772 1402 856 Adjectum
1416 775 1520 839 etiam

161 924 165 932 -
243 884 332 962 tunc,
356 901 453 964 quum
474 878 537 941 ista
558 878 592 941 in
609 876 845 941 examinatione
860 879 1052 957 tractantur,
1076 876 1160 960 quod
1175 876 1314 941 Aeacius
1328 875 1518 942 Johannam

244 983 333 1047 illum
355 981 522 1065 Tyriorum
551 979 703 1044 ecclesiae
727 978 842 1043 fecerit
864 978 1055 1062 praesidere,
1085 978 1139 1062 qui
1168 979 1345 1063 Apameuis
1378 978 1521 1044 aPetro

244 1083 467 1147 Antiochenae
490 1082 643 1146 ecclesiae
654 1085 793 1165 tyranno
807 1081 915 1144 furerat
930 1080 1097 1165 episcopus
1112 1080 1288 1163 ordinatus,
1312 1081 1369 1145 sed
1382 1080 1520 1147 minime

244 1188 401 1269 receptus,
431 1185 559 1268 proprio
581 1183 763 1248 ordinatore
791 1182 922 1266 depulso
951 1182 1094 1246 eamdem
1117 1182 1223 1247 sedem
1245 1204 1312 1247 non
1332 1184 1447 1249 timuit
1466 1204 1520 1250 oc-

245 1309 377 1371 cupare:
411 1309 490 1370 quos
522 1290 601 1350 tune
629 1286 797 1370 hypocrita
824 1286 962 1349 Aeacius
989 1286 1037 1348 ita
1064 1285 1143 1349 fecit
1170 1285 1211 1349 ab
1238 1284 1417 1370 apostolica
1443 1286 1521 1352 sade

244 1391 406 1469 damnari,
442 1392 479 1453 ut
507 1390 556 1453 his
584 1391 681 1452 etiam
709 1387 963 1453 Christianorum
997 1387 1185 1452 vocabulum
1212 1387 1395 1469 tolleretur,
1434 1388 1519 1474 quod

244 1497 337 1578 gesta
359 1492 477 1577 apud9')
501 1513 572 1555 euni
594 1490 706 1554 habita
728 1490 949 1554 manifestant.
1388 1573 1397 1584 ι

328 1597 359 1659 3.
398 1593 458 1657 His
481 1613 557 1677 ergo
580 1592 851 1677 deterioribusque
874 1593 1054 1676 compertis,
1078 1590 1220 1657 Vitalem
1242 1596 1340 1678 atque
1354 1592 1521 1659 Misenum

245 1721 264 1761 a
292 1696 481 1760 sacerdotali
516 1694 650 1778 collegio
683 1698 715 1758 et
743 1698 947 1758 sacrosancta
975 1695 1199 1759 communione
1232 1694 1519 1783 suspendimns'0).

244 1800 400 1863 Acacium
433 1818 557 1882 quoque
596 1797 747 1860 mensoris
783 1796 902 1861 Christi
935 1797 1147 1881 perniciosius
1178 1796 1359 1862 inhiantem
1393 1801 1430 1862 et
1461 1819 1522 1882 per

246 1903 391 1966 civitates
414 1904 509 1984 atque
531 1899 713 1983 provincias
739 1921 837 1962 unam
863 1898 985 1962 deiide
1009 1899 1200 1964 catholicam
1222 1898 1403 1964 Ecclesiam
1425 1899 1521 1965 dissi·

245 2008 387 2087 pontem,
412 2003 497 2066 inter
519 2002 683 2085 episcopos
705 2005 833 2065 sanctos
856 2003 952 2085 atque
974 2001 1060 2065 inter
1081 2001 1282 2066 Christianos
1300 2000 1522 2084 judicavimus

245 2128 310 2168 non
332 2105 453 2169 haberi.
492 2103 636 2178 Qualiter
658 2103 744 2167 enim
762 2104 831 2167 fieri
848 2107 983 2186 poterat,
1007 2108 1044 2168 nt
1059 2102 1208 2168 scindens
1222 2103 1367 2167 tunicam
1382 2102 1521 2185 Christi,

245 2230 341 2292 quam
362 2229 423 2271 nec
447 2207 671 2291 crucifigentes
694 2227 766 2269 eum
788 2205 927 2269 dividere
950 2206 1019 2269 ausi
1040 2209 1127 2287 snut,
1155 2206 1191 2269 in
1218 2226 1352 2291 numero
1372 2205 1521 2273 fidelium

247 2308 453 2372 censeretur?
495 2309 601 2392 Igitur
628 2308 750 2389 omnia,
784 2329 865 2391 quae
898 2308 991 2372 uobis
1022 2308 1055 2372 in
1084 2308 1199 2372 timore
1224 2306 1286 2375 Dei
1315 2312 1521 2393 competunt,

247 2412 426 2497 cogitantes
454 2415 487 2474 et
513 2409 746 2494 praevidentes,
776 2432 816 2472 ne
844 2411 940 2475 toties
970 2411 1147 2474 exstinctae
1170 2409 1396 2493 Eutychianos
1417 2411 1523 2495 pestis

246 2514 422 2596 haereseos
447 2513 536 2597 cujus
551 2513 689 2577 Aeacius
712 2512 860 2576 defensor
882 2516 930 2576 est
953 2515 985 2576 et
1007 2516 1172 2596 patronus,
1196 2533 1327 2596 serpens
1346 2515 1387 2577 ut
1402 2534 1523 2579 cancer

245 2615 364 2682 Christi
392 2616 535 2680 membra
563 2614 771 2698 disperderet,
801 2636 872 2678 euni
897 2615 966 2697 jam
994 2637 1081 2678 nune
1103 2638 1120 2678 e
1144 2636 1275 2699 corpore
1296 2613 1522 2681 ecclesiastico

244 2722 281 2783 ut
302 2721 427 2804 partem
449 2717 612 2802 putridam
634 2716 942 2780 anathematizamus
963 2717 1125 2781 sententia
1138 2720 1315 2782 memorata
1326 2715 1520 2801 abscissum,

243 2820 411 2886 dominicis
434 2820 566 2904 eloquiis
588 2820 814 2904 obsequentes:
841 2822 878 2883 Si
897 2825 1003 2884 oculus
1022 2831 1089 2884 tren
1116 2830 1172 2884 out
1187 2841 1243 2900 pes
1269 2830 1339 2885 iaus
1358 2826 1522 2887 wandali·

244 2930 362 2989 zooerd
383 2935 420 3000 te,
446 2928 568 2988 abrade
588 2943 655 2988 eum
677 2933 706 2985 et
723 2928 846 3002 projice
860 2926 913 2986 obs
934 2933 972 2986 te.

329 3027 360 3089 4.
406 3024 450 3089 Et
478 3029 515 3088 ut
541 3025 658 3088 caritas
685 3026 791 3087 vestra
818 3024 920 3107 possit
942 3044 1126 3108 agnoscere,
1155 3024 1354 3090 venerandas
1378 3024 1522 3111 synodos

245 3127 423 3193 Nicaenam
446 3131 478 3191 et
500 3126 698 3210 Ephesinam
723 3125 862 3210 priorem
884 3128 979 3211 atque
1002 3124 1294 3192 Calchedonensem
1317 3131 1435 3193 contra
1455 3126 1524 3195 Na·

246 3232 380 3296 sterium
408 3235 440 3294 et
467 3229 681 3315 Eutychetem
709 3229 933 3313 impiissimum
961 3250 1020 3293 nos
1042 3230 1211 3316 tenere¹¹),
1238 3232 1312 3315 post
1332 3229 1426 3296 illam
1448 3254 1526 3299 sen·

314 3525 334 3587 θ)
352 3520 428 3574 Editi
445 3542 462 3575 a
479 3531 567 3577 sancio
586 3524 714 3588 Simplicio
733 3521 773 3586 (et
791 3536 855 3574 mcx
872 3523 905 3574 ab
917 3523 1087 3589 episcopata),
1106 3523 1229 3575 errahrm
1245 3519 1344 3588 simile,
1363 3522 1445 3592 qnod
1455 3522 1516 3595 jan

246 3605 273 3658 in
292 3605 370 3674 epist.
385 3611 400 3658 6
418 3624 444 3659 n.
461 3613 473 3659 1
493 3605 659 3660 auctoritate
678 3623 740 3658 mss.
762 3607 938 3672 correximus,
965 3624 999 3659 ex
1017 3605 1116 3674 quibus
1134 3605 1304 3660 restituimus
1320 3626 1396 3676 paen
1412 3614 1514 3665 der-u

246 3703 294 3743 term
316 3702 422 3745 sauctae
444 3697 578 3745 raemoriae
601 3696 731 3745 decessori
746 3711 804 3746 ‘meo
826 3697 882 3759 ipse
904 3698 1030 3745 retulerat
1052 3691 1124 3757 (loco
1147 3713 1163 3745 e
1183 3703 1289 3747 sanciae
1310 3692 1388 3761 eto).
1429 3692 1514 3749 Pom

245 3775 343 3830 Petrus
359 3776 479 3845 Mcngus
496 3792 551 3829 nen
570 3792 587 3829 a
604 3774 745 3845 Simplicio
767 3792 844 3845 papa
864 3775 914 3830 sed
932 3792 949 3829 a
966 3776 1093 3831 Proterio
1111 3776 1310 3842 Alexandrino,
1337 3776 1407 3832 dum
1425 3778 1516 3835 adhue

246 3860 377 3914 diaconus
396 3863 469 3926 erat,
492 3860 639 3915 damnatus
657 3862 712 3926 eat,
740 3864 769 3914 et
786 3878 804 3914 a
820 3861 986 3916 sacerdotali
1005 3862 1122 3927 honore,
1148 3878 1232 3931 quem
1249 3864 1451 3931 usurpaverat,
1472 3862 1516 3921 da·

245 3944 334 4012 iectus
352 3947 395 3999 est
411 3946 473 4016 ipso
486 3946 602 4000 Zenonis
620 3945 797 4015 imperatoris
815 3946 935 4012 decreto,
954 3962 1009 4015 quo
1023 3946 1184 4002 Timotheus
1196 3946 1349 4002 catholicus
1366 3945 1518 4020 spiscopus

244 4031 438 4085 revocabatur.
466 4031 525 4086 Hoc
544 4032 637 4085 autem
656 4031 795 4100 gcnrinunr
813 4030 919 4086 factum
932 4031 1048 4086 Aeacius
1064 4031 1124 4102 ipse
1138 4031 1175 4086 ad
1186 4030 1361 4102 Simplicium
1378 4032 1519 4093 minsa

245 4114 290 4182 (cs.
310 4113 406 4185 Simpl.
426 4115 554 4186 epistt).

313 4203 333 4268 ⁹)
352 4201 387 4255 G¹
401 4204 428 4255 a'
446 4207 518 4270 opud
533 4207 613 4266 deam,
631 4204 659 4255 et
677 4217 741 4258 mox
753 4202 788 4257 G*
801 4208 979 4271 manifestatis,
998 4203 1137 4259 mendose.
1164 4203 1217 4258 Hic
1233 4204 1314 4273 gesta
1329 4202 1523 4263 illsindien-

244 4290 298 4349 tur,
317 4302 388 4355 quae
400 4285 516 4340 Aeacius
530 4285 771 4357 Constantinopoli
787 4288 894 4354 habuit,
911 4289 1074 4358 priusquam
1091 4290 1199 4343 litteras
1211 4289 1247 4344 ad
1260 4287 1440 4359 Simplicium
1455 4290 1524 4351 m't-

244 4373 326 4435 teret,
345 4371 379 4425 de
397 4372 497 4440 quihus
515 4374 673 4426 conferatur
690 4379 781 4428 aetitia
798 4380 961 4442 epistolarum
973 4380 1048 4443 dirius
1059 4366 1188 4446 pontificii
1199 4380 1420 4430 assentantium
1437 4372 1524 4435 11.ss

314 4461 344 4527 ¹⁰)
364 4457 488 4513 Gelasius
506 4457 584 4527 epist.
599 4464 632 4513 30
649 4464 705 4513 nt
723 4461 779 4512 eti)
797 4474 845 4513 eos
862 4477 1010 4531 suspensos
1027 4461 1111 4515 luisse
1128 4459 1222 4525 tradit,
1240 4466 1322 4516 donee
1338 4471 1452 4529 sumn
1463 4464 1526 4521 Du

245 4555 270 4598 ei
287 4550 379 4599 samaa
396 4548 576 4599 catholicorum
590 4549 734 4613 principum
756 4551 795 4599 nel
810 4551 901 4614 populi
917 4550 1057 4601 Continui
1073 4551 1256 4602 Aieaeandriaa
1276 4549 1432 4602 catholiea
1447 4568 1526 4607 κα.

242 4635 325 4699 pisse!
342 4636 487 4700 episcopum
504 4635 620 4684 ecelesia.
637 4658 672 4669 -
689 4628 753 4682 Mox
772 4629 807 4684 G¹
823 4636 993 4699 permolestus
1010 4636 1171 4687 intercutem·

314 4718 345 4783 ¹¹)
363 4716 395 4769 lu
407 4714 472 4770 edit.
487 4713 665 4769 coneihorurn
677 4714 723 4768 hic
735 4714 847 4769 additur
865 4728 921 4783 eia,
938 4716 1018 4785 quasi
1036 4716 1141 4786 aliquid
1159 4717 1239 4785 desit,
1257 4721 1287 4773 ct
1303 4718 1341 4773 ad
1357 4720 1526 4793 margin

245 4802 407 4855 annotatur:
431 4806 553 4872 Sequitur
570 4806 635 4868 fidei
650 4805 783 4855 instructio
801 4808 914 4869 ejusdem
932 4808 1064 4872 epistolae.
1106 4803 1193 4857 Nobis
1215 4822 1283 4859 vcro
1300 4803 1371 4859 nihil
1389 4806 1441 4861 liic
1459 4824 1526 4883 snp-

244 4901 378 4957 presaum,
395 4885 463 4941 nihil
482 4885 696 4941 desiderandmn
712 4886 830 4943 ridetur.
