3412 5664
723 307 895 358 semrom
918 298 989 358 125.
1429 301 1493 369 935

219 461 344 540 Quirici
367 460 530 547 eujusdam
551 463 584 525 et
604 460 743 544 Julitae,
773 461 856 527 sieut
871 462 1002 549 Georgii
1025 463 1221 552 aliorumque
1243 469 1396 553 ejusmodi
1418 486 1612 556 pas-(asro.)

218 564 344 650 aiones,
378 586 458 649 quae
485 564 526 629 ab
554 563 722 630 haereticis
750 564 960 651 perhibentur
986 567 1192 652 compositae.
1236 569 1373 656 Propter
1394 574 1489 658 quod,

216 670 257 732 ut
278 666 402 732 dictum
423 668 493 750 est,
516 687 558 731 ne
579 666 630 731 vel
651 666 730 732 levis
752 668 970 734 subsannandi
993 669 1130 735 oriretur
1151 673 1291 757 occasio,
1320 673 1357 738 in
1377 679 1490 740 sancta

216 768 369 834 Romana
391 768 525 833 ecclesia
546 790 611 833 non
633 769 795 855 leguntur.
840 769 908 835 Nos
928 773 1038 836 tamen
1062 793 1134 836 cum
1155 774 1321 857 praedicta
1342 774 1489 855 Romana

217 870 357 937 ecclesia
377 891 487 936 omnes
509 874 666 956 martyres
693 874 726 936 et
748 893 857 937 eorum
878 872 1033 958 gloriosos
1056 895 1192 960 agones,
1219 877 1274 962 qui
1295 876 1364 942 Deo
1385 879 1489 965 magis

217 995 316 1060 qnam
339 972 521 1038 hominibus
542 972 612 1038 noti
633 977 719 1057 sunt,
743 974 831 1038 omni
852 973 1019 1039 devotione
1041 997 1241 1042 veneramur.

304 1075 387 1140 Item
408 1075 491 1140 vitas
512 1080 655 1161 patrum,
684 1074 792 1159 Pauli,
821 1076 974 1160 Antonii,
1004 1076 1182 1143 Hilarionis
1204 1082 1237 1144 et
1257 1072 1400 1146 omnium
1422 1104 1488 1148 erc·

216 1178 387 1260 mitamm,
421 1199 500 1262 quas
526 1180 637 1243 tamen
665 1176 714 1242 vir
739 1176 940 1243 beatissimus
962 1177 1177 1264 Hieronymus
1200 1181 1385 1268 descripsit,
1416 1206 1487 1249 cum

218 1280 308 1346 omni
330 1278 451 1345 honore
472 1279 671 1364 suscipimus.

303 1381 385 1447 Item
408 1385 498 1447 actus
522 1381 697 1447 beatissimi
718 1378 864 1448 Silvestri
885 1383 1183 1469 apostolicaesedis
1205 1386 1377 1471 praesulis,
1410 1387 1488 1454 licet

218 1484 289 1569 ejus
312 1483 366 1569 qui
389 1484 581 1569 conscripsit
601 1505 720 1550 nomen
741 1485 923 1570 ignoretur,
947 1508 967 1549 a
988 1485 1097 1550 multis
1119 1488 1279 1552 tamenin
1294 1488 1372 1553 urbe
1382 1488 1486 1555 Roma

219 1585 385 1652 catholicis
412 1585 477 1672 legi
506 1587 712 1672 cognovimus
745 1590 777 1652 et
803 1609 861 1672 pro
890 1587 1022 1673 antiquo
1049 1609 1109 1653 usu
1136 1589 1255 1655 multae
1276 1589 1337 1656 hoc
1358 1591 1486 1658 imitan-

219 1692 272 1753 tur
295 1688 458 1754 ecclesiae.

305 1789 388 1856 Item
409 1791 569 1877 scriptura
597 1792 636 1856 de
657 1791 843 1857 inventione
865 1792 1044 1858 dominicae
1067 1793 1169 1858 crucis
1192 1794 1308 1863 etalio
1328 1795 1486 1881 scriptura

218 1894 257 1959 de
278 1893 465 1959 inventione
486 1893 601 1978 capitis
624 1894 710 1958 beati
724 1892 884 1960 Johannis
902 1893 1070 1980 Baptistae
1091 1895 1235 1961 novellae
1258 1897 1384 1981 quidem
1405 1899 1485 1964 rela-

216 1997 322 2061 tiones
349 1998 442 2079 sunt,
477 1999 510 2061 et
537 1994 685 2061 nonnulli
711 2017 765 2060 eas
794 1995 943 2061 catholici
965 1996 1089 2089 legunt.
1135 1996 1196 2063 Sed
1218 2020 1315 2083 quum
1337 1999 1417 2065 haec
1443 2001 1484 2066 ad

217 2095 447 2162 catholicorum
468 2119 584 2162 manus
604 2097 828 2183 pervenerint,
851 2097 940 2162 beati
962 2100 1099 2183 apostoli
1113 2098 1206 2164 Pauli
1227 2101 1400 2184 praecedat
1414 2124 1484 2168 sen·
1600 2148 1603 2153 -

215 2199 335 2265 tentia:
360 2202 467 2264 Omnia
483 2205 624 2281 probate,
647 2211 676 2265 et
697 2206 780 2282 qaod
798 2206 907 2266 bonum
927 2211 971 2265 ese
992 2209 1127 2266 retinete.
1498 2192 1616 2249 1Thess.

300 2300 384 2367 Item
410 2300 547 2367 Rufinus
573 2301 623 2366 vir
650 2302 908 2388 reliffl'osissimus
944 2300 1097 2386 plurImos
1134 2304 1341 2370 ecelesiastici
1377 2308 1483 2392 operis
1513 2266 1584 2330 5,21.

215 2403 316 2470 edidit
350 2401 464 2487 libros,
502 2403 675 2469 nonnullas
709 2404 807 2468 etiarn
839 2404 1013 2488 scripturas
1047 2405 1276 2490 interpretatus
1309 2411 1368 2473 est.
1421 2408 1483 2475 Sed
1525 2401 1528 2407 ’

215 2506 366 2592 quoniam
389 2505 581 2571 venerabilis
595 2505 817 2591 Hieronymus
845 2527 918 2570 eum
943 2506 978 2570 in
1001 2505 1159 2591 aliquibus
1181 2506 1220 2572 de
1243 2508 1367 2573 arbitrii
1389 2509 1483 2575 liber-

214 2610 283 2673 tate
304 2606 446 2692 notavit,
479 2606 536 2670 illa
563 2608 735 2692 sentimus,
770 2630 851 2693 quae
879 2607 1079 2694 praedictum
1100 2607 1230 2673 matum
1252 2608 1483 2697 Hieronymum

213 2710 336 2775 sentire
358 2709 594 2795 cognoscimus:
618 2713 651 2775 et
671 2732 738 2774 non
759 2711 861 2775 solum
882 2709 922 2775 de
936 2709 1055 2776 Rufino
1075 2711 1130 2775 sed
1145 2710 1241 2775 etiam
1260 2709 1299 2775 de
1314 2714 1481 2799 universis,

213 2834 293 2897 quos
316 2810 366 2875 vir
387 2811 513 2896 saepius
536 2813 727 2877 memoratus
749 2811 817 2876 zelo
838 2811 900 2876 Dei
928 2814 961 2875 et
987 2810 1062 2876 fidei
1089 2811 1244 2897 religione
1265 2813 1480 2899 reprehendit.

298 2913 382 2978 Item
404 2912 555 2998 Origenis
576 2912 733 2978 nonnulla
760 2913 928 2998 opuscula,
963 2934 1043 2998 quae
1072 2914 1120 2977 vir
1146 2913 1348 2981 beatissimus
1370 2915 1482 2982 Hiero·

213 3038 330 3101 nymus
352 3037 417 3080 non
439 3015 602 3101 repudiat,
625 3014 763 3101 legenda
784 3015 983 3101 suscipimus,
1007 3014 1130 3100 reliqua
1151 3018 1259 3081 autem
1280 3018 1388 3083 omnia
1411 3041 1482 3083 cum

213 3121 345 3183 auctore
367 3138 424 3181 suo
446 3117 579 3183 dicimus
602 3118 775 3184 renuenda.

298 3218 381 3285 Item
397 3218 556 3286 Chronica
570 3219 702 3285 Eusebii
719 3219 933 3285 Caesariensis
949 3221 1044 3305 atque
1060 3218 1202 3303 ejusdem
1215 3218 1368 3285 historiae
1383 3221 1481 3286 eccle-

212 3321 364 3388 siasticae
385 3321 494 3405 libros,
517 3322 661 3408 quamvis
682 3322 717 3386 in
739 3321 842 3405 primo
864 3322 1058 3387 narrationis
1080 3343 1157 3386 suae
1177 3321 1260 3386 libro
1276 3322 1425 3408 tepuerit,
1449 3326 1481 3389 et

211 3429 287 3510 post
309 3424 344 3489 in
364 3424 511 3489 laudibus
534 3427 630 3510 atque
658 3423 862 3490 excusatione
885 3423 1035 3510 Origenis
1062 3422 1259 3489 schismatici
1286 3446 1386 3489 unum
1408 3448 1481 3491 con·

212 3526 379 3612 scripserit
399 3525 534 3609 librum,
562 3529 694 3611 propter
715 3548 821 3591 rerum
842 3530 952 3592 tamen
978 3525 1178 3612 singularum
1204 3525 1369 3611 notitiam,
1400 3549 1481 3613 quae

211 3630 254 3695 ad
275 3628 523 3693 instructionem
544 3628 725 3714 pertinent,
749 3649 972 3714 usquequaque
994 3649 1062 3694 non
1083 3628 1216 3692 dicimus
1238 3629 1428 3694 renuendos.

297 3730 380 3795 Item
403 3729 551 3795 Orosium
573 3730 676 3795 virum
698 3730 946 3796 eruditissimum
974 3729 1206 3813 collaudamus,
1235 3731 1289 3815 qui
1311 3729 1403 3796 valde
1424 3754 1480 3796 ne-

211 3832 385 3900 cessariam
406 3833 498 3898 nobis
521 3833 672 3899 adversus
693 3854 894 3920 paganorum
917 3831 1092 3898 calumnias
1118 3831 1280 3897 ordinavit
1300 3831 1477 3918 historiam,

209 3937 356 4021 miraque
377 3935 534 4001 brevitate
556 3935 730 4001 contexuit.

295 4036 380 4103 Item
400 4037 591 4103 venerabilis
618 4036 680 4102 viri
702 4036 821 4103 Sedulii
848 4058 928 4122 opus
953 4035 1121 4122 paschale,
1155 4035 1239 4121 quod
1265 4035 1400 4102 heroicis
1427 4036 1478 4102 de·

209 4140 343 4226 scripsit
363 4140 522 4223 versibus,
546 4139 669 4224 insigni
691 4139 785 4204 laude
806 4138 1026 4224 praeferimus.

296 4240 433 4307 iuvenci
449 4263 572 4327 quoque
594 4240 802 4306 nihilominus
823 4240 1015 4305 laboriosum
1030 4261 1110 4325 opus
1132 4261 1198 4305 non
1220 4240 1400 4325 spernimus
1422 4240 1477 4304 sed

208 4365 375 4410 miramur.

297 4448 327 4512 Ἰ.
363 4445 493 4531 Cetera,
521 4467 602 4533 quae
632 4446 673 4510 ab
700 4445 869 4511 haereticis
896 4444 963 4509 sive
990 4443 1202 4511 schismaticis
1224 4443 1406 4529 conscripta
1426 4443 1477 4508 vel

208 4549 396 4636 praedicata
418 4550 510 4631 sunt,
548 4548 731 4612 nullatenus
760 4547 874 4631 recipit
895 4546 1053 4612 catholica
1080 4550 1113 4612 et
1134 4546 1309 4632 apostoliea
1330 4544 1476 4610 Romana

209 4651 361 4717 ecclesia:
391 4650 543 4734 equibus
565 4672 684 4734 pauca,
712 4670 792 4733 quae
815 4649 855 4712 ad
876 4649 1062 4714 memoriam
1083 4649 1241 4713 venerunt
1267 4651 1300 4713 et
1327 4669 1346 4711 a
1369 4646 1476 4712 catho-

208 4752 281 4818 licis
305 4751 436 4817 vitanda
458 4754 550 4837 sunt,
575 4750 763 4817 credidimus
786 4771 855 4815 esse
877 4749 1050 4815 subdenda.
