3412 5664
568 347 703 395 MONITA
725 346 878 397 Praevia
900 348 937 395 in
959 347 1099 399 ennean

434 522 473 584 In
493 521 610 584 Geluii
630 538 730 600 papae
752 523 915 600 epistolam
936 521 956 582 9
979 518 1106 601 („Qnum
1121 516 1233 605 luae“).

116 649 190 720 tihi]
289 644 315 699 1.
348 642 380 700 Et
402 645 467 701 haec
481 644 595 719 epistola
615 661 647 700 ex
668 644 763 700 eodem
779 643 871 701 codice
885 645 1033 701 Veronensi
1048 645 1089 703 46
1110 646 1381 704 iisdem‘auctoribus
1402 666 1467 722 pre·

201 727 281 786 ducta
296 736 324 784 et
338 728 437 803 publici
449 728 518 800 juris
533 730 603 787 iacta
618 736 669 786 est.
700 728 728 785 ln
741 731 838 786 notitia
851 729 896 785 illa
911 731 1109 805 episcoporum,
1127 732 1172 806 qui
1187 748 1220 787 cx
1235 732 1324 790 edicto
1336 732 1468 790 lluncrici

201 815 274 888 regis
294 831 364 871 anno
385 813 447 871 484
467 815 655 889 Carthaginem
678 822 872 877 convenerunt,
900 831 979 888 qnam
1007 833 1039 871 ea
1058 816 1151 872 codice
1168 816 1341 874 Laudunensi
1361 820 1468 893 primus

202 899 285 955 edidit
300 897 457 955 Sirmondus
474 908 501 956 ct
515 901 681 974 posteriores
700 899 818 956 editores
835 899 950 956 Victoris
966 901 1081 957 Vitensis
1096 902 1125 957 in
1140 901 1287 975 appendice
1302 902 1469 961 addiderunt

201 983 301 1059 (iligna
317 984 387 1040 Patr.
402 984 447 1040 lat.
461 984 575 1042 tom.58
591 984 644 1041 cal.
654 982 734 1056 269),
751 993 862 1060 vocatur
877 967 1038 1042 &acronius
1057 986 1206 1043 Uzatensis
1221 985 1272 1059 (vel
1294 986 1469 1060 liciniensis)

200 1072 368 1143 grom'neiae
387 1072 617 1143 proconsularis.
656 1069 705 1138 Qui
727 1070 797 1127 idem
814 1087 882 1133 esse,
904 1070 935 1125 ad
960 1087 1040 1144 quem
1061 1077 1155 1127 nostra
1178 1071 1244 1127 haec
1263 1072 1379 1146 epistola
1395 1072 1468 1137 data,

202 1153 278 1210 facilc
293 1155 421 1212 creditur.
459 1156 523 1212 Nam
544 1154 636 1229 plures
657 1154 764 1210 illorum
785 1157 974 1230 episcoporum
994 1157 1192 1230 ingravescenti
1211 1160 1316 1231 tyranni
1337 1175 1470 1232 persecu·

202 1241 268 1296 tioui
284 1256 313 1296 se
334 1240 399 1314 iuga
419 1240 588 1302 subduxisse,
610 1241 761 1314 partimque
781 1239 890 1303 ltaliam,
918 1240 984 1295 alios
1005 1240 1268 1315 Constantinopolim
1289 1244 1412 1316 petiisse.
1434 1260 1469 1300 cr

201 1325 309 1381 Victore
326 1324 428 1382 Vitcnsi
445 1325 558 1400 aliisque
573 1341 663 1380 aarum
679 1341 770 1380 rerum
786 1326 967 1381 monumentis
982 1325 1067 1399 palam
1085 1325 1124 1382 m.
1162 1325 1210 1382 Ubi
1226 1326 1335 1383 eosdem
1351 1334 1470 1402 propter

201 1410 363 1484 praeclaram
378 1410 477 1467 Christi
492 1409 691 1467 coralessioncm
706 1426 791 1483 aeque
807 1411 897 1484 magni
912 1411 1066 1465 aestimatos
1082 1410 1174 1474 luisse,
1191 1417 1273 1484 atque
1287 1413 1412 1486 ipsorum
1431 1413 1470 1468 la·

201 1512 278 1570 psum
295 1495 423 1552 ecciesiae
443 1504 470 1552 et
492 1494 651 1551 orthodoxis
667 1494 819 1550 scandalum
835 1493 1000 1569 praebuisse,
1022 1494 1127 1552 abunde
1143 1502 1226 1569 patet.
1264 1495 1333 1552 ilinc
1352 1497 1400 1552 ille
1416 1497 1471 1553 Ge·

201 1580 259 1636 lasii
279 1579 312 1636 de
328 1580 460 1637 Succouia
481 1580 569 1644 dolor,
591 1580 653 1635 hinc
669 1588 698 1634 ut
718 1596 778 1635 eum
800 1579 924 1635 airaudc
940 1579 1136 1636 haereticorum
1158 1589 1276 1644 revocet,
1299 1590 1471 1657 praepotens

199 1664 330 1724 studium.

287 1750 315 1808 2.
347 1751 383 1808 lie
400 1759 529 1826 tempore,
547 1767 601 1825 quo
617 1751 716 1825 scripta
732 1752 768 1805 sit
783 1750 848 1806 haec
863 1748 992 1823 epistola,
1008 1751 1059 1806 etsi
1075 1749 1164 1807 desint
1179 1758 1267 1807 certae
1282 1760 1371 1816 notae,
1395 1752 1472 1809 unde

202 1835 336 1893 enucleari
351 1838 452 1910 possit,
475 1844 563 1892 tamen
579 1852 636 1891 eam
656 1835 689 1890 ad
705 1835 824 1891 camdem
840 1834 932 1890 l'austi
947 1835 1069 1910 magistri
1084 1835 1248 1910 legationem
1262 1838 1325 1892 anni
1338 1836 1402 1895 493
1424 1854 1471 1894 re·

202 1920 352 1984 serendam,
374 1923 465 1994 itaque
485 1921 580 1977 eadem
596 1937 656 1976 cum
677 1921 810 1995 superiori
828 1929 950 1994 tempore
971 1937 984 1974 a
1007 1920 1125 1976 sollicito
1146 1919 1273 1994 pontlhce
1294 1921 1383 1977 datam
1405 1939 1471 1979 esse

201 2007 358 2081 putaverim.
381 2006 435 2062 Nec
447 2016 559 2080 propter
575 2007 792 2080 persecutionem
798 2003 974 2067 Vandalieam
987 2006 1094 2078 quaein
1107 2004 1199 2062 eadem
1211 2007 1358 2062 etiamtunc
1370 2008 1471 2082 vigens

201 2092 320 2165 ponitur,
344 2108 401 2147 eam
423 2108 483 2146 cuin
505 2090 658 2147 marchione
676 2089 779 2161 llaltejo
801 2099 895 2145 contra
911 2090 1049 2164 archetypi
1065 2087 1144 2146 bdem
1157 2092 1250 2147 Felici
1265 2090 1468 2165 adscripserim.

201 2176 265 2233 Nam
282 2177 333 2232 etsi
349 2175 554 2232 Guntamundus
570 2174 601 2230 ab
617 2192 686 2231 auno
702 2175 764 2231 484
780 2172 958 2230 Vandalorum
974 2191 1033 2238 rer,
1056 2176 1083 2231 in
1104 2175 1252 2232 catholicos
1268 2176 1470 2251 indulgentior.

202 2262 306 2335 aliquot
321 2263 463 2335 episcopos
478 2260 659 2334 ecclesiasque
681 2276 775 2317 eorum
795 2261 885 2314 statim
906 2260 1040 2324 restituit,
1063 2268 1150 2316 tamen
1171 2262 1391 2335 persecutionem
1410 2279 1470 2319 nou

202 2363 314 2421 prorsus
330 2346 451 2409 desiisse,
469 2346 560 2402 multis
572 2344 742 2402 docmnentis
756 2353 840 2419 patet.
867 2343 950 2400 lmmo
966 2361 1027 2401 eum
1044 2345 1150 2401 alenium
1166 2348 1274 2403 decimo
1290 2364 1368 2404 anno
1383 2351 1473 2422 regni

202 2435 249 2489 sni
262 2429 291 2505 (i.
307 2449 332 2487 e.
349 2448 419 2487 anno
434 2429 507 2504 494)
523 2433 663 2488 ecelesias
678 2432 886 2487 catholicorum
901 2434 1052 2502 apernisse
1073 2438 1101 2487 et
1115 2448 1214 2489 omnes
1227 2433 1284 2489 Dei
1296 2434 1470 2490 sacerdotes

198 2524 315 2589 petente
330 2518 459 2590 Eugenio
476 2517 698 2590 Carthaginensi
712 2519 846 2588 episeopo
862 2516 896 2571 de
912 2517 999 2573 anilia
1011 2532 1175 2587 revocasse,
1192 2516 1272 2573 docet
1283 2515 1471 2592 bagmentum

202 2601 328 2660 chronici
343 2601 468 2676 Prosperi
490 2619 504 2656 a
525 2602 629 2657 denisio
651 2601 713 2658 lect.
736 2608 791 2656 ant.
809 2598 897 2656 tomi
919 2600 1058 2674 vulgatum
1078 2600 1124 2674 (ci.
1140 2600 1253 2658 lluinart
1267 2603 1294 2658 in
1309 2602 1374 2658 bist.
1391 2619 1468 2676 pers.

203 2686 286 2743 Vand.
308 2703 406 2743 comm.
428 2689 492 2744 hist.
515 2704 573 2761 cap.
588 2683 647 2758 10).
685 2685 759 2742 Unde
780 2685 845 2741 satis
866 2692 985 2747 coastat,
1012 2685 1120 2742 erilium
1141 2685 1214 2742 istnd
1235 2703 1290 2743 non
1311 2688 1468 2745 necessario

202 2772 324 2848 llagitarc
339 2771 435 2829 Felicis
451 2782 581 2846 tempora,
596 2770 643 2827 sed
659 2787 720 2828 eum
736 2769 834 2826 Gelasii
849 2769 1008 2844 pontificatu
1025 2773 1126 2844 optimc
1141 2773 1295 2828 convenire.
1448 2782 1453 2787 “

416 2905 454 2967 Ia
475 2904 592 2966 Gelasii
612 2922 714 2983 papae
736 2902 897 2982 epistolem
918 2902 956 2964 10
979 2900 1077 2984 (,‚Ega
1091 2901 1249 2984 gnogae“).

58 3040 109 3106 [ai
129 3038 193 3108 Ed}
287 3029 315 3087 1.
345 3029 403 3085 lloc
417 3029 548 3102 scriptum
563 3029 677 3084 vetustis
693 3024 887 3101 exemplaribus
903 3025 1002 3082 codicis
1018 3025 1190 3094 aQuesnello
1206 3028 1308 3102 vulgati
1323 3037 1465 3103 acceptum

200 3114 345 3177 habemus,
371 3112 487 3188 indeque
502 3112 620 3168 isidorus
642 3112 774 3168 Mercator
788 3113 815 3166 iu
830 3105 1018 3167 collectionem
1033 3129 1109 3168 suam
1125 3113 1271 3169 transtulit.
1302 3107 1467 3190 [Praebetur

200 3202 280 3256 ctiam
303 3201 329 3256 in
351 3197 555 3272 probatissimae
576 3206 656 3254 notae
676 3196 768 3253 codice
784 3196 932 3252 Veronensi
946 3195 987 3253 46
1010 3196 1177 3254 collectionis
1197 3198 1224 3252 in
1240 3214 1320 3253 causa
1334 3199 1465 3255 acaciana

200 3278 370 3359 adornatae]
409 3283 437 3338 ln
458 3285 566 3357 praevio
587 3282 674 3339 indice
695 3281 814 3357 generali
831 3279 977 3337 Colbertini
998 3281 1097 3338 codicis
1113 3283 1148 3338 ita
1163 3281 1334 3357 designatur:
1358 3286 1469 3341 Gelasii

198 3385 298 3442 papae
315 3371 354 3425 acl
367 3370 508 3424 Farrstum
520 3371 548 3423 in
562 3371 704 3441 legatione
720 3370 760 3423 ad
773 3369 909 3424 orientem
924 3368 1064 3423 directum
1078 3371 1230 3425 instructio
1242 3383 1334 3440 super
1343 3371 1465 3426 damna-

201 3459 276 3512 tione
292 3455 394 3511 Aeacii
400 3478 408 3516 ;
430 3469 512 3525 quum
535 3460 622 3507 tamen
638 3454 659 3508 is
676 3452 771 3508 titulus
792 3450 888 3507 eodem
903 3452 931 3507 in
946 3451 1039 3508 codice
1054 3453 1090 3507 sit
1105 3453 1237 3526 epistolae
1251 3453 1304 3526 ipsi
1318 3454 1464 3527 praelixas.

201 3539 248 3615 qui
263 3539 331 3594 etin
347 3539 444 3594 ceteris
460 3536 662 3605 Quesnellianae
678 3537 846 3595 collectionis
862 3537 1005 3611 exemplis:
1033 3537 1062 3593 S.
1077 3539 1185 3594 Gelasii
1194 3554 1296 3610 papae
1311 3544 1465 3596 commoni·

201 3628 304 3682 lorium
326 3624 436 3680 Fausta
456 3625 593 3697 magistro
617 3623 756 3697 fungenti
779 3624 930 3697 legationis
957 3623 1056 3694 afficio
1080 3623 1334 3695 Constantinopoli.
1378 3622 1491 3691 Quemr

201 3708 308 3765 titulum
324 3708 442 3764 isidorus
458 3707 589 3763 Mercator
608 3709 730 3765 retinnit.
768 3707 866 3763 Vitiosa
888 3715 930 3762 cst
951 3716 1040 3763 autem
1061 3706 1210 3782 Remigiani
1231 3708 1347 3783 exempli
1367 3709 1466 3766 lectio:

201 3796 322 3867 epistota
336 3795 447 3850 Gelasii
463 3808 563 3866 papae
585 3794 625 3849 ad
645 3794 785 3850 Paarslaem
807 3793 1028 3866 Magistrinnum
1051 3801 1114 3856 etc,
1131 3809 1214 3868 quum
1230 3792 1345 3849 Faustus
1360 3792 1468 3851 alticio·

201 3897 260 3936 rum
275 3881 418 3954 magister,
440 3896 495 3935 non
516 3880 722 3952 magistrianus
742 3878 834 3934 inerit.
865 3877 968 3933 Citatur
983 3877 1015 3933 ab
1031 3877 1131 3952 digero
1153 3877 1198 3933 lib.
1216 3879 1251 3935 ale
1266 3882 1467 3937 misericordia

201 3973 228 4021 et
244 3967 358 4037 judicio
373 3982 431 4039 cap.
446 3964 484 4022 69
502 3972 529 4020 et
545 3963 584 4020 74
606 3962 656 4019 sub
676 3965 785 4019 nomine
806 3965 946 4035 epistolae
968 3964 1077 4020 Gelasii
1096 3965 1136 4020 ad
1155 3964 1354 4035 Euphemiam.
1386 3963 1469 4033 Quod

202 4049 272 4106 unde
288 4050 415 4111 hauserit,
431 4050 536 4112 nescio;
558 4049 649 4123 potius
665 4051 819 4120 adversas,
837 4065 916 4123 quam
932 4050 972 4104 ad
985 4047 1161 4122 Euphemiam
1177 4047 1377 4105 inscriberetur.

285 4134 314 4191 2.
343 4135 471 4191 baronius
493 4132 618 4190 observat
633 4134 664 4189 ad
681 4151 742 4190 ann.
756 4133 832 4196 493,
854 4132 981 4189 Faustum
997 4134 1040 4190 eui
1055 4132 1210 4190 inscribitur
1224 4150 1307 4189 unum
1323 4150 1356 4190 cr
1372 4136 1467 4191 lisca·

200 4222 301 4276 stitisse
317 4220 427 4295 legatis,
450 4237 518 4296 quos
534 4217 719 4276 Theodericus
734 4227 798 4293 post
813 4217 940 4275 Odoacris
957 4235 1048 4275 necem
1063 4217 1138 4274 ltalia
1153 4225 1210 4274 tota
1226 4220 1329 4293 potitus
1345 4218 1377 4274 ad
1396 4221 1467 4276 hua-

200 4307 310 4362 stastum
327 4323 387 4362 curn
403 4304 525 4379 epistola,
543 4321 611 4379 quae
627 4304 696 4377 apud
712 4303 902 4360 Cassiodorum
923 4322 986 4361 aar.
1002 4307 1069 4361 lect.
1092 4305 1177 4378 prima
1193 4311 1289 4366 exstat,
1305 4304 1468 4370 destinavit;

200 4390 364 4466 legationem
378 4407 462 4465 porro
485 4388 556 4446 illam
572 4391 693 4445 nonnisi
709 4391 777 4446 circa
793 4406 912 4445 mensem
928 4388 1104 4445 Novernbrem
1120 4391 1181 4444 anni
1193 4388 1255 4446 493
1271 4390 1378 4444 missam
1393 4407 1465 4455 esse,

200 4475 226 4531 id
248 4493 312 4532 vero
333 4476 425 4550 colligi
446 4494 461 4533 e
481 4475 615 4549 superiori
631 4474 728 4531 Gelasii
750 4475 837 4530 nostri
858 4474 972 4547 epistola
989 4475 1006 4530 6
1023 4473 1149 4530 llalendis
1165 4473 1322 4530 Novembris
1342 4472 1466 4544 ejusdem

201 4562 261 4617 anni
276 4563 450 4635 consignata,
472 4562 499 4617 in
521 4577 573 4634 qua
592 4576 642 4632 pax
658 4560 724 4616 inita
739 4558 843 4633 pridem
859 4560 1007 4633 composita
1022 4567 1050 4614 et
1065 4557 1238 4615 bellarccens
1253 4558 1346 4614 sedata
1361 4576 1468 4616 memo·

200 4654 307 4709 rantur:
324 4664 354 4703 ac
369 4639 476 4702 demum
493 4647 544 4701 hoc
558 4646 794 4700 commonitorium
808 4642 905 4699 Fausto
918 4661 972 4699 non
989 4643 1115 4699 traditum
1132 4644 1225 4708 luisse,
1239 4660 1322 4718 qnum
1333 4642 1468 4703 Constan-

201 4731 344 4805 tinopalim
361 4740 404 4787 est
419 4730 573 4806 proiectus,
590 4728 638 4785 sed
654 4746 737 4804 quum
753 4746 827 4785 mora
843 4728 878 4784 ibi
889 4728 945 4799 jam
961 4729 1051 4803 aliqua
1067 4729 1136 4785 iacta
1151 4739 1179 4786 et
1193 4746 1232 4792 se,
1255 4739 1286 4785 ut
1301 4730 1416 4785 Graccus
1433 4723 1468 4788 acl

201 4817 348 4889 parendum
365 4815 470 4873 Gelasio
487 4813 645 4878 adduceret,
663 4831 770 4889 operam
786 4812 902 4875 dedisse,
918 4822 946 4870 ct
961 4831 1008 4869 eos
1025 4813 1174 4871 obstirmtos
1189 4831 1347 4889 permanere
1359 4813 1467 4872 Gelasio

202 4904 393 4959 renuntiasset.
431 4901 505 4958 Unde
525 4901 663 4974 sequitur,
691 4908 720 4955 ut
742 4901 793 4957 hoc
813 4900 1049 4956 commonitorium
1070 4917 1125 4956 non
1146 4909 1209 4957 ante
1230 4901 1290 4957 anni
1307 4899 1369 4958 494
1391 4902 1469 4959 initia
