3412 5664
708 330 904 380 nrrsrorna
927 323 957 381 8.
983 322 1011 379 9.
1055 349 1056 352 ¹
1445 324 1508 389 339

266 484 333 565 nodi,
354 484 453 568 perire
473 482 651 548 volentium
673 485 817 549 nitamur
838 486 999 550 declinare
1022 487 1207 571 perniciem,
1233 492 1275 571 et,
1300 490 1383 573 quod
1406 491 1508 555 solum
1522 505 1634 574 (anea.)

271 583 350 650 iacere
369 586 544 669 debeamus,
576 586 719 651 divinam
746 609 805 671 pro
833 586 897 651 illis
926 610 1056 652 exorare
1087 589 1305 672 clementiam,
1335 595 1372 654 ut
1399 593 1508 677 resipi-

191 714 196 720 ·
272 691 342 752 scant
360 711 375 753 a
392 688 509 753 diaboli
531 688 664 773 laqueis,
689 711 708 753 a
724 711 786 773 quo
802 690 889 774 capti
905 690 1091 754 detinentur
1106 692 1147 755 ab
1155 693 1181 778 5)
1204 692 1305 776 ipsius
1325 693 1507 759 voluntate:

275 790 347 855 uteb
363 791 572 856 obstinatione
594 791 761 856 mortifera
781 792 989 876 respiramen,
1013 797 1136 876 pestem
1159 816 1254 877 quam
1270 816 1304 858 se
1322 796 1508 861 humanitus
1569 810 1572 815 ’

185 916 200 953 z-
275 893 386 958 ircidisse
407 894 504 989 etiam
531 894 595 977 ipsi
618 895 773 977 sentiunt,
801 894 910 958 inutili
940 896 1150 979 yerecundiae
1172 895 1328 981 languore
1352 898 1506 983 deposito,

185 1022 195 1037 ·
276 995 514 1080 rdncuperanda
535 996 677 1060 remedia
698 996 894 1079 sempiterna
916 996 1017 1060 libero
1041 998 1133 1061 corde
1156 998 1358 1081 resipiscant.
1391 1061 1392 1067 ,

185 1114 197 1139 ²
227 1106 230 1111 '
334 1099 358 1163 3.
388 1097 446 1162 His
469 1119 547 1182 ergo
569 1098 719 1183 cognitis,
743 1120 835 1181 quae,
860 1098 943 1162 sicut
965 1100 1113 1183 diximus,
1137 1100 1177 1163 ad
1199 1101 1367 1185 regionum
1389 1100 1507 1166 vestrass

185 1230 191 1241 ·
277 1220 326 1263 rum
341 1204 404 1265 sunt
424 1200 546 1264 directa
569 1200 748 1283 pontifices,
782 1203 814 1263 et
843 1201 906 1283 ipsi
934 1205 1124 1285 protegente
1148 1223 1202 1265 vos
1224 1200 1363 1266 Domino
1386 1203 1508 1269 debetis

226 1342 230 1349 -
278 1322 325 1366 sse
336 1302 547 1367 convenienter
562 1303 724 1386 instructi,
748 1305 781 1365 et
796 1302 968 1386 provinciis
985 1303 1096 1367 eadem
1116 1303 1293 1388 quibusque
1310 1306 1471 1390 contiguis
1481 1307 1507 1392 6)

280 1402 426 1469 timialiter
439 1403 636 1489 praedicare.
660 1402 751 1468 Nihil
774 1407 823 1467 est
845 1405 942 1487 enim,
966 1405 1049 1488 quod
1072 1427 1189 1489 pavere
1205 1405 1386 1489 debeamus,
1410 1431 1506 1492 quum

281 1509 366 1571 nnn
382 1508 424 1571 sit
448 1530 468 1571 a
501 1507 632 1572 coelesti
660 1506 813 1591 praesule
839 1529 906 1570 non
934 1507 1126 1591 derelinqui,
1157 1530 1235 1592 quos
1263 1531 1339 1573 suae
1362 1511 1508 1575 veritatis

280 1626 295 1688 p
357 1609 399 1674 'tit
418 1631 507 1673 arma
528 1611 685 1691 tractare,
710 1631 770 1673 nec
792 1608 965 1693 quidquam
981 1609 1144 1673 videamus
1152 1611 1178 1696 ⁷)
1195 1611 1223 1674 ei
1240 1610 1401 1675 ullatenus
1416 1634 1506 1697 prae·
1519 1648 1611 1706 Mam,

281 1704 414 1796 tmuium,
434 1734 533 1797 quum
554 1712 641 1796 ipsas
665 1712 789 1775 animas
812 1715 938 1775 nostras
954 1733 1011 1794 pro
1034 1733 1142 1775 earum
1164 1734 1223 1775 nos
1246 1712 1383 1777 voluerit
1405 1696 1618 1784 satanianos

282 1814 449 1879 mamere.
472 1812 618 1890 quirini
639 1817 745 1878 auum
768 1813 818 1876 vei
840 1813 988 1897 proficiat
1009 1813 1127 1877 isidem
1151 1813 1317 1898 religionis
1334 1816 1506 1900 integritas
1521 1786 1606 1911 ,flflgq

281 1908 316 1973 'tl
330 1915 388 1998 quid
404 1917 540 1981 forsitan
563 1919 734 1998 asseratur,
760 1916 886 1999 saepius
909 1915 1002 1980 nobis
1022 1920 1129 1979 vestra
1152 1916 1280 1980 dilectio
1295 1939 1360 1981 non
1377 1919 1506 1983 omittat
1554 1898 1560 1921 ²

279 2014 418 2083 mine:
450 2023 488 2084 nt
514 2019 695 2083 necessaria
724 2017 854 2083 Christo
881 2018 1044 2082 tribuente
1071 2017 1213 2082 subsidia
1242 2018 1402 2103 responsis
1433 2042 1505 2086 con-

277 2119 423 2187 sinibus
458 2122 687 2186 ministremus.
737 2124 926 2200 Subscriptio
960 2142 1074 2201 papae.
1125 2120 1212 2184 Deus
1248 2124 1281 2183 te
1314 2122 1505 2188 incolumem

274 2215 406 2307 emtidini,
425 2223 470 2288 fili
494 2223 719 2289 dilectissime!

748 2410 933 2513 Epistola
959 2411 993 2493 9.

328 2554 465 2631 Gelani
489 2582 600 2648 papae
623 2561 666 2629 ad
690 2558 904 2630 Suetonium
927 2564 1130 2646 episcopum
1153 2561 1284 2629 Atrum
1306 2565 1398 2647 apud
1514 2544 1611 2679 (iffi
1624 2561 1645 2597 ⁰·

556 2665 902 2748 Constantinopolim
924 2667 1176 2732 coustitutum.

185 2778 238 2837 m·
270 2784 421 2870 ἱρθθρη
438 2802 511 2865 illum
531 2809 574 2873 qui
588 2809 790 2872 persecutionem
805 2807 960 2856 Arianorum
976 2807 1079 2871 supiens
1093 2806 1314 2869 Constantinopoli
1331 2809 1468 2868 irnprooide
1528 2779 1531 2787 ⁴

266 2884 306 2925 Μ
314 2886 487 2944 “aarum
498 2894 616 2943 veritatis
627 2889 820 2943 commaticurse
832 2889 995 2955 nrpuebntnr,
1015 2899 1041 2938 ut
1053 2892 1202 2955 quantocius
1214 2892 1328 2953 corripui
1341 2890 1466 2943 obsecrat.

301 3010 332 3075 ¹·
395 3025 530 3111 Quum¹)
558 3029 634 3090 tuae
656 3024 835 3090 dilectionis
858 3025 893 3087 in
915 3022 1043 3087 Christo
1067 3021 1283 3085 constantiam
1310 3021 1502 3086 ferventem-

235 3122 280 3219 Ψ
295 3109 496 3193 dominam
519 3127 725 3193 celeberrima
748 3127 928 3212 loqueretur
950 3125 1069 3209 opinio,
1093 3123 1156 3188 dici
1179 3146 1244 3186 non
1262 3126 1377 3205 potest,
1402 3146 1501 3207 quan·

234 3209 423 3297 fltgeudfi„
444 3229 672 3295 exsultavimus
693 3230 728 3295 in
750 3230 898 3312 Domino,
930 3227 1014 3312 quod
1042 3249 1098 3290 vas
1126 3225 1291 3310 egregium
1320 3225 1396 3289 belli
1423 3229 1501 3290 tern-

234 3314 323 3399 W)
372 3332 508 3397 maxime
535 3332 737 3418 profuturum
765 3332 874 3396 divina
903 3330 1009 3415 gratia
1036 3331 1274 3414 praeparasset3
1301 3331 1396 3412 teque
1419 3328 1501 3393 votis

185 3450 187 3501 ἶ
234 3415 383 3499 mnibus
402 3434 599 3518 ambientes,
615 3438 648 3498 et
669 3433 760 3518 quasi
777 3434 920 3498 cominus
937 3433 1146 3498 coustitutum
1168 3433 1237 3493 toto
1260 3428 1363 3493 cordis
1384 3430 1501 3494 affectu

185 3516 188 3553 ¹
237 3518 464 3602 mmmmm
485 3536 661 3601 absentem.
707 3535 768 3601 Sed
796 3536 880 3600 tristi
903 3535 1008 3598 subito
1036 3530 1162 3597 rumore
1191 3533 1332 3615 percussi
1361 3535 1500 3596 conster-

239 3622 304 3701 Μ,
328 3630 492 3723 fatemur,
521 3643 629 3703 mente
652 3637 858 3724 concidimus,
888 3637 1108 3720 haesimusque
1131 3635 1195 3717 diu,
1224 3637 1331 3697 utrum
1359 3633 1398 3697 ad
1422 3634 1500 3698 eari-
1639 3646 1644 3687 =.

240 3721 314 3785 Μ
361 3744 453 3807 tuam
480 3761 577 3825 super
604 3739 654 3804 liis
676 3739 801 3804 litteras
834 3741 1048 3820 mitteremus3
1081 3760 1157 3801 nam
1189 3737 1276 3820 loqui
1309 3734 1501 3818 prohibebat

242 3816 312 3905 ΗΝ,
345 3842 461 3909 heere
483 3841 603 3909 Christi
626 3842 752 3906 affectio
779 3864 843 3906 non
871 3842 1008 3905 sinebat.
1053 3840 1143 3903 lnter
1165 3839 1280 3924 quae³)
1303 3838 1365 3900 ista
1387 3837 1500 3902 fluctu·

242 3924 308 3987 ’Μ
336 3944 423 4010 vicit
444 3943 555 4010 divina
577 3945 723 4027 scientia,
752 3965 815 4027 quo
836 3947 905 4007 toto
928 3942 1164 4026 Scripturarum
1194 3961 1324 4024 corpore
1352 3940 1499 4024 perdoce-

185 4052 191 4145 l
242 4068 535 4111 *Nm-

185 4164 191 4237 Ιἱ
287 4160 303 4253 ⁸3
321 4166 413 4238 Mur.
430 4198 508 4254 sequ.
528 4182 617 4236 omitt
636 4187 677 4237 ab.

185 4282 187 4287 '
286 4244 303 4309 ι)
320 4251 412 4322 Mali.
431 4285 507 4337 sequ
527 4269 661 4322 omittunt
677 4274 809 4336 contiprn'r.

284 4328 300 4393 ⁷1¹
319 4338 414 4409 Idem
432 4352 559 4409 Gonnus
577 4352 656 4422 epist.
671 4359 755 4407 tut
772 4353 887 4424 profert.

239 4484 246 4496 .
282 4413 299 4475 'l
318 4421 378 4485 Ν*
392 4438 463 4495 bane
484 4437 693 4508 inscriptionem
712 4437 846 4507 epistolae
870 4436 967 4490 habet:
996 4439 1114 4505 Epistola
1131 4456 1217 4505 papae
1237 4439 1333 4491 Geinrir'
1350 4441 1386 4489 nd
1403 4440 1496 4489 Succo-

221 4492 276 4541 ,η
289 4518 457 4593 ‘fflaapum
477 4528 569 4591 Afrum
587 4528 658 4591 apud
674 4526 916 4591 Constantinopolim
933 4529 1106 4583 constitutum,
1126 4527 1169 4591 qui
1184 4528 1384 4590 persecutionem
1405 4525 1497 4573 Arria·

206 4575 293 4703 ζ’.
314 4603 372 4659 ‘fe
383 4614 474 4677 Africa
489 4613 592 4676 sapiens
605 4612 858 4675 Constantinopolim,
879 4613 1018 4676 improvide
1030 4613 1232 4662 communicando
1251 4613 1276 4659 in
1294 4610 1497 4674 praevaricatio-

260 4669 514 4776 ,wessionensis
531 4699 625 4762 epnodr’
641 4699 757 4760 nrpuitur
774 4699 916 4747 corruisse:
934 4704 961 4746 ut
978 4698 1099 4762 corripui.

279 4770 285 4795 '
313 4759 447 4833 Scilicet
463 4795 519 4833 non
536 4777 625 4832 solum
643 4777 673 4831 in
690 4776 784 4831 Africa
801 4777 850 4832 sed
868 4776 952 4830 etiam
971 4794 1043 4831 nunc
1061 4775 1308 4846 Constantinopoli.

256 4828 281 4893 ’Ἀ
310 4842 412 4916 Eois
428 4862 517 4919 omitt·
535 4883 607 4934 φησι.
645 4862 751 4917 Deinde
769 4863 841 4916 forte
858 4861 1008 4929 legendum
1025 4867 1070 4916 r'tu.
1106 4861 1170 4915 Mox
1189 4861 1257 4916 editi
1279 4866 1316 4914 ric
1335 4870 1497 4929 praecentor.

645 4950 654 4970 ⁸
1231 4945 1297 5009 22*
