3412 5664
575 359 772 406 PRAEFATIO
796 360 972 408 homolus.
1361 360 1412 407 Vll

133 518 238 589 sibus
278 517 577 591 transcribendas
617 541 802 607 curarem,
843 519 921 612 ipse
953 517 1000 589 ad
1032 518 1289 612 complendum
1322 541 1412 612 opus

134 639 175 708 et
203 636 423 730 praeprimis
450 636 568 710 dictas
594 637 747 710 lacunas
773 636 1025 710 resarciendas
1051 637 1191 709 codices
1216 635 1411 725 Romanos,

134 755 272 849 quibus
292 754 532 828 Constantius
559 754 636 828 fere
662 778 809 850 prorsus
836 756 1039 828 destitutus
1066 756 1202 845 fuerat,
1229 759 1413 849 quantum

135 898 204 969 per
229 873 483 947 valetudinem
512 897 623 968 saepe
649 875 887 948 vacillantem
914 874 1030 969 potui,
1050 874 1307 974 ‘intentissime
1334 898 1413 969 per-

134 994 308 1065 lustravi.
346 991 423 1067 Nec
440 1015 576 1088 negare
597 1016 758 1088 possum,
786 992 857 1064 illis
876 992 1059 1067 codicibus
1077 994 1224 1067 circiter
1242 994 1412 1088 triginta,

134 1135 230 1206 quos
248 1112 286 1183 in
304 1111 535 1185 bibliothecis
550 1109 787 1202 Vaticana,
807 1110 1124 1200 Vallicellana,
1151 1110 1415 1185 Sessoriana

136 1235 177 1304 et
210 1230 479 1318 Barberina,
525 1231 727 1325 plurimum
766 1231 917 1323 adjutus
957 1255 1104 1304 summa
1143 1232 1414 1325 praefectorum

136 1349 357 1423 earumdem
388 1350 625 1422 humanitate
658 1353 697 1422 et
730 1349 962 1437 urbanitate,
1004 1354 1042 1424 et
1076 1350 1154 1444 ipse
1187 1351 1351 1444 pervolui
1378 1353 1416 1423 ct

135 1467 272 1541 deinde
298 1491 364 1562 per
380 1469 518 1542 amicos
536 1468 771 1541 conferendos
791 1469 930 1556 curavi,
958 1469 1049 1540 mihi
1068 1472 1220 1541 tantum
1238 1469 1416 1542 submini-

135 1592 324 1674 stratum,
352 1590 486 1660 utnon
504 1588 792 1661 solumlacunas
810 1588 893 1659 illas
919 1589 1012 1661 satis
1040 1589 1184 1682 explere
1210 1588 1273 1661 sed
1300 1589 1417 1661 etiam

135 1710 292 1778 textum
308 1704 518 1778 Constantii
535 1707 575 1777 in
592 1706 788 1800 permultis
805 1730 1019 1800 promovere
1045 1711 1084 1780 et
1110 1731 1200 1802 opus
1227 1707 1305 1800 ejus
1330 1729 1416 1780 vere

135 1823 317 1920 perficere
334 1825 530 1919 potuerim.
570 1824 794 1919 Praeprimis
821 1825 998 1919 epistolae
1016 1824 1205 1920 Simplicii,
1233 1825 1364 1901 Felicis
1382 1825 1418 1898 Π

135 1948 178 2016 et
194 1942 333 2016 Gelasii
351 1966 503 2017 causam
520 1943 745 2017 Acacianam
763 1947 975 2038 spectantes
993 1970 1036 2018 ac
1055 1943 1268 2041 Symmachi
1287 1945 1416 2039 synodi

134 2067 179 2134 et
199 2060 327 2157 Vigilii
351 2062 491 2156 scripta
522 2062 673 2135 demum
705 2063 836 2135 horum
863 2064 1029 2137 codicum
1061 2088 1129 2159 ope
1157 2063 1416 2158 integritatem

135 2181 379 2274 aliquatenus
405 2185 633 2274 receperunt.
673 2180 740 2252 Cui
765 2181 884 2254 eidem
907 2183 960 2255 rei
985 2182 1115 2255 deinde
1140 2206 1207 2276 per
1223 2184 1416 2276 sequentes

134 2323 204 2372 sex
232 2321 350 2371 annos
375 2321 484 2372 omne
509 2300 630 2372 otium
656 2303 695 2372 et
712 2301 879 2403 studium
896 2323 1021 2373 meum
1041 2301 1170 2373 tribui·
1211 2299 1283 2372 Ubi
1301 2324 1416 2394 quum

134 2418 347 2491 identidem
365 2417 412 2489 ad
430 2418 569 2491 codices
583 2418 766 2491 Romanos
785 2418 1042 2493 recmrendem
1060 2423 1167 2508 esset,
1187 2419 1298 2493 amici
1316 2441 1416 2493 reve·

135 2537 363 2625 rendissimi,
384 2536 612 2610 fundationis
622 2537 874 2612 Prerrckianae
892 2539 1033 2610 alumni
1047 2538 1268 2610 Adalbertus
1283 2535 1415 2627 Strehl‚

135 2654 668 2745 FranciscusWeitzenmiller,
685 2656 709 2728 J
710 2658 866 2752 osephus
880 2657 1032 2746 Krause,
1048 2657 1306 2731 candidissime
1323 2657 1416 2730 mihi

131 2798 295 2870 operam
328 2797 434 2847 suam
460 2775 731 2869 impenderunt.
784 2775 949 2871 Denique
984 2776 1123 2850 codices
1154 2776 1333 2870 quosdam
1361 2776 1416 2850 rei

134 2916 251 2967 meae
282 2916 426 2967 summe
457 2894 681 2967 necessarios
713 2919 758 2968 ex
791 2895 929 2968 dissitis
963 2895 1194 2968 bibliothecis
1226 2896 1347 2989 ipsam
1378 2896 1417 2966 in

132 3015 297 3085 domum
330 3035 452 3085 meam
478 3006 754 3108 perlustrandos
788 3018 831 3086 ut
863 3015 1080 3108 reciperem,
1121 3017 1160 3086 et
1191 3015 1255 3106 qui
1287 3013 1417 3086 deinde

133 3132 244 3227 apud
264 3153 331 3203 nos
347 3131 456 3204 rebus
483 3133 597 3206 sacris
624 3136 663 3205 et
680 3133 905 3206 scholasticis
924 3133 1155 3227 praepositus
1173 3132 1230 3203 vir
1247 3132 1416 3204 illustris-

133 3253 262 3323 simus
280 3274 305 3322 a
321 3249 520 3323 Muehler
535 3251 792 3325 liberalissime
811 3252 955 3345 copiam
973 3250 1236 3345 suppeditavit,
1256 3255 1295 3323 et
1312 3273 1416 3345 prae·

135 3370 276 3466 primis
303 3369 348 3441 de
372 3369 597 3444 bibliotheca
621 3369 830 3444 Monacensi
864 3372 936 3443 viri
969 3370 1163 3445 clarissimi
1197 3371 1417 3464 professores

134 3487 219 3560 DD.
241 3487 477 3562 Giesebrecht
503 3492 541 3562 et
558 3488 672 3562 Halm
697 3489 962 3562 humanissime
988 3512 1095 3583 opem
1120 3470 1299 3561 tulerunt.
1340 3486 1418 3573 Quo

134 3607 267 3702 magis
291 3607 432 3680 factum
459 3630 537 3679 esse
563 3607 718 3699 confido,
748 3612 791 3681 ut
816 3631 911 3702 quae
936 3608 1087 3681 tandem
1105 3607 1304 3702 praebetur
1321 3629 1417 3680 nova

132 3729 237 3799 haec
271 3725 569 3800 lucubrationum
602 3726 811 3800 Constantii
846 3727 959 3800 editio
991 3731 1029 3798 et
1062 3727 1267 3821 prosecutio
1299 3726 1417 3799 doctis

131 3844 318 3919 omnibus
344 3867 409 3918 nec
436 3845 585 3940 ingrata
610 3868 677 3919 nec
703 3846 846 3919 inutilis
872 3846 1002 3919 futura
1027 3845 1088 3918 sit.

761 4108 769 4124 .
798 4053 832 4122 2.

130 4182 194 4249 Dc
221 4179 408 4262 prioribus
430 4179 560 4246 harum
582 4053 819 4263 cpistnljnm
842 4180 1074 4264 editionibus,
1096 4199 1188 4263 quae
1212 4180 1416 4249 Constantii

602 4300 707 4349 curas
729 4285 964 4366 exceperunt.

253 4445 285 4512 1.
329 4437 382 4513 De
408 4440 648 4535 epistolarum
674 4441 948 4536 pontificiarum
973 4441 1210 4532 editionibus,
1238 4465 1334 4535 quae
1357 4466 1416 4517 us·

129 4583 216 4656 que
245 4558 293 4631 ad
320 4559 430 4631 initia
455 4560 591 4633 saeculi
618 4558 737 4646 xviii
773 4561 1004 4654 prodierunt,
1037 4561 1327 4635 incidentissimc
1359 4563 1417 4636 vir

132 4672 472 4754 reverendissimus
504 4678 737 4752 doctissimus
764 4679 896 4752 Petrus
922 4678 1161 4752 Corntantius
1189 4682 1227 4753 in
1254 4681 1416 4778 prolego-

133 4797 265 4874 menis
293 4795 463 4870 editionis
489 4821 579 4870 suac
605 4797 789 4872 disseruit.
831 4799 972 4888 Restat,
1002 4804 1044 4872 ut
1070 4824 1164 4894 quae
1192 4799 1275 4873 inde
1293 4825 1337 4874 ex
1356 4802 1418 4874 illo

132 4934 315 5010 tempore
341 4914 490 4990 additae
515 4921 604 4989 sunt
630 4919 843 4991 referamus.
884 4917 1051 4991 Primum
1070 4919 1186 5014 igitur
1203 4920 1417 4993 nominandi

1174 5033 1216 5098 a*
