3412 5664
218 301 262 366 50
588 315 724 364 MONl‘l'A
747 315 899 363 Pnnnvtn
922 316 957 362 IN
982 315 1120 365 eunden

220 481 448 535 commemoratis
461 479 497 535 de
511 478 557 534 lais
571 479 767 550 apostotorum
783 478 943 535 canonibus
955 482 1072 549 penitus
1083 479 1191 537 tacuit.-
1205 481 1318 537 sednee
1328 484 1408 538 inter
1419 499 1489 554 apo·

219 564 334 637 cryptae
350 579 386 620 co
401 567 484 621 misit.
520 561 595 619 Unde
610 564 699 618 minus
714 563 811 617 mirum
826 570 885 626 est,
909 562 1000 618 eadem
1016 561 1211 624 additamenta,
1232 561 1296 618 licet
1316 579 1331 618 a
1350 566 1492 640 plenisque

220 647 344 704 omnibus
360 648 458 705 Gelasii
474 649 588 704 vetustis
604 646 742 704 codicibus
757 646 858 710 absint,
882 649 909 703 in
926 646 1014 704 editos
1031 646 1114 703 libros
1128 647 1277 703 transiisse.
1307 646 1336 702 ld
1351 649 1425 704 enim
1439 665 1492 707 usu

219 735 312 790 venire
327 734 414 797 solet,
433 742 462 790 ut
478 733 551 808 quod
567 734 671 789 auctius
686 733 822 789 invenitur
836 733 864 788 in
879 731 968 795 libris,
985 733 1038 789 hoc
1052 732 1186 806 integrius
1201 739 1321 806 putatur.
1344 731 1412 788 lude
1425 749 1493 790 uero

218 818 335 874 duorum
351 818 523 876 decretorum
538 817 649 874 diversis
667 816 833 892 temporibus
854 817 989 874 editorum
1004 826 1066 874 nata
1081 816 1221 880 conlusio,
1242 833 1273 873 ac
1293 816 1327 874 de
1348 816 1493 875 Gelmiano

218 902 357 960 dubitandi
373 905 479 960 occasio
494 904 564 959 data.
595 902 817 959 Prudentioribus
833 904 905 959 enim
919 901 986 960 viris
1001 918 1161 977 persuasum
1177 901 1242 966 luit,
1265 904 1292 957 in
1308 902 1408 959 Gelasil
1423 911 1493 959 wm-

219 1005 285 1062 pora
300 1005 355 1045 nou
370 990 514 1046 convenire
529 986 684 1052 decretum,
706 990 734 1044 in
755 1004 810 1062 quo
825 987 1125 1062 constantinopolitana
1140 987 1261 1061 synodus
1278 989 1349 1044 inter
1363 1003 1493 1046 mumo-

218 1074 289 1130 nicas
310 1082 475 1131 numeratur.

303 1159 332 1215 9.
354 1159 455 1233 Nempe
471 1159 591 1233 quamvis
606 1159 633 1214 in
646 1156 858 1215 Calchedonensl
873 1158 989 1216 concilio
1005 1157 1084 1215 act.2
1100 1156 1192 1231 (llard.
1203 1156 1266 1215 coll.
1279 1174 1357 1215 conc.
1371 1157 1404 1221 ll,
1416 1155 1493 1231 287)

218 1241 280 1300 lidei
296 1241 447 1300 delinitioni
463 1245 595 1301 insertum
617 1245 654 1299 sit
668 1243 983 1318 Constantinopolitanae
997 1243 1095 1318 synodi
1110 1241 1276 1318 symbolum.
1292 1245 1382 1300 serius
1397 1250 1493 1301 umen

216 1327 329 1390 nonani
349 1328 489 1403 praesules
511 1330 580 1386 bane
600 1328 734 1403 synodum
755 1331 827 1385 inter
849 1330 1033 1386 oecumenicas
1056 1327 1219 1385 habuerunt.
1254 1327 1403 1386 buceutius
1424 1344 1493 1403 apo-

217 1413 330 1470 stolicae
351 1413 424 1471 sedis
447 1414 554 1490 legatus
575 1415 603 1470 in
623 1413 738 1471 coneilio
761 1413 973 1471 Calchedonensi
994 1423 1046 1471 act.
1062 1414 1102 1473 16
1122 1412 1214 1486 (llard.
1230 1412 1248 1470 l.
1266 1431 1290 1470 e.
1305 1412 1342 1477 ll,
1359 1411 1437 1487 636)
1457 1430 1493 1471 ex

217 1497 314 1555 Leonis
330 1499 456 1556 mandato
471 1498 666 1575 expostulavit,
688 1498 763 1573 quod
783 1507 979 1578 trecentorum
998 1502 1096 1557 decem
1116 1506 1144 1557 et
1159 1505 1224 1556 octo
1239 1499 1493 1557 consultationibus

214 1588 390 1656 postpositis,
413 1591 528 1641 centnm
542 1587 766 1659 quinquaqinta,
789 1589 840 1658 qui
858 1589 887 1642 in
909 1587 1054 1659 synodicis
1074 1585 1235 1642 canonibus
1254 1600 1312 1642 non
1331 1584 1492 1654 debentur,

216 1673 387 1727 mentionem
402 1677 513 1727 tantun
526 1670 634 1743 fecisse
648 1678 818 1727 irascuntur.
853 1669 914 1744 lpse
929 1669 983 1726 Leo
1006 1670 1076 1726 idern
1096 1669 1239 1727 concilium
1261 1684 1310 1726 nec
1324 1669 1426 1744 synodi
1441 1685 1493 1726 no·

217 1755 289 1811 minc
304 1754 405 1812 donare
420 1754 557 1830 dignatur.
587 1754 625 1811 lta
646 1755 746 1830 quippe
766 1755 800 1811 de
815 1754 862 1811 illo
883 1755 915 1811 ad
932 1755 1087 1812 Anatolium
1110 1757 1190 1830 epist.
1204 1754 1265 1813 106
1281 1754 1332 1812 cb
1348 1754 1493 1830 loquitur:

216 1840 408 1897 Persnnstoni
426 1845 501 1898 enim
520 1847 589 1898 tnae
609 1844 639 1897 in
653 1842 732 1898 nntto
749 1844 869 1913 penitus
883 1843 1070 1915 suffragator
1084 1841 1271 1915 quorundam
1285 1843 1493 1913 episcoporum

216 1933 284 1982 ante
298 1929 469 2001 sexaginta,
487 1931 519 1982 ut
527 1929 646 1999 jactas.
667 1941 761 1983 annos
778 1925 864 1997 facta
880 1930 1056 1999 conscriptio
1062 1950 1072 1991 ,·
1086 1932 1115 1983 et
1129 1927 1209 1999 epist.
1219 1925 1280 1984 105
1291 1923 1359 1981 ci:
1376 1924 1493 1999 Super·

217 2010 281 2067 buna
292 2014 378 2068 ninas
389 2018 432 2068 est
443 2018 472 2068 et
482 2013 700 2068 immoderatum
714 2053 735 2068 ..
743 2051 760 2080 .,
775 2019 807 2068 nt
818 2013 1024 2069 venerabilium
1033 2018 1153 2084 potrum
1159 2009 1493 2084 (Nicaeuorum)decretn

216 2098 381 2167 solvantur,
399 2098 587 2170 quorumdam
602 2100 805 2169 episcopor-nna
826 2094 1073 2171 (Constantinopoli
1089 2093 1329 2171 congregatorum)
1342 2095 1493 2169 proferre

217 2197 401 2252 consensum,
417 2185 467 2239 cui
481 2189 521 2239 tot
536 2200 679 2239 annorum
694 2186 786 2239 series
799 2186 914 2256 negauit
929 2184 1074 2255 effectum.
1100 2180 1204 2237 lnlicias
1219 2197 1274 2237 non
1289 2197 1332 2244 eo,
1348 2180 1418 2238 baec
1434 2196 1493 2239 ma·

216 2266 286 2322 nime
301 2265 334 2322 ad
346 2283 485 2330 canonem,
501 2283 556 2342 quo
567 2267 684 2324 secunda
696 2266 775 2323 sedes
788 2269 879 2341 regiae
890 2269 1005 2324 civitatis
1017 2268 1146 2341 episcopo
1158 2264 1365 2330 concedebatur,
1378 2265 1491 2323 roien-l.

216 2352 251 2407 dt
266 2367 349 2425 quum
364 2351 409 2408 illa
425 2352 547 2427 synodus
567 2368 737 2427 nequaquam
758 2353 929 2409 oecumenica
943 2369 994 2427 per
1007 2368 1036 2408 se
1052 2351 1150 2416 luerit,
1174 2359 1270 2425 utpote
1288 2352 1332 2407 cni
1353 2367 1388 2409 ex
1410 2351 1493 2409 Oecl-

216 2435 297 2492 dente
312 2436 468 2494 interfuerit
483 2454 577 2502 nemo,
599 2453 679 2493 nemo
701 2436 764 2494 inde
784 2437 817 2493 ad
839 2454 896 2494 earu
912 2446 1023 2494 vocatus
1044 2438 1095 2501 sit,
1117 2437 1289 2494 oecumenica
1303 2435 1419 2494 evadere
1436 2438 1491 2493 nist

216 2523 372 2595 acceptioue
387 2538 442 2579 nou
457 2525 557 2597 potuit.
585 2520 734 2591 Quomlnus
749 2530 840 2579 autern
855 2522 886 2578 ab
899 2521 1113 2580 occidentalibus
1129 2523 1304 2596 acciperetur.
1321 2537 1377 2578 non
1389 2538 1491 2596 parum

216 2604 322 2662 obstitit
345 2622 406 2664 mox
422 2607 510 2665 dictus
533 2623 628 2665 canon.
670 2606 750 2664 Certe
767 2615 825 2664 toto
841 2607 888 2664 illo
904 2609 1007 2683 spatio,
1031 2607 1105 2682 quod
1125 2607 1157 2664 ab
1172 2609 1230 2682 ipsa
1244 2607 1350 2682 syuodo
1366 2607 1401 2664 ad
1416 2607 1491 2665 beo·

216 2707 276 2747 nem
292 2696 423 2756 excurrit,
440 2693 493 2750 boe
506 2702 550 2750 est
565 2693 607 2752 60
628 2708 773 2757 annorum,
795 2702 929 2768 acceptam
945 2709 1003 2749 earn
1018 2709 1072 2749 non
1088 2692 1181 2756 luisse,
1205 2690 1286 2763 hujus
1301 2708 1388 2767 papae
1402 2691 1489 2751 verba

214 2777 336 2851 proxime
351 2777 430 2834 allata
444 2779 509 2835 satis
525 2778 653 2835 iudicant.
699 2777 803 2835 Abhinc
817 2787 906 2835 autem
922 2778 954 2834 ad
970 2778 1066 2834 Gelasii
1082 2785 1203 2852 tempora
1217 2776 1353 2834 llomanos
1369 2779 1445 2835 inter
1458 2784 1489 2835 et

214 2863 305 2936 regiae
328 2861 402 2919 urbis
417 2865 553 2920 antistites
569 2881 599 2921 ca
614 2865 794 2920 intercessere
808 2865 933 2938 negotia,
954 2880 1023 2938 quae
1043 2862 1106 2919 illos
1126 2862 1158 2919 ab
1181 2861 1273 2919 eadem
1289 2863 1397 2937 synodo
1411 2864 1488 2921 inter

214 2948 398 3005 oecumenicas
414 2949 584 3024 suscipienda
599 2966 654 3005 non
669 2951 757 3005 minus
773 2957 927 3005 avocarunt.
972 2950 1007 3004 At
1028 2947 1186 3004 llormisdae
1207 2964 1272 3004 aevo
1292 2956 1397 3005 mutata
1418 2957 1485 3007 sunt

214 3040 344 3108 tempora.
376 3034 452 3091 Tunc
475 3036 545 3092 enlm
560 3033 851 3110 constantinopolitani
866 3035 999 3091 antistites
1015 3035 1042 3090 iu
1057 3035 1171 3108 gratiam
1186 3050 1246 3089 cum
1263 3031 1390 3091 Romanis
1405 3050 1485 3110 prae·

213 3116 317 3176 sulibus
333 3118 452 3184 rediere,
473 3119 624 3195 exindeque
645 3120 687 3176 his
708 3121 787 3176 etiarn
808 3118 937 3175 familiare
952 3119 1017 3182 luit,
1038 3126 1156 3193 quatuor
1170 3117 1303 3193 synodos,
1327 3119 1483 3196 intorques

213 3211 255 3259 est
270 3202 577 3280 constantinopolitana,
593 3207 664 3281 paris
680 3205 848 3261 auctoritatis
864 3202 1000 3278 profiteri,
1023 3204 1076 3260 hoc
1090 3202 1227 3260 dumtaxat
1241 3202 1362 3261 adhibito
1378 3213 1483 3280 tempe·

213 3298 350 3353 ramento,
371 3306 426 3364 quo
447 3292 606 3347 nominatim
627 3290 740 3365 Vigilius
761 3291 842 3346 etiam
863 3288 946 3365 longe
966 3297 1062 3364 postea
1083 3289 1190 3364 epist.3
1211 3288 1267 3347 n.3
1288 3305 1355 3346 usus
1370 3299 1429 3356 est,
1451 3297 1482 3347 nt

213 3381 317 3430 tautum
333 3390 401 3448 quae
416 3376 444 3430 iu
459 3374 512 3431 illis
527 3377 562 3432 de
576 3378 634 3448 fide
649 3372 759 3432 delinita
773 3384 851 3438 sunt,
866 3376 1005 3450 susclpere
1025 3392 1056 3432 se
1078 3381 1256 3431 testarentur:
1271 3390 1306 3432 ne
1320 3375 1426 3433 seilicet
1440 3392 1481 3440 ea,

213 3474 281 3532 quae
296 3460 388 3534 regiae
405 3457 464 3515 urbi
479 3460 803 3535 aConstantiuopolitana
818 3469 845 3517 ot
860 3458 1072 3517 Calchodonensi
1087 3476 1215 3517 concessa
1229 3469 1307 3524 sunt,
1323 3459 1483 3519 viderentur

212 3541 382 3601 confirmare.
423 3542 473 3613 Qui
488 3545 575 3620 igitur
589 3545 768 3603 additamenta
783 3547 908 3620 superius
924 3554 1015 3602 notata
1029 3547 1058 3602 in
1073 3545 1214 3603 Gelaslano
1226 3545 1337 3603 decreto
1352 3546 1482 3622 legebant

212 3644 263 3684 nec
277 3628 483 3704 suspicabantur
498 3630 605 3687 aliunde
620 3631 730 3694 adscita,
746 3631 808 3688 inde
823 3647 878 3688 non
889 3633 1023 3689 immerito
1039 3629 1242 3695 inducebantur,
1260 3639 1290 3688 ut
1305 3640 1393 3689 totum
1410 3648 1481 3709 opus

212 3712 318 3771 Gelasio
333 3713 527 3787 abiudicarent.
559 3718 593 3772 dt
608 3715 653 3773 ubi
669 3718 865 3792 compererint,
888 3733 921 3774 ex
941 3718 1037 3792 viginti
1053 3716 1210 3791 etamplius
1226 3717 1362 3774 veteribus
1378 3718 1481 3776 codid-

211 3796 276 3862 bus,
300 3816 369 3874 quos
385 3802 609 3876 recognovimus,
631 3819 661 3858 ca
681 3804 724 3857 vir
745 3804 772 3858 in
794 3801 880 3859 tribus
903 3804 999 3876 partim
1021 3804 1047 3858 iu
1063 3803 1184 3877 nrargiue
1199 3804 1337 3878 partimin
1353 3811 1432 3860 textu
1447 3819 1482 3861 ex

211 3882 369 3943 llormisdae
385 3885 581 3961 exemplaribus
596 3895 723 3961 excerpta
739 3887 807 3962 legi,
824 3887 934 3944 eosdem
949 3896 1145 3963 praeconcepta
1160 3889 1288 3962 opinione
1303 3888 1382 3945 iacile
1396 3887 1481 3947 absti-

210 3977 289 4026 turos
307 3988 398 4046 spero.

297 4056 347 4115 10.
378 4057 449 4114 dllas
464 4058 572 4116 levioris
588 4060 718 4115 momenti
733 4059 887 4123 varietates,
904 4075 973 4133 quae
988 4061 1060 4115 inter
1073 4061 1179 4123 sincera
1194 4058 1292 4116 Gelasii
1308 4058 1481 4118 Hormisdae·

211 4157 264 4215 que
279 4141 438 4217 exemplaria
454 4152 615 4208 occurrunt,
636 4146 664 4199 in
684 4142 875 4219 marginalibus
896 4145 968 4201 notis
983 4144 1101 4201 irullcare
1116 4146 1182 4201 satis
1197 4144 1289 4203 luerit.
1327 4142 1377 4201 lias
1392 4147 1481 4203 minio

209 4225 349 4283 ‹listinctas
366 4229 464 4302 cuique
480 4245 533 4286 uno
548 4230 649 4286 iutuitu
669 4230 826 4304 conspicere
845 4229 908 4287 licet
923 4229 994 4304 apud
1008 4229 1115 4285 lustum
1132 4228 1327 4294 Fontaninum,
1349 4233 1397 4305 qui
1418 4232 1482 4307 qad-

210 4310 271 4367 dem
286 4314 314 4369 tu
325 4312 472 4389 appendice
485 4316 638 4389 antiquitat.
656 4313 783 4371 llortcns.
800 4332 862 4390 pag.
871 4315 932 4374 317
949 4323 977 4372 et
988 4314 1146 4371 Hormisdae
1162 4315 1301 4373 decretum
1313 4333 1327 4372 a
1339 4314 1481 4376 cumano

209 4396 351 4473 vulgatum
366 4407 393 4455 et
408 4397 577 4457 Gelestanum
593 4416 608 4456 e
624 4400 749 4456 Vaticano
765 4400 910 4474 exemplari
925 4417 1028 4457 sururua
1044 4399 1184 4476 diligentia
1199 4418 1357 4477 cupressum
1372 4401 1482 4460 duabu

208 4481 342 4540 columnis
364 4487 584 4559 repraesentavit.
613 4484 647 4541 lis
663 4502 741 4549 vero,
764 4502 833 4560 quac
854 4486 887 4542 ad
902 4485 1070 4543 llonnisdam
1091 4495 1119 4543 et
1134 4504 1202 4564 quac
1217 4487 1250 4543 ad
1266 4487 1401 4545 Gelasium
1417 4504 1482 4565 per-

189 4602 194 4611 ι
208 4569 304 4634 tinent,
320 4569 456 4628 distinctis
467 4569 522 4641 jam
537 4572 639 4628 certius
662 4578 782 4645 apparot,
799 4571 871 4646 quod
888 4571 1012 4627 nonnulli
1025 4571 1277 4638 crantsubodorati,
1293 4572 1340 4631 scd
1352 4573 1481 4649 probare,

208 4655 335 4726 quamdiu
349 4654 395 4711 illa
411 4665 488 4713 erant
498 4657 627 4719 contusa,
644 4672 699 4711 nou
712 4655 848 4713 valebant:
864 4656 934 4714 idem
945 4655 1052 4714 scilicet
1064 4656 1203 4715 decretum
1216 4675 1230 4714 a
1243 4658 1349 4716 Gelasio
1361 4661 1482 4734 primunr

207 4737 324 4802 editum,
345 4756 375 4795 ac
395 4742 571 4816 postmodum
594 4740 626 4798 ab
642 4740 785 4798 llormisda
807 4760 867 4800 curn
889 4743 1041 4799 accessione
1058 4744 1188 4801 nonnulla
1202 4742 1389 4802 confirmatum
1405 4762 1481 4803 esse.

210 4820 339 4889 Quocirca
355 4824 438 4899 l‘agio
453 4836 481 4884 ot
496 4829 658 4884 assentimus
675 4827 808 4884 Gelensium
824 4828 926 4885 decreti
947 4829 981 4885 dc
1002 4829 1075 4885 libris
1096 4838 1234 4903 parentem
1256 4847 1316 4886 esse
1336 4833 1483 4895 asserenti,
