3412 5664
261 337 326 401 414
738 350 765 398 s.
783 349 924 398 quassu
947 348 1060 395 raras

132 560 174 621 a.
188 547 272 612 aa,
753 503 947 607 epistola
972 504 1030 587 26.

404 678 415 713 r
646 658 704 726 (Ex
723 656 861 713 editione
878 654 1151 725 Ballerlnlorurn.)

414 794 706 861 Dilectissimis
743 793 943 858 fratribus
981 792 1187 857 universis
1224 791 1426 877 episcopis
1466 814 1541 881 por

419 894 439 909 '
506 896 748 962 Dardaniam
770 895 1008 961 constitutis
1031 894 1228 959 Gelasius.

348 1021 376 1082 1.
421 1016 524 1082 Valde
552 1016 660 1080 mirati
688 1038 807 1098 sumus,
836 1016 919 1099 quod
948 1017 1054 1078 vestra
1076 1014 1207 1079 dilectio
1234 1016 1329 1100 quasi
1356 1038 1460 1081 novun
1503 1008 1526 1069 tl

262 1121 360 1187 veluti
384 1119 549 1184 difficilem
572 1119 802 1203 quaestionem,
827 1121 859 1181 et
874 1117 978 1181 adhuc
992 1120 1157 1202 tamquam
1173 1117 1356 1183 inauditum
1369 1118 1523 1203 quidpiam

264 1245 356 1289 nosse
378 1221 548 1305 desiderat,
572 1222 656 1305 quod
678 1220 902 1305 Eutyclriarrae
923 1219 1128 1305 pestilentiae
1147 1224 1436 1301 communicatores,
1452 1226 1524 1285 uon

262 1326 418 1390 babentes
447 1324 523 1409 quid
550 1345 608 1407 pro
635 1346 712 1387 suae
739 1323 928 1408 perditionis
957 1321 1175 1386 obstinatione
1203 1323 1430 1408 respondeant,
1453 1318 1527 1387 fre·

262 1430 374 1513 quenti
393 1428 462 1511 jam
491 1428 616 1490 ratione
639 1427 795 1509 convicti,
825 1426 893 1489 sola
922 1425 1130 1490 contentione
1157 1425 1427 1491 submurmurant:
1452 1430 1530 1488 „on

262 1532 337 1615 quia
358 1530 402 1594 sit
423 1529 559 1613 alicujus
581 1529 734 1593 momenti
757 1528 840 1613 quod
863 1528 1021 1613 garriunt,
1045 1548 1106 1591 uec
1120 1527 1293 1592 inveniunt
1313 1508 1534 1613 penitusquid

261 1632 443 1717 loquantur.
467 1630 532 1697 Ubi
554 1632 658 1716 magis
681 1653 745 1715 eos,
769 1631 824 1715 qui
847 1630 1014 1694 catholicis
1037 1629 1183 1693 sensibus
1204 1630 1348 1695 instituti
1368 1634 1446 1713 sunt,
1464 1612 1536 1693 5⁴¹·

205 1740 209 1749 '
261 1734 324 1800 huc
345 1735 478 1799 haerere
499 1734 663 1816 miramur,
692 1755 788 1817 quam
810 1733 892 1816 illos,
922 1734 976 1817 qui
1004 1755 1024 1796 a
1052 1733 1188 1797 veritate
1210 1732 1398 1797 exciderunt
1425 1735 1454 1797 et
1486 1716 1540 1789 fil

262 1839 413 1923 antiquae
435 1836 599 1901 Ecclesiae
621 1835 795 1899 traditione
823 1840 900 1899 sunt
925 1834 1018 1917 devii,
1048 1834 1203 1918 profanas
1231 1856 1344 1901 vocum
1372 1834 1541 1901 nouum

261 1943 295 2005 et
315 1940 455 2025 ineptias
485 1938 622 2003 caducae
644 1938 866 2022 perversitatis
895 1936 1085 2001 obtendere:
1113 1938 1229 2021 quibus
1251 1960 1306 2003 eos
1327 1940 1432 2003 vestra
1448 1930 1542 2001 tile

199 2039 202 2044 ’
262 2042 326 2106 ctio
347 2042 457 2105 retulit
476 2042 638 2125 jactitare,
662 2041 733 2104 ideo
756 2041 911 2105 Acacium
926 2062 992 2104 non
1007 2043 1121 2123 putare
1139 2040 1212 2124 jure
1228 2040 1423 2123 damnatum,
1442 2028 1542 2127 quot
1579 2036 1582 2053 '

261 2165 327 2208 nou
350 2166 369 2206 a
392 2142 523 2229 speciali
545 2143 666 2227 synodo
681 2143 828 2208 adeatur
842 2143 940 2207 luisse
956 2129 1110 2226 dejectus
1134 2146 1167 2207 et
1189 2143 1321 2228 insuper
1336 2141 1542 2207 denefin

261 2268 337 2310 suae
365 2245 520 2310 vanitatis
550 2245 751 2310 accumulare
783 2245 965 2330 pueriliter,
995 2244 1201 2328 adjicientes:
1229 2252 1401 2327 praecepere
1424 2246 1541 2327 ponti·

259 2355 344 2424 dcem
367 2356 473 2428 reciae
494 2355 636 2413 ciuitatis.
671 2347 874 2433 Quapropter
894 2347 1065 2411 stultitiam
1087 2351 1276 2431 respuentes
1296 2347 1439 2413 inanium
1450 2362 1540 2433 que

260 2450 409 2533 telarum,
434 2471 619 2534 percurrere
647 2472 703 2515 vos
726 2454 852 2536 oportet
880 2450 921 2513 ab
948 2449 1027 2534 ipsis
1056 2449 1160 2514 beatis
1187 2450 1342 2533 apostolis
1368 2453 1403 2515 et
1426 2446 1539 2515 cond·

260 2553 370 2617 derare
393 2552 576 2636 prudenter,
601 2554 751 2638 quoniam
773 2556 881 2637 patres
904 2551 1016 2635 nostri,
1041 2551 1191 2617 catholici
1214 2551 1364 2618 videlieet
1382 2551 1538 2637 doctique

259 2655 438 2739 pontifices,
462 2654 497 2717 in
520 2677 709 2740 unaquaque
724 2656 848 2719 haeresi
871 2654 1013 2738 quolibet
1027 2658 1170 2739 tempore
1189 2654 1355 2738 suscitata,
1377 2646 1536 2741 quidquid

221 2748 225 2753 ’
259 2778 317 2840 pro
340 2757 412 2840 fide,
444 2758 670 2841 proceritate,
700 2779 757 2841 pro
786 2758 1009 2821 communione
1037 2756 1196 2821 catholica
1224 2760 1322 2843 atqua
1355 2752 1535 2843 apostolia
1580 2794 1582 2815 .

259 2857 432 2923 seeundum
455 2857 694 2943 Scripturarum
722 2860 885 2923 tramitem
907 2859 1242 2944 praedicationemque
1263 2860 1419 2944 majorum
1437 2858 1533 2923 lach

258 2959 357 3025 semel
390 2962 643 3046 congregatione
676 2966 854 3026 sanxerunt
866 3012 874 3045 ,
914 2962 1138 3026 inconvulsum
1175 2961 1328 3047 deinceps
1369 2956 1532 3027 voluntat

257 3062 446 3147 firmumque
470 3068 628 3148 constare,
657 3086 717 3129 nec
742 3066 777 3129 in
800 3064 911 3129 eadem
934 3085 1030 3129 causa
1052 3063 1156 3128 denuo
1182 3085 1265 3149 quae
1292 3064 1433 3149 praelixa
1456 3060 1529 3127 foe

257 3168 333 3228 rant
353 3166 523 3229 retractari
545 3164 690 3250 qualibet
711 3166 833 3231 recenti
861 3165 1122 3251 praesumptione
1150 3166 1374 3250 permiserint:
1401 3162 1529 3251 sapies

256 3267 379 3331 tissime
405 3267 620 3351 pervidentes,
649 3269 800 3352 quoniam
828 3268 855 3332 si
884 3268 1012 3333 decreta
1040 3267 1214 3334 salubriter
1242 3269 1391 3355 cuiquam
1415 3262 1528 3333 licent

256 3368 383 3450 iterare,
408 3368 532 3433 nullum
555 3373 668 3434 contra
690 3371 834 3456 singulos
856 3391 999 3455 quosque
1020 3391 1151 3455 prorsus
1173 3391 1297 3437 errores
1318 3370 1433 3437 stabile
1457 3380 1527 3453 ptr

256 3472 385 3535 sisteret
406 3470 570 3536 Ecclesiae
599 3473 821 3555 coustitutum,
853 3494 891 3537 ac
913 3494 1038 3557 semper
1059 3472 1174 3537 iisdem
1195 3473 1358 3541 furoribus
1378 3464 1526 3539 recidivi

256 3571 360 3636 omnis
383 3573 512 3657 integra
526 3573 671 3639 definitio
686 3576 880 3657 turbaretur.
909 3574 994 3639 Nam
1016 3576 1054 3658 si,
1078 3576 1235 3641 limitibus
1256 3577 1357 3643 etiam
1377 3564 1524 3662 praeffl

256 3674 433 3757 positarum
461 3676 558 3740 semel
586 3676 787 3761 synodalium
815 3677 1014 3762 regidarum,
1044 3699 1112 3743 non
1139 3684 1269 3744 cessant
1295 3678 1394 3745 elisae
1417 3676 1521 3765 pdfl

167 3824 175 3840 ,
256 3776 426 3859 resumptis
455 3778 683 3843 certaminibus
707 3783 820 3843 contra
846 3778 1094 3844 fundamentum
1116 3801 1186 3845 sese
1208 3780 1354 3846 veritatis
1367 3776 1515 3851 naeuus

256 3882 289 3941 et
317 3876 475 3963 simplicia
507 3902 650 3965 quaeque
681 3882 776 3946 corda
803 3884 985 3965 percutere:
1019 3881 1096 3965 quid
1116 3882 1219 3967 fieret,
1253 3882 1282 3947 si
1314 3881 1453 3947 subinde
1478 3872 1513 3939 f!

255 3982 340 4044 esset
353 3980 483 4065 perfidis
504 3981 586 4047 inire
608 3983 788 4066 concilium,
812 4005 907 4067 quum
931 3983 1094 4068 quaelibet
1114 3984 1171 4050 illa
1191 3984 1425 4051 manifestarit
1446 3972 1505 4043 ml

254 4085 317 4166 tas,
346 4106 511 4169 uunquam
534 4086 627 4171 desit,
656 4085 740 4171 quod
762 4085 944 4172 perniciosa
966 4084 1133 4170 depromat
1153 4087 1292 4174 falsitas,
1319 4085 1381 4153 etsi
1398 4078 1499 4151 ratim·

254 4184 304 4249 vel
328 4187 520 4251 auctoritate
542 4187 704 4272 deficiens,
728 4188 796 4253 sola
817 4192 928 4253 tamen
949 4189 1132 4254 intentione
1152 4212 1220 4257 non
1242 4188 1383 4257 eedem

338 4288 369 4351 2.
396 4286 484 4363 Quae
505 4291 643 4374 majores
665 4292 768 4355 nostri
790 4290 900 4355 divina
914 4290 1127 4375 inspiratione
1142 4296 1324 4379 cernentes,
1345 4278 1488 4359 recudi

254 4393 502 4474 praecaverunt,
536 4396 574 4456 ut
601 4397 714 4458 eontra
740 4414 997 4481 unamquamque
1023 4392 1182 4459 haeresim
1213 4396 1300 4481 quod
1326 4398 1397 4461 acta
1422 4406 1485 4477 ψ)
1578 4442 1582 4481 ,

254 4490 312 4555 dus
333 4513 392 4577 pro
414 4491 487 4575 fide,
518 4495 751 4579 communione,
780 4495 925 4569 veritate,
940 4494 1098 4561 catholica
1125 4500 1221 4584 atque
1248 4496 1418 4585 apostolic!
1435 4506 1482 4577 W
1574 4556 1580 4567 .

253 4594 441 4680 mnlgcsset,
470 4616 537 4659 non
564 4597 709 4663 sinerent
730 4599 822 4664 novis
849 4602 923 4683 post
949 4598 1030 4663 baec
1057 4599 1342 4667 retractationibus
1367 4586 1483 4669 madai.
1557 4642 1582 4683 η

252 4716 294 4760 ne
326 4696 434 4780 pravis
468 4699 593 4762 occasio
625 4701 832 4783 praeberetur
863 4700 1213 4786 quae·medicinaliter
1244 4703 1376 4769 fuerant
1396 4694 1488 4765 abab
1567 4692 1581 4729 ³·

254 4797 419 4880 pulsandi,
442 4799 497 4863 sed
520 4806 650 4865 auctore
673 4802 843 4887 cujuslibet
864 4803 1011 4868 insaniae
1034 4826 1073 4869 ac
1092 4806 1216 4890 pariter
1236 4800 1494 4871 matanatis»

253 4899 400 4965 sinificere
418 4901 626 4987 judicamnt,
656 4907 693 4967 nt
719 4905 862 4989 quisquis
890 4905 1063 4991 aliquando
1085 4904 1182 4993 hujus
1203 4910 1322 4977 erroua
1348 4890 1505 4977 comi}
