3412 5664
524 332 724 382 rauciacus
749 333 795 380 vr.
1230 317 1292 382 605

10 488 136 553 scio
156 486 240 570 quod
268 486 398 569 pecudis
421 485 623 569 hominisque
645 487 784 551 mixtura
808 486 1018 569 compositum
1040 486 1106 549 sive
1129 507 1203 549 vere
1225 487 1292 550 sive

10 612 85 654 se
130 589 249 653 editum
273 588 463 652 celebretis?
506 589 539 651 si
567 591 700 673 propter
722 589 939 671 pestilentiam
961 587 1226 671 submovendam,
1255 592 1292 652 ut

11 692 207 776 tiquiora
235 693 449 775 praeteream,
481 712 554 753 ecee
577 694 749 774 antequam
771 691 850 753 meis
872 690 1069 773 temporibus
1091 689 1290 772 tollerentur,

11 789 242 856 stilenti'am
265 814 396 876 gravem
412 795 479 855 tam
502 793 535 855 iu
552 791 639 855 Urbe
661 814 757 874 quam
780 791 813 854 in
833 793 920 875 agris
942 791 1108 855 hominnm
1122 791 1291 876 pecudum-

10 914 48 957 ιε
97 894 206 956 fuisse
228 916 294 957 non
316 894 445 957 dubium
470 898 533 976 est,
556 894 582 957 si
605 916 663 977 pro
685 894 854 957 sterilitate
873 893 1021 975 jactatiS,
1047 914 1102 956 cur
1124 893 1292 979 inAl'rica

10 994 33 1056 Ι1
76 995 212 1058 (talliis
239 997 303 1060 ista
332 995 542 1079 contingunt,
570 995 623 1058 ubi
653 1017 712 1058 nec
740 996 871 1058 fraemmt
898 994 1068 1078 aliquando
1090 995 1289 1078 Lupercalia,

10 1118 52 1159 ec
100 1101 235 1161 constat
256 1098 354 1160 fuisse
377 1098 526 1160 sublata?
566 1097 630 1161 tlur
653 1119 738 1160 uuam
762 1096 877 1161 Oriens
899 1096 1041 1159 omuimn
1063 1118 1169 1160 rerum
1192 1097 1291 1183 copiis
1322 1113 1326 1123 '

10 1198 178 1262 :uberat
201 1203 233 1263 et
255 1199 398 1263 abundat
404 1250 413 1281 ,
438 1200 492 1283 qui
514 1221 575 1262 uec
598 1199 770 1262 celebravit
792 1221 932 1282 unquam
948 1198 1138 1282 Lupercalia
1159 1220 1218 1263 nec
1243 1221 1290 1262 ee·

10 1297 151 1364 brat?
184 1301 237 1364 An
261 1301 368 1364 dicitis
390 1301 456 1364 illie
472 1323 601 1383 nocere,
626 1301 681 1364 ubi
702 1322 760 1383 per
782 1301 919 1384 plurima
942 1301 1069 1364 saecula
1090 1302 1220 1365 fuerant
1243 1323 1291 1365 ce-

10 1400 149 1467 brata
172 1408 205 1466 et
227 1406 359 1486 repente
374 1402 501 1466 suldata
516 1402 616 1465 sunt?
652 1401 825 1466 Videamus
844 1425 936 1488 ergo,
960 1403 986 1465 si
1010 1402 1060 1465 his
1082 1403 1289 1486 temporibuS,

10 1501 140 1568 ribus
161 1506 268 1568 dicitis
294 1504 419 1587 agitata
448 1505 563 1568 etrite
586 1526 623 1567 ac
646 1503 742 1586 plena
764 1504 829 1587 sui,
854 1505 936 1569 sicut
959 1505 1047 1568 vobis
1070 1505 1210 1588 videtur,
1240 1505 1291 1568 de-

10 1604 152 1670 »tionc
175 1606 334 1691 completa
355 1610 445 1689 sunt,
476 1629 640 1691 rrurrquam
661 1606 779 1688 fameS,
809 1629 974 1691 uunquam
996 1607 1182 1690 pestilentia
1204 1629 1291 1691 pror·

10 1725 42 1765 s
86 1709 269 1773 exstiterit.
313 1709 347 1772 Si
369 1730 444 1771 vero
466 1730 694 1792 saepenumero
715 1709 765 1771 lris
789 1707 931 1772 cladibus
954 1710 993 1772 ad
1017 1713 1194 1773 extremum
1208 1709 1290 1792 peri-

10 1803 61 1869 ili
108 1815 238 1875 rentiam
267 1815 331 1894 cst,
365 1815 514 1894 apparet,
544 1811 593 1873 his
622 1810 714 1873 malis
743 1810 966 1875 submovendis
994 1811 1075 1875 nihil
1102 1811 1291 1895 Lupercalia

10 1909 180 1977 'ofuisse
204 1915 300 1976 etiam
316 1935 353 1975 eo
368 1916 528 1995 tempore,
552 1936 632 1997 qum
656 1914 740 1976 sicut
762 1913 883 1976 dictum
906 1916 969 1995 est,
984 1899 1030 1975 ¹ut
1052 1915 1184 1997 putatis,
1209 1935 1290 1977 com-

10 2009 148 2079 tenti
170 2016 281 2079 ordine
304 2018 501 2099 gererentur.
541 2014 595 2079 sie
617 2015 656 2077 de
678 2015 815 2100 singultis
837 2015 1014 2099 quibusque
1034 2014 1289 2097 necessitatibus,

10 2120 154 2194 *optet
175 2139 271 2202 quam
293 2116 436 2179 dixeritis
452 2116 550 2180 fuisse
569 2117 740 2201 provisum,
765 2117 792 2180 si
815 2116 997 2181 constiterit
1018 2116 1117 2180 etiam
1139 2116 1203 2180 illis
1225 2139 1289 2181 non

10 2213 165 2302 siisse,
189 2241 273 2282 rana
295 2217 390 2301 hujus
413 2218 544 2282 remedii
568 2219 769 2282 convincitur
792 2241 859 2283 esse
882 2220 1109 2303 praesumptio.

114 2323 160 2385 10.
196 2321 426 2385 Verumtamen
456 2342 512 2384 cur
533 2342 599 2384 non
620 2320 682 2385 hoc
704 2321 802 2384 ctiam
823 2344 911 2385 nunc
933 2306 1160 2406 experiamini,
1183 2325 1292 2386 utrum

12 2409 154 2487 leant
175 2423 295 2507 aliquid
317 2423 415 2487 etiam
436 2423 497 2485 rite
521 2422 704 2486 celebrata?
732 2422 776 2486 Et
790 2445 846 2486 vos
869 2445 926 2508 per
940 2423 1078 2487 ludibria
1093 2403 1157 2488 ista
1172 2424 1290 2488 discur-

10 2535 53 2577 Θ
102 2531 284 2589 uestrorum
305 2547 392 2588 more
413 2524 586 2607 majorum,
616 2528 653 2588 ut
679 2524 821 2588 divinam
849 2547 917 2589 rem
939 2530 972 2590 et
993 2526 1167 2590 salutarem
1190 2525 1289 2609 vobis,

42 2620 204 2709 dicitis,
228 2626 371 2691 devotius
394 2627 600 2708 celebrando,
630 2627 726 2689 saluti
748 2630 872 2690 vestrae
895 2629 1076 2712 prospicere
1098 2628 1203 2712 magis
1225 2650 1290 2692 ma-

10 2737 136 2807 3que
157 2729 301 2793 valeatis.
346 2728 508 2813 Numquid
531 2751 629 2812 qmmr
649 2728 729 2792 hacc
753 2729 1004 2813 celebrarentur,
1030 2752 1049 2793 a
1067 2729 1168 2793 Gallis
1187 2728 1290 2792 ltoma

11 2840 58 2885 11
115 2835 206 2916 capta
229 2836 288 2914 est,
312 2835 345 2895 et
366 2853 595 2915 saepenumero
618 2831 657 2894 ad
673 2835 815 2895 extrema
830 2854 972 2916 (quaeque
987 2831 1157 2916 pervenit?
1190 2830 1290 2894 Num-

14 2919 88 2990 id
129 2932 219 2997 bellis
250 2933 396 2998 civilibus
430 2933 489 2996 sub
523 2934 584 2996 hac
614 2932 799 2997 celebritate
826 2954 892 2998 non
921 2933 1084 2997 concidit?
1127 2932 1288 3018 Numquid

10 3036 212 3106 [pertalis
233 3036 375 3118 deerant,
400 3036 526 3119 quando
544 3035 661 3100 Urbem
673 3035 822 3099 Alaricus
845 3035 982 3100 evertit?
1017 3035 1061 3099 Et
1076 3057 1178 3119 nuper
1191 3056 1290 3119 quum

10 3130 189 3200 lthemii
213 3141 246 3202 et
267 3137 437 3202 Ricimeris
466 3139 551 3202 ciaili
578 3139 686 3201 furore
713 3138 865 3201 subversa
893 3140 957 3221 est,
991 3136 1046 3201 ubi
1074 3139 1151 3201 sunt
1171 3136 1289 3221 Luper-

10 3223 133 3301 lia?
163 3238 318 3305 (luxistis
341 3240 473 3303 minime
495 3237 708 3324 profuerunt?
745 3238 838 3304 Certe
860 3240 888 3302 si
910 3239 1054 3304 divinum
1076 3243 1141 3322 est,
1165 3240 1192 3303 si
1208 3239 1289 3303 salu-

10 3346 73 3393 re
121 3340 221 3425 vobiS,
253 3364 309 3406 cnr
331 3364 396 3406 nou
419 3364 476 3426 per
498 3364 553 3405 vos
575 3341 653 3425 ipsi,
683 3344 719 3406 ut
738 3341 875 3424 majores
897 3342 1012 3425 vestri,
1050 3342 1112 3406 ista
1139 3341 1290 3406 faciatis?

10 3447 62 3492 tr
116 3465 222 3508 causas
239 3448 363 3508 vestrae
379 3445 492 3508 salutis
509 3442 676 3507 minuitis?
705 3444 767 3508 Gur
783 3443 983 3527 decoloratis,
1008 3466 1064 3508 cur
1079 3443 1208 3527 eliditis,
1233 3466 1289 3508 cur

40 3544 156 3610 vilia
170 3569 313 3632 (quaeque
328 3546 507 3611 deducitis?
540 3546 622 3622 Quid
639 3545 805 3630 imputatis
820 3545 922 3628 nobis,
947 3568 1044 3630 quum
1066 3547 1126 3631 ipsi
1149 3546 1288 3611 remedia

10 3638 132 3710 Stra
152 3649 305 3714 calcetis?
348 3648 455 3713 Satius
479 3653 527 3712 est
549 3652 582 3712 et
603 3670 669 3713 non
690 3651 828 3730 tentare,
851 3670 947 3732 squam
970 3649 1197 3713 contumeliose
1219 3671 1289 3734 per·

10 3749 132 3812 'ere
175 3752 313 3835 blajores
336 3756 422 3815 certe
445 3753 559 3833 vestri,
583 3751 609 3814 si
634 3751 762 3834 vitiose,
793 3751 840 3814 uti
862 3750 926 3814 illis
948 3751 1132 3835 videbatur,
1162 3773 1289 3816 sacrum

10 3853 150 3919 “iuod
173 3854 402 3936 celebrassent,
431 3853 676 3917 instaurandum
705 3874 773 3916 esse
795 3853 966 3917 ducebant.
1012 3852 1077 3919 Cur
1097 3875 1181 3937 non,
1205 3853 1289 3939 quod

57 3952 232 4021 vitiosum
256 3957 377 4020 cultum
398 3956 566 4040 redegistis
594 3977 650 4038 per
678 3954 829 4038 indignas
858 3978 998 4040 quasque
1027 3956 1058 4020 id
1087 3956 1288 4041 exsequendo

10 4051 185 4142 rsonae,
209 4059 402 4143 competenti
427 4057 659 4121 instauratione
674 4057 843 4140 reparatiS,
866 4063 901 4121 ut
923 4080 1035 4122 causas
1057 4062 1182 4124 vestrae
1205 4057 1287 4122 salu-

10 4349 152 4444 P⁰f²dam
173 4374 254 4419 multis
276 4377 335 4419 aute
358 4368 546 4434 tempestatibus
567 4384 598 4417 ca
620 4375 738 4417 tenuerat
759 4373 828 4429 loca,
853 4371 971 4419 sollemne
993 4372 1096 4419 atlattrm
1117 4385 1153 4419 ea·
1172 4368 1288 4418 Arcadia

10 4432 171 4511 nursiae,
189 4464 217 4505 at
235 4457 296 4505 arreti
307 4457 417 4516 perornes
431 4456 556 4519 Lycaeum
574 4455 662 4502 I'aaa
679 4463 829 4504 aeraerautes
845 4469 894 4518 per
912 4457 989 4504 tarsum
1007 4463 1081 4520 atque
1094 4457 1219 4504 lasciuiam
1231 4471 1287 4504 cur·

10 4518 65 4611 ιη’
73 4543 122 4586 'st
152 4536 236 4606 Atqui
255 4542 341 4596 tateiu,
360 4538 432 4590 testo
450 4535 591 4588 Phomato
610 4533 657 4587 lib.
677 4535 712 4588 de
730 4538 786 4593 nat.
807 4535 896 4603 deor,
916 4541 989 4590 Paua
1008 4558 1063 4592 esse
1080 4540 1222 4604 perhibent.
1252 4539 1287 4588 Et

30 4612 132 4671 ‘'''t'ar
147 4628 203 4688 ejus
219 4644 284 4690 pars
301 4627 402 4689 bispida
420 4633 458 4674 est
476 4630 500 4672 et
522 4624 591 4673 turta
609 4626 683 4688 idque
701 4624 731 4674 ab
749 4633 836 4676 terrae
853 4629 1033 4691 asperitatem:
1056 4635 1083 4674 at
1103 4627 1223 4690 superior
1240 4625 1284 4674 tau·

10 4686 100 4769 ’,ΜΩ
116 4719 152 4758 est
164 4714 261 4773 staura,
280 4726 310 4759 eo
329 4712 397 4774 qaut
413 4712 498 4760 mrurdt
514 4711 655 4774 aspertum,
675 4712 742 4774 praed
759 4713 858 4761 radone
873 4727 983 4776 prorsus
1001 4717 1113 4770 cerasten,
1138 4711 1227 4761 aether
1244 4711 1286 4761 ob·

10 4774 112 4901 ἔξω,
140 4795 210 4845 Iltum
228 4807 325 4860 porro,
345 4793 375 4843 ut
393 4791 466 4843 idern
484 4792 579 4844 auctor
598 4791 652 4856 est,
670 4797 792 4858 perititiam
810 4812 841 4846 ac
859 4805 1027 4847 armentorum
1044 4799 1230 4862 speculatorem
1245 4796 1286 4861 se·

58 4878 123 4928 ⁸tut.
