3450 5678
440 371 584 421 NOTITIA
608 370 717 421 EPIST.
742 368 814 419 NON
836 370 1006 421 EXSTANT.
1030 371 1062 418 N.
1079 371 1256 418 lx-xvll.
1417 355 1477 421 611

807 540 895 606 XIV.

300 680 336 690 -
356 681 394 692 -
425 651 570 724 senonica
587 652 695 707 Getasa
707 627 825 707 recreta
842 654 876 706 ae
891 653 1060 708 dioeceseon
1074 653 1219 708 limitibus.

298 752 423 807 Testatur
438 754 495 827 ipse
512 752 641 815 Gelasius,
664 770 724 809 sese
746 752 834 808 habita
849 752 954 825 synodo
976 759 1003 808 et
1024 753 1166 830 praelectis
1189 754 1215 807 iu
1237 770 1268 808 ea
1282 751 1380 808 Leonis
1395 770 1478 827 papae

213 837 298 910 gestis
314 837 347 892 de
364 837 524 893 dioeceseon
546 837 672 893 limitibus
695 838 800 893 decreta
816 839 950 898 sanxisse,
973 855 1040 910 quae
1056 847 1083 892 et
1104 838 1136 892 ad
1152 838 1277 893 ecelesias
1301 839 1407 893 mittere
1422 847 1480 893 stu·

212 922 280 977 duit.
312 921 384 977 luter
399 939 429 978 ea
446 940 509 978 vero
524 922 632 978 decreta
649 939 732 978 111111
748 931 833 984 notat,
856 939 910 996 quo
927 923 1080 995 quicunque
1103 925 1130 978 in
1147 923 1205 977 loca
1220 924 1379 979 invasissent
1396 923 1429 978 ad
1450 939 1482 978 se

212 1023 267 1062 1111
283 1008 455 1081 pertinentia,
472 1024 501 1064 ea
517 1010 662 1064 restituere
674 1007 840 1079 jubebantur
855 1007 923 1079 (Gel.
942 1007 1036 1081 lragm.
1056 1008 1093 1063 11
1111 1015 1138 1062 11
1155 1006 1214 1080 111).

806 1134 878 1200 XV.

212 1244 529 1303 11114951114911.
569 1214 1177 1318 81111111111111111181111101111111,
1207 1245 1370 1315 Savariam,
1404 1246 1480 1320 Cyri,

365 1332 444 1400 Zoili,
461 1331 586 1401 Eusebi,
606 1331 738 1400 11111111,
756 1331 867 1387 Siluani
877 1331 917 1384 aad
923 1330 1066 1386 Gelasium
1082 1332 1116 1387 de
1130 1332 1188 1403 side
1203 1347 1257 1387 sun
1274 1338 1300 1386 et
1312 1338 1389 1387 statu
1404 1334 1481 1388 iltius

364 1418 507 1473 ecelesiae
521 1418 635 1490 legatio.

297 1517 418 1574 Gelasins
433 1519 461 1573 in
476 1517 589 1592 epistola
605 1517 644 1573 43
661 1534 748 1591 nuper
762 1533 811 1592 per
826 1517 1001 1572 clarissimum
1018 1517 1151 1591 Angelum
1162 1516 1257 1587 biajum
1274 1518 1301 1573 in
1314 1518 1401 1574 lucem
1417 1536 1480 1592 pru·

212 1602 291 1659 ducta
306 1603 402 1665 innuit,
419 1602 451 1657 ab
467 1604 600 1676 episcopis
616 1602 708 1675 Syriae
724 1601 827 1664 Cosma,
849 1600 1008 1663 Severiano,
1033 1601 1111 1677 Cyro,
1132 1602 1216 1665 Zoilo,
1237 1602 1353 1659 Eusebio
1369 1602 1479 1666 Thema.

212 1687 320 1744 Silvano
340 1687 474 1761 synodum
490 1686 620 1749 habitam,
647 1686 678 1741 ab
705 1704 788 1760 eaque
809 1687 972 1761 legationem
997 1703 1053 1759 per
1074 1690 1224 1761 religiosas
1248 1688 1405 1745 monaedes
1419 1705 1480 1744 curu

211 1775 306 1829 libello
321 1772 354 1827 ad
370 1772 461 1828 sedem
477 1773 653 1845 apostolicam
668 1774 775 1828 missam
792 1788 861 1827 esse.
878 1771 915 1826 lbi
931 1773 998 1826 hane
1015 1773 1122 1847 quidem
1137 1789 1201 1846 prae
1217 1771 1339 1828 omnibus
1349 1781 1481 1830 sanctam

212 1856 408 1932 praedicabant,
431 1867 616 1931 exposuerunt
637 1859 851 1914 baereticorum
872 1860 1089 1929 impudentiam,
1107 1861 1269 1930 patientiae
1284 1875 1349 1914 suae
1365 1856 1481 1932 fideique

213 1947 404 2000 constantiam
425 1951 452 1997 et
465 1946 653 2015 pessimorum
669 1946 825 2012 saeuitiam,
851 1949 921 2015 quot
936 1949 1118 2016 oriunturque
1133 1945 1227 1999 malas
1239 1959 1401 2016 pressuras
1412 1959 1481 2016 per·

211 2031 291 2100 pessi
304 2027 413 2097 luerint,
436 2031 535 2100 qualia
555 2032 625 2100 ipsis
641 2029 695 2084 Dei
709 2030 823 2084 auxilia
840 2029 1006 2084 obvenerint
1022 2026 1105 2100 (cuni.
1124 2027 1180 2083 uer.
1198 2046 1241 2103 ep.
1259 2029 1298 2085 43
1315 2027 1399 2100 12).
1430 2027 1481 2082 lle·

214 2112 322 2187 spondit
337 2112 458 2169 6111111
474 2113 542 2168 dicta
564 2114 677 2187 epistula
692 2112 732 2170 43
755 2115 797 2168 vix
819 2121 880 2168 aute
900 2113 1022 2169 ultimum
1039 2115 1124 2187 ipsius
1147 2130 1245 2169 annum
1266 2115 1374 2188 scripta.
1406 2112 1480 2169 Unde

214 2213 263 2254 nee
276 2198 440 2272 legationem
459 2197 531 2253 illam
547 2207 577 2253 ut
593 2199 678 2254 multo
694 2207 756 2253 ante
772 2199 877 2253 missam
895 2206 1053 2261 statuamus,
1070 2198 1109 2253 ias
1125 2207 1176 2254 est.

800 2325 887 2390 XVI.

218 2465 253 2478 -
270 2467 311 2477 —
340 2436 459 2493 Missute
476 2437 670 2494 Gelasiunum.

296 2538 369 2595 lnter
385 2539 482 2595 Gelasii
496 2541 605 2613 scripta,
628 2555 695 2612 quae
711 2537 906 2601 desiderantur,
929 2540 1124 2595 recensendum
1146 2548 1218 2595 esset
1240 2539 1345 2596 missale
1367 2540 1481 2597 Gelasiu-

210 2641 285 2686 uum,
301 2623 379 2695 enjus
395 2625 558 2679 mentionem
574 2626 601 2679 in
617 2625 797 2679 monumentis
813 2624 922 2679 saeculo
939 2623 971 2679 111
988 2627 1100 2680 enarratis
1118 2624 1175 2681 lieri
1190 2625 1358 2681 llabillonius
1374 2624 1479 2700 biturg.

213 2709 305 2765 Gallie.
321 2726 384 2783 pag.
402 2709 441 2766 17
459 2709 593 2772 observat,
616 2711 637 2764 si
660 2709 712 2764 boc
728 2726 796 2781 opus
812 2709 884 2764 aliud
900 2726 960 2764 esse
975 2716 1111 2766 constaret
1127 2728 1139 2764 1
1156 2719 1382 2766 sacramentorum
1402 2710 1480 2772 libro,

211 2811 293 2868 quem
315 2793 422 2850 tandem
443 2811 457 2850 e
480 2793 596 2850 tenebris
619 2795 690 2849 eruit
709 2793 844 2866 tosepbus
866 2794 944 2850 blaria
967 2795 1135 2856 Tbomasius,
1163 2796 1276 2861 clericus
1303 2795 1435 2868 regularis
1451 2813 1481 2850 ae

205 2879 386 2954 postmodum
402 2878 551 2943 cardinalis,
568 2889 648 2952 atque
664 2895 733 2933 anno
752 2878 833 2936 1680
848 2880 918 2952 typis
936 2881 1062 2952 vulgarit.
1090 2879 1176 2951 Hujus
1193 2880 1301 2952 quidem
1316 2880 1480 2935 authentiam

203 2973 307 3020 contra
322 2965 415 3019 inanes
431 2964 607 3037 quorumdam
623 2963 804 3018 cavillationes
820 2963 920 3019 diserte
937 2972 1029 3019 tuetur
1044 2975 1070 3021 et
1087 2974 1189 3020 textum
1205 2965 1322 3038 repetiit,
1344 2966 1390 3039 qui
1406 2970 1481 3039 post·

207 3049 324 3105 modurn
340 3048 474 3123 liturgiam
490 3048 633 3105 Romanam
649 3056 766 3102 veterem
782 3047 864 3104 edidit
880 3049 1052 3104 (laetissimus
1068 3051 1229 3106 lluratnrius
1252 3048 1313 3121 (bit.
1331 3048 1408 3105 Rern.
1425 3056 1479 3105 vet.

201 3134 374 3210 pblscqq.
392 3133 593 3208 1149311111).
625 3133 678 3189 Sed
696 3132 780 3203 jurat,
804 3142 944 3190 auctorum
965 3136 1114 3207 primorum
1130 3135 1209 3191 rerba
1228 3135 1261 3190 de
1277 3152 1307 3189 ea
1323 3151 1352 3190 re
1368 3136 1420 3191 buc
1435 3133 1480 3190 ad-

197 3220 331 3276 duxisse.
362 3218 441 3275 Liber
456 3219 615 3294 pontificalis
636 3220 720 3292 igitur
740 3220 776 3272 ita
798 3236 854 3274 eam
882 3227 970 3274 notat:
993 3219 1051 3276 ilic
1072 3223 1144 3293 serit
1160 3227 1305 3277 tractatus
1321 3227 1348 3276 et
1362 3222 1481 3293 1111111111

195 3309 289 3362 sicut
304 3305 406 3360 beatus
421 3306 587 3362 Ambrosius
607 3307 770 3376 episcopus,
792 3305 832 3359 rel
857 3313 885 3359 ut
906 3306 932 3359 in
950 3306 1070 3378 pluribus
1087 3307 1280 3379 antiquissimis
1296 3304 1432 3361 codicibus
1448 3302 1480 3359 ab

199 3388 363 3453 llulstenio¹
381 3388 556 3447 Scbclstratio
573 3399 599 3445 et
611 3390 754 3445 blanelrino
771 3388 883 3445 laudatis
897 3390 1012 3465 legitur:
1028 3393 1086 3449 Hie
1100 3393 1173 3464 fecit
1188 3393 1260 3447 daos
1274 3392 1364 3448 libros
1378 3392 1481 3447 adver·

194 3492 263 3533 aas
279 3475 442 3531 Nestorium
465 3484 492 3532 et
508 3476 682 3547 1111111111,Ι
705 3475 779 3546 fecit
794 3483 821 3530 et
836 3478 956 3548 1111111111
970 3480 999 3532 in
1015 3480 1125 3534 modurn
1141 3478 1217 3533 beati
1231 3477 1372 3533 Ambrosii
1376 3500 1386 3540 ,·
1408 3475 1480 3548 fecit

189 3569 309 3617 «autem
333 3558 423 3628 (1111.
447 3565 544 3627 etiam)
569 3569 596 3616 et
616 3567 864 3618 sacramentorum
883 3562 1086 3634 prraesationes
1108 3565 1296 3620 eiurationes
1317 3569 1479 3618 111111111-

183 3662 304 3704 znene.
333 3645 469 3701 lohannes
485 3646 613 3701 diaconus
630 3655 718 3701 autern
739 3647 765 3700 in
787 3648 839 3702 vita
862 3647 985 3721 Gregorii
1007 3648 1126 3704 ibidem
1152 3665 1219 3722 opus
1236 3648 1309 3702 bisce
1331 3645 1481 3722 significat:

184 3730 385 3806 (Gregorius)
408 3731 593 3788 Gelasianam
614 3735 740 3788 codicem
760 3734 795 3788 de
817 3736 969 3789 missarum
990 3736 1157 3803 sollemniis,
1181 3735 1271 3789 multa
1297 3734 1479 3802 subtrabens,

158 3833 311 3889 Qrauca
328 3826 506 3889 convertens,
529 3821 667 3874 nonnulla
690 3833 757 3874 vern
778 3821 1012 3890 superadjiciens
1029 3838 1085 3891 pro
1108 3820 1287 3891 exponendis
1309 3820 1481 3893 euangelicis

174 3902 391 3974 lectionibus,
408 3906 437 3959 in
453 3907 538 3960 unius
552 3905 620 3960 libri
635 3907 773 3960 uolumine
790 3908 959 3960 coarctarit.

792 4032 896 4096 XVII.

175 4165 253 4186 ν
270 4173 309 4184 -
343 4142 422 4215 Opus
437 4145 471 4200 de
486 4145 648 4200 morborum
663 4146 776 4199 animae
792 4146 901 4215 origine
916 4159 952 4198 11
968 4144 1101 4199 remediis
1116 4161 1133 4197 u
1152 4143 1265 4198 Gelasio
1280 4145 1453 4199 meditatum.

298 4244 432 4301 incertum
449 4253 499 4308 est,
516 4263 578 4300 num
595 4245 714 4301 dolosius
731 4244 874 4317 perfecerit
891 4262 958 4318 opus
971 4245 1043 4318 quod
1057 4243 1242 4307 meditabatur,
1258 4246 1284 4299 in
1298 4262 1352 4318 quo
1364 4246 1480 4318 primum

183 4334 245 4390 «le
259 4331 364 4408 peceati
381 4329 591 4404 morborumque
608 4331 687 4386 animi
709 4347 787 4385 causa
808 4338 834 4385 et
858 4331 971 4403 origine,
996 4339 1050 4384 tum
1072 4329 1105 4384 de
1121 4330 1245 4385 remediis
1268 4327 1480 4402 congruentibus

183 4415 381 4475 {mamutium
397 4415 447 4471 sibi
462 4416 645 4489 proponebat:
662 4419 805 4489 quoniam,
823 4416 918 4488 inqiut,
939 4414 1092 4487 perfectae
1107 4417 1266 4471 medicinae
1282 4432 1341 4470 mos
1356 4422 1406 4477 est,
1423 4416 1480 4470 ari-

176 4507 307 4575 ginem
323 4504 368 4558 ael
382 4504 542 4576 intelligere
554 4506 641 4573 prins
656 4506 697 4558 net
711 4517 847 4557 reserare
857 4502 1018 4557 morborum
1031 4504 1126 4573 eisque
1136 4500 1298 4572 patefactis
1312 4501 1481 4556 medicinam

184 4591 362 4662 conficere
377 4597 592 4661 congruentem.
621 4587 692 4642 llaec
708 4596 796 4642 autem
812 4587 838 4640 iu
855 4593 971 4640 tractatu
982 4585 1003 4639 V
1016 4585 1074 4641 adv.
1091 4585 1249 4659 Pelagianos
1265 4603 1291 4639 n.
1312 4586 1326 4639 1
1344 4583 1480 4658 praelatus

178 4675 304 4731 zerim
327 4671 432 4729 subdit:
455 4673 535 4742 Quae
551 4681 670 4741 cuncta,
693 4675 719 4728 si
739 4673 876 4728 Durninus
898 4675 982 4727 vitum
1001 4673 1231 4744 facultatemque
1250 4671 1428 4741 praebuerit,
1451 4671 1480 4724 in

184 4765 354 4834 qnantum
370 4761 487 4815 coelesti
500 4774 570 4816 rore
586 4761 708 4831 vegetati
723 4758 885 4824 valebimus,
908 4759 983 4812 alius
1003 4760 1152 4813 metiemur
1172 4758 1332 4828 explicare.
1363 4753 1410 4809 Ubi
1427 4769 1481 4808 me·

184 4844 329 4902 «litatum
345 4861 414 4920 opus
429 4847 493 4900 satis
509 4852 601 4918 aperte
621 4843 738 4898 declarat
759 4860 788 4897 ae
809 4841 934 4915 spondet.
965 4841 1090 4898 Eamdem
1112 4843 1285 4916 sponsionem
1302 4839 1400 4895 ibidem
1416 4856 1443 4894 1.
1462 4837 1480 4893 t

188 4923 340 4987 iteratae
356 4928 450 4994 lirmat,
467 4928 511 4985 nbi
528 4929 671 4993 disserens,
695 4945 748 5002 quo
764 4937 843 5002 pacto
865 4934 1071 5002 protoparentes
1086 4928 1172 4983 nostri
1189 4928 1224 4981 ab
1241 4942 1273 4982 eo
1289 4926 1480 4999 1111111111ρὶ-

1216 5020 1280 5086 39*

1686 970 1696 998 b
