3412 5664
695 130 891 181 ssrsronns
916 123 1060 182 10—12.
1451 82 1514 185 aab

202 287 443 355 oonsortibus
470 286 647 351 aestimant
678 286 920 370 immiscendos,
955 287 1104 370 anobis,
1137 286 1193 372 qui
1220 287 1287 351 sedi
1320 289 1514 373 apostolicae
1527 304 1636 370 (anat)

207 390 417 458 seeundum
438 388 549 455 divina
569 391 743 474 praecepta
771 392 804 454 et
832 392 961 474 patrum
989 392 1111 454 statuta
1138 388 1296 474 inculpati
1321 391 1440 456 servire
1462 391 1513 457 de-

212 494 427 576 sideramus,
451 491 540 557 omni
562 491 687 557 ratione
710 489 833 555 vitandi
856 494 941 556 sunt.
988 491 1081 556 Etsi
1104 492 1158 576 qui
1179 491 1264 557 forte
1285 514 1386 578 prava
1408 493 1514 559 inten-

215 597 344 680 tione,
368 594 455 680 quod
477 615 580 679 neque
603 594 797 658 arbitramur
819 615 922 678 neque
944 597 1107 678 optamus,
1137 617 1157 657 a
1185 595 1258 658 sede
1282 595 1458 681 apostolica
1480 618 1514 661 se

220 698 438 764 crediderint
458 696 692 782 segregandos,
727 696 767 759 ab
795 717 904 760 eorum
932 718 992 762 nos
1020 696 1141 761 alienos
1169 718 1237 761 esse
1261 699 1420 763 consortio
1441 720 1514 783 pro·

220 800 383 885 fitemur3
416 799 585 885 quoniam,
616 801 653 863 ut
674 798 795 863 dictum
818 802 882 881 est,
913 802 1042 882 patnun
1071 799 1106 862 in
1128 799 1275 863 omnibus
1298 799 1513 866 custodientes

222 906 415 987 praecepta
438 905 472 966 et
493 901 693 966 inviolabilia
714 904 990 966 sacrosanctorum
1022 922 1181 965 canonum
1208 901 1360 966 instituta
1387 906 1513 967 sectan-

220 1007 297 1088 tes,
327 1004 526 1090 apostolicae
548 1007 581 1069 et
602 1003 760 1090 singulari
788 1003 835 1066 illi
858 1003 925 1067 sedi
947 1006 1072 1067 vestrae
1100 1003 1260 1067 communi
1282 1003 1344 1068 fide
1367 1007 1400 1068 et
1421 1004 1513 1069 devo-

220 1104 327 1172 tione
348 1127 465 1193 parere
488 1105 720 1172 contendimus.

321 1209 355 1275 2.
386 1208 433 1274 nt
447 1210 600 1295 quoniam
621 1208 816 1295 suggerendi
830 1208 977 1273 fomitem
991 1209 1085 1273 nobis
1103 1230 1161 1294 pro
1176 1208 1274 1273 insita
1289 1210 1351 1274 sibi
1366 1210 1513 1294 benigni-

216 1310 305 1374 tate
327 1311 499 1377 beatitudo
521 1315 627 1376 vestra
651 1311 818 1393 concessit,
844 1311 950 1395 aliqua
972 1314 1148 1375 memorato
1163 1310 1330 1395 Tryphoni
1352 1311 1420 1376 viro
1442 1311 1512 1376 reli-

215 1409 328 1491 gioso
362 1414 431 1479 filio
463 1417 590 1498 nostro,
628 1417 873 1500 praeceptorum
900 1417 1078 1478 vestrorum
1107 1414 1271 1497 portitori,
1311 1414 1513 1499 suggerenda

214 1515 473 1589 mandavimus.
508 1515 553 1580 nt
573 1520 610 1582 ut
631 1518 873 1603 suggestionem
890 1517 969 1600 ejus,
994 1519 1149 1601 quantum
1166 1516 1370 1601 arbitramur,
1390 1517 1512 1600 justam

212 1614 252 1673 et
281 1617 521 1683 rationabilem
548 1641 607 1704 pro
636 1618 871 1705 supplicatione
898 1621 1010 1685 nostra
1037 1617 1153 1683 libenti
1181 1619 1288 1684 animo
1316 1618 1513 1702 apostolatus
1612 1632 1614 1636 ’

210 1720 345 1784 vester
367 1720 522 1806 dignetur
548 1707 735 1806 ddmittere‚
765 1721 863 1805 justis
890 1721 1038 1807 precibus
1067 1742 1249 1805 exoramus,
1282 1719 1365 1805 quod
1392 1719 1512 1805 suppli-

212 1818 320 1884 estio
347 1826 461 1888 nostra
483 1827 624 1890 mereim
647 1823 811 1891 effectum:
839 1846 940 1888 unum
968 1845 1006 1888 ex
1035 1823 1182 1910 angelica
1211 1822 1285 1887 sede
1312 1826 1418 1886 vestra
1441 1844 1513 1886 cum

209 1933 334 2005 mepte
358 1924 446 1990 dicto
468 1926 537 1991 viro
558 1927 709 2012 religioso
732 1925 772 1989 ad
794 1948 853 1991 nos
875 1949 975 2012 usque
997 1925 1173 2012 praecipite
1196 1924 1367 2008 destinare,
1394 1927 1431 1987 ut
1453 1924 1512 1988 sub

213 2013 296 2095 ‘lus
327 2030 533 2112 praesentia,
562 2051 644 2114 quae
666 2029 744 2093 fides
767 2028 943 2094 orthodoxa
965 2033 998 2094 et
1024 2032 1149 2093 vestrae
1167 2027 1322 2112 jussionis
1345 2026 1513 2090 sinceritas

214 2126 395 2213 bossunt,
419 2130 619 2196 ordinentur.
665 2137 706 2197 Et
727 2138 917 2213 subscriptio.

319 2231 494 2298 Johannes
522 2235 690 2320 episcopus
718 2239 941 2300 sacrosanctae
970 2235 1122 2299 ecclesiae
1145 2233 1303 2318 Scopinas
1331 2233 1513 2317 metropoli·

223 2324 338 2399 ithae
366 2336 509 2401 civitatis
537 2335 612 2401 huic
640 2338 796 2422 rescripto
824 2362 843 2402 a
870 2338 963 2422 nobis
987 2338 1061 2402 dato
1085 2336 1307 2419 consentiens,
1338 2335 1376 2399 ad
1405 2336 1513 2398 omnia

232 2442 321 2507 (tuae
344 2439 492 2523 superius
515 2440 721 2504 continentur
742 2463 840 2504 manu
863 2441 993 2524 propria
1015 2439 1200 2523 subscripsi.

327 2538 474 2605 bonosus
496 2541 664 2628 episcopus
686 2546 723 2606 ut
745 2564 841 2626 supra
863 2542 1047 2626 subscripsi.

328 2639 456 2707 Samuel
478 2643 645 2728 episcopus
666 2648 703 2708 nt
725 2667 821 2728 supra
843 2644 1026 2728 subscripsi.

327 2742 488 2811 Varianus
518 2746 686 2832 episcopus
725 2769 781 2831 per
807 2745 1019 2811 Valentinum
1054 2744 1314 2810 archidiaconum
1346 2747 1382 2808 ut
1414 2766 1511 2830 supra

265 2840 429 2933 sumpsi.

331 2948 500 3015 Faustinus
522 2951 690 3036 episcopus
711 2956 868 3036 utsupra
889 2951 1074 3035 subscripsi.

332 3050 466 3133 Ursinus
487 3053 656 3138 spiscopus
677 3056 715 3118 ut
736 3075 833 3138 supra
856 3053 1039 3138 subscripsi.

424 3344 433 3361 ‚
744 3240 928 3345 spissus
955 3243 1006 3324 12.

460 3394 596 3462 (telesti
621 3411 732 3479 papae
754 3393 798 3461 ad
820 3393 1049 3461 Anmtasium
1072 3392 1286 3476 Augustum.
1526 3412 1639 3478 (sess.)

192 3548 224 3597 ῃ,
278 3532 422 3586 studeto
439 3537 613 3597 mationa,
634 3536 703 3602 qood
718 3536 755 3586 ud
771 3537 837 3584 ritum
853 3551 903 3599 per
920 3536 1040 3585 Faustitas
1061 3542 1086 3584 et
1096 3534 1231 3585 Irenaeum
1248 3536 1349 3584 titteror
1366 3549 1416 3586 non
1434 3535 1479 3584 de·

252 3613 258 3621 ’
278 3620 348 3671 derit
364 3618 400 3683 (n.
414 3619 448 3685 1).
467 3622 499 3671 de
519 3620 617 3671 duobus
632 3620 802 3684 potestatibus
820 3622 994 3670 ecclesiastiea
1012 3626 1036 3670 et
1054 3621 1137 3685 repeti
1153 3620 1260 3673 disserit
1266 3616 1310 3693 Ι,(ιι.
1325 3620 1340 3667 2
1353 3626 1378 3667 et
1390 3618 1430 3683 3),
1454 3628 1479 3669 et

275 3704 598 3770 murmurares,
619 3705 801 3756 neEcctesiam
818 3709 871 3755 suis
889 3704 1041 3770 temporibus
1061 3705 1152 3754 Aeacii
1168 3719 1246 3754 curua
1263 3702 1405 3754 dilacerari
1419 3720 1479 3769 per·

274 3792 361 3841 uiuat
380 3792 415 3851 (n.
432 3788 469 3853 4).
513 3790 626 3857 Denique
648 3792 734 3841 unias
756 3790 913 3854 objectiones
932 3807 984 3856 pro
1006 3789 1156 3852 defensione
1181 3790 1322 3839 schismatis
1347 3791 1480 3854 oppositos

751 3877 825 3926 diluit
842 3875 877 3939 (a.
890 3874 1004 3940 5—12).

332 4009 359 4072 1.
396 4005 554 4093 Famuli¹)
577 4012 702 4073 vestrae
723 4009 864 4093 pietatis,
888 4008 947 4073 filii
970 4008 1031 4073 mei
1054 4007 1191 4072 Faustus
1213 4007 1369 4093 magister
1395 4011 1429 4073 et
1447 4006 1512 4073 Ire·

233 4130 345 4178 naeus
355 4110 415 4175 riri
428 4108 570 4176 illustres
576 4110 604 4197 2)
621 4115 716 4196 atque
733 4132 842 4176 eorum
855 4110 986 4175 comites
1003 4109 1132 4195 publica
1147 4110 1311 4196 legatione
1325 4110 1510 4196 iungentes,

311 4282 334 4349 ¹)
351 4283 378 4335 ι’
397 4297 438 4336 cc
454 4279 500 4335 hic
521 4279 551 4335 in
572 4298 679 4337 morem
696 4282 870 4337 ulutationis
888 4280 1040 4352 subjiciunt
1059 4286 1173 4337 Gelasio
1191 4287 1327 4351 epiecopus
1343 4286 1379 4334 oct
1397 4286 1499 4335 Anarta

232 4373 305 4423 eta
326 4370 475 4435 Aspauia,
493 4368 607 4437 praetor
623 4367 707 4422 fidem
725 4385 789 4422 mss.

309 4453 333 4517 ἵ)
351 4449 385 4504 F
396 4450 436 4505 P*
448 4458 488 4507 sir
499 4458 553 4513 int..
569 4450 605 4505 K⁸
617 4458 666 4507 riri
677 4459 832 4523 cumulari&
851 4456 926 4508 certe
939 4457 1034 4507 Fausto
1045 4459 1147 4508 coasute
1159 4468 1248 4507 armus
1260 4457 1310 4507 490
1323 4450 1510 4520 consignatur.

231 4537 307 4594 101
327 4535 409 4591 iidem
425 4528 555 4607 putitio
575 4544 703 4608 tepatioae
721 4542 869 4607 serpentes,
893 4538 946 4592 hoc
964 4541 1017 4604 est,
1038 4553 1089 4607 pro
1108 4536 1233 4592 civilibus
1250 4537 1291 4591 rei
1308 4536 1437 4606 publicae
1456 4553 1512 4591 non

232 4640 293 4696 pro
314 4622 506 4678 maanes
527 4621 659 4694 negotiis:
683 4638 738 4692 quo
761 4640 842 4678 sensu
866 4623 938 4678 infra
955 4638 981 4676 u.
1001 4629 1017 4677 2
1035 4629 1165 4693 rettptonu
1182 4629 1310 4678 mastiter
1331 4620 1441 4691 legibus
1462 4621 1511 4675 irn-
1558 4648 1567 4659 ·

233 4707 395 4781 perialibus
412 4724 512 4778 parere
530 4708 670 4777 dicuntur,
689 4720 805 4778 quantum
823 4715 859 4762 ad
875 4715 989 4765 ordinem
1005 4713 1154 4777 publicae
1170 4714 1283 4778 pertinet
1301 4712 1459 4777 disciptinae.
