3450 5678
308 316 368 381 122
642 325 777 376 nemra
799 325 953 375 rnnnvm
975 328 1011 374 on
1033 326 1240 377 nonursoan

307 494 465 550 vicariorum
481 481 647 565 apostolicae
667 490 738 546 sedis
759 491 867 565 insigne
885 491 968 546 luisse
988 490 1130 546 existimat.
1158 489 1188 547 ln
1203 507 1234 546 ea
1249 492 1350 566 quippe
1365 490 1509 549 llermisda
1522 492 1580 550 snt-

306 579 397 640 lustio.
414 577 488 634 nuilla
504 577 626 633 concessi
643 576 715 650 pallii
731 577 867 632 mentione
883 576 959 639 lacta,
982 576 1053 632 vices
1068 593 1130 632 suas
1146 593 1195 651 per
1209 578 1360 650 provincias
1378 577 1511 635 Baeticam
1528 577 1580 636 lu·

305 665 482 738 sitaniamque
503 663 658 719 committit.
694 662 836 718 Praeterea
857 661 1014 718 Sallustium
1035 661 1285 746 enllispalensibus
1306 664 1441 738 episeopis
1463 666 1580 738 primurn

306 766 361 806 non
377 750 523 811 exstitisse,
544 749 587 804 cui
604 747 670 804 hae'e
684 756 805 822 potestas
821 746 944 821 delegata
959 748 1003 809 sit,
1016 747 1154 821 ‘Simplicii
1168 764 1252 823 papae
1267 748 1382 824 epistola
1398 749 1447 814 21.
1468 766 1523 825 qua
1537 751 1580 808 nte

307 852 374 910 papa
390 835 524 892 Zenonem
537 833 656 891 Sallustii
672 833 842 890 decessorem
857 834 984 889 ricarium
1000 850 1079 889 suum
1094 821 1246 897 ceus'tituit‚
1262 833 1360 891 indicio
1373 842 1426 891 est.

484 987 522 1050 In
543 984 733 1047 Hormitdite
755 1001 857 1063 papae
880 983 1041 1062 epistolam
1063 984 1120 1044 144
1142 980 1399 1065 (.‚Oporiuerut“).

390 1111 516 1184 Tempus,
533 1124 587 1182 quo
603 1108 703 1182 scripta
719 1115 761 1162 est
778 1107 844 1164 lraee
859 1107 981 1181 epistole,
1000 1107 1068 1163 lraud
1084 1109 1149 1163 satis
1166 1115 1207 1163 est
1223 1108 1401 1182 exploratum.
1431 1109 1580 1169 dunum

307 1195 457 1254 decembris
474 1195 491 1252 3
513 1194 555 1250 die
576 1193 608 1249 ad
623 1193 772 1248 iohannem
788 1191 928 1267 Epiphanii
942 1192 1113 1249 decessorem
1130 1195 1156 1248 in
1172 1192 1289 1250 Thomas
1310 1210 1341 1250 ac
1356 1193 1502 1253 Nicostrati
1517 1212 1580 1271 gra·

306 1285 368 1339 tiam
390 1283 536 1357 scripserat
558 1276 707 1340 llormisdm
730 1278 777 1334 scd
801 1278 939 1335 iohannes
961 1295 1053 1335 mense
1068 1278 1214 1335 Februario
1235 1281 1297 1335 anni
1312 1279 1375 1338 520
1394 1281 1446 1337 elta
1468 1281 1580 1340 iunctus

305 1370 435 1442 scriptum
451 1367 523 1422 illius
540 1367 582 1420 vis
600 1365 719 1438 recipcre
736 1364 833 1420 nedum
849 1366 873 1420 ci
889 1364 1043 1420 satisfacere
1059 1365 1158 1438 potuit.
1197 1362 1297 1420 Eodem
1313 1381 1383 1422 aune
1398 1365 1462 1424 520
1478 1368 1580 1425 irensis

305 1454 411 1510 iuniil
434 1453 478 1508 die
498 1451 663 1507 iustinianns
686 1451 764 1522 epist.
784 1449 844 1505 114
866 1450 1013 1524 rescripsit,
1035 1449 1068 1506 de
1090 1448 1145 1505 Elia
1168 1449 1275 1524 quidem
1296 1452 1348 1525 ipsi
1369 1451 1580 1526 exspectandum

305 1556 374 1603 csse,
392 1538 478 1594 donee
494 1552 647 1594 successor
662 1534 721 1606 ejus
738 1539 822 1592 eitam
838 1538 1012 1608 deposuerit,
1030 1537 1091 1608 quia
1107 1535 1210 1610 populo
1224 1552 1276 1592 suo
1294 1553 1372 1593 carus
1387 1544 1415 1593 et
1431 1538 1508 1595 utilis
1523 1556 1580 1597 non

306 1633 399 1700 posset
420 1624 452 1680 ab
474 1622 586 1679 ccclesia
610 1639 658 1677 sua
674 1623 803 1684 arrroreri;
829 1620 862 1677 de
878 1621 979 1676 Thema
995 1630 1082 1677 autern
1100 1630 1127 1678 et
1142 1621 1295 1678 Nicostrato
1311 1624 1408 1685 omnia,
1424 1640 1494 1697 quae
1510 1624 1580 1682 lior·

306 1711 388 1768 rnisda
410 1708 552 1784 expetebat
573 1707 677 1763 eiicetui
700 1707 871 1780 mancipanda
887 1723 956 1769 csse.
972 1714 1115 1781 postquem
1129 1708 1258 1766 ecclesiae
1274 1715 1382 1764 exterae
1397 1707 1429 1764 ad
1445 1710 1580 1769 unitatem

306 1797 458 1853 rediissent.
495 1794 588 1867 Neque
605 1801 693 1848 tannen
710 1791 824 1848 ullumc
845 1791 931 1848 tribus
955 1792 1007 1847 illis
1029 1794 1247 1867 episcopis-tune
1261 1795 1408 1868 temporis.
1431 1812 1488 1869 quo
1510 1794 1580 1852 llor·

306 1882 389 1938 misda
404 1880 545 1954 Epiphanii
561 1878 697 1952 legatione
713 1887 819 1952 accepta
835 1896 910 1934 suam
933 1879 956 1933 ci
980 1880 1196 1934 communionem
1211 1878 1381 1935 sollemniter
1394 1881 1537 1954 impertiit,
1553 1882 1580 1939 iu

304 1967 394 2023 sedem
421 1982 496 2021 suam
517 1964 672 2019 restitutum
694 1979 754 2019 esse
774 1981 806 2018 en
827 1980 860 2019 co
881 1962 1037 2035 coopertura
1054 1972 1103 2026 est,
1125 1963 1198 2038 quod
1219 1963 1289 2021 idem
1311 1981 1378 2039 papa
1400 1966 1515 2023 inferius
1529 1968 1580 2025 att:

308 2054 385 2110 Nulli
400 2053 512 2109 videtur
528 2066 577 2106 aros
593 2051 737 2105 nobiscum
755 2051 841 2122 pleno
857 2053 1070 2106 communicare
1085 2055 1186 2106 mentis
1200 2051 1320 2123 effectu,
1343 2053 1370 2107 si
1383 2066 1440 2123 eos,
1462 2054 1516 2127 qui
1528 2070 1580 2111 ne-

305 2141 412 2195 biscum
429 2139 647 2205 communicent,
672 2154 689 2191 a
706 2143 799 2192 oestro
816 2139 960 2192 consortio
976 2140 1144 2210 segregetis.
1176 2134 1280 2210 Quippe
1301 2142 1364 2193 ante
1379 2136 1447 2194 lianc
1462 2137 1580 2217 legatio·

305 2240 364 2279 nem
381 2221 522 2278 llormisda
538 2219 687 2294 Epiphanio
709 2222 838 2277 arrricitiac
860 2222 951 2295 potius
967 2223 1085 2295 privatae
1101 2238 1180 2295 quarn
1196 2221 1392 2278 ecclesiasticae
1407 2225 1580 2282 communio·

306 2311 345 2365 uis
366 2309 467 2364 indices
488 2308 592 2364 litteras
616 2305 721 2362 dedisse
747 2324 776 2362 se
797 2306 938 2380 protessus
960 2314 1026 2362 erat.
1058 2306 1134 2363 Nunc
1155 2324 1219 2363 vero
1240 2323 1300 2364 eum
1322 2306 1369 2363 illo
1389 2324 1420 2365 se
1440 2307 1530 2383 palam
1554 2318 1581 2366 ct

304 2403 396 2469 aperte
416 2394 612 2449 communicare
632 2391 740 2447 indicat.
772 2391 853 2448 l'orte
869 2391 1032 2466 Epiphanius
1048 2392 1117 2448 iulra
1133 2394 1211 2467 epist.
1231 2392 1290 2450 147
1307 2409 1460 2451 memorans
1475 2396 1580 2471 episto-

304 2481 364 2552 lum,
381 2496 460 2554 quam
475 2477 525 2534 sibi
540 2477 667 2533 Paulinus
683 2476 812 2533 deleusor
825 2477 857 2533 ab
875 2477 1015 2534 llormisda
1030 2478 1133 2541 retulit,
1149 2478 1183 2534 de
1199 2479 1247 2534 hac
1262 2480 1320 2552 ipsa
1336 2478 1470 2553 loquitur.

502 2631 539 2691 Iu
560 2628 746 2691 Hormisdee
767 2646 869 2707 pepee
892 2630 1054 2707 epistolem
1077 2627 1133 2690 147
1154 2624 1374 2711 (‚‚Pauttnm“).

387 2754 524 2815 Paulinus,
547 2755 592 2828 qui
609 2751 767 2809 llormisdue
788 2752 819 2807 ad
834 2751 1010 2827 Epiplranium
1027 2751 1168 2826 epislolam
1185 2752 1318 2809 detulerat
1334 2753 1456 2828 hancque
1471 2754 1578 2820 retulit.

304 2860 357 2897 non
373 2840 455 2896 semel
472 2839 503 2894 ab
520 2838 615 2895 eodem
635 2855 703 2912 papa
723 2855 784 2895 cum
805 2837 901 2895 litteris
918 2838 1178 2912 Corrstantinopolim
1194 2838 1344 2895 destinatus
1365 2839 1463 2896 luerat.
1499 2842 1579 2900 duno

303 2925 476 2984 51911119
494 2925 536 2980 die
561 2925 663 2980 litteras
685 2924 882 2981 communionis
908 2923 1009 2981 indices
1031 2924 1062 2979 sd
1078 2923 1227 2979 iohannem
1243 2922 1381 2999 Epiphanii
1404 2923 1577 2986 decessorem

303 3013 421 3087 aliasque
436 3011 529 3085 piures
545 3009 683 3074 detulisse,
701 3027 732 3066 es
748 3009 910 3084 epistolalil
927 3010 981 3066 nlo
997 3009 1133 3065 discimus.
1161 3009 1229 3065 l'um
1241 3027 1306 3066 vcro
1321 3009 1445 3067 eumdem
1453 3011 1577 3071 vitaliani

302 3117 332 3154 ac
346 3098 489 3154 iustiniani
504 3096 536 3152 ad
552 3094 720 3153 llormlsdam
743 3097 841 3170 scripta
861 3096 987 3151 retulisse
1008 3095 1121 3169 epistola
1137 3095 1176 3153 89
1195 3112 1244 3152 nos
1266 3095 1355 3153 docet.
1391 3095 1457 3152 item
1480 3097 1576 3156 eodem

302 3201 371 3240 anno
389 3181 525 3239 lteeernlrri
540 3183 651 3239 ineunte
667 3181 807 3256 epistolam
822 3181 880 3239 105
903 3181 961 3253 ejus
978 3197 1059 3255 opera
1080 3181 1111 3236 ad
1128 3180 1285 3238 ilioseorurn
1307 3182 1490 3239 transmissam
1506 3199 1575 3249 esse,

302 3286 333 3324 er
351 3268 438 3325 rerlris
455 3267 575 3337 ejusdcm
592 3267 724 3340 epistolae
742 3266 801 3324 105
823 3284 850 3321 n.
867 3265 886 3321 4
902 3266 1050 3341 colligitur.
1082 3265 1243 3339 Coniectura
1258 3277 1308 3330 est,
1329 3265 1511 3343 Epiphanium
1527 3269 1575 3327 irai:

303 3353 416 3427 epistola
432 3353 463 3406 ad
475 3370 513 3413 ca,
530 3350 745 3425 quacHormisda
760 3353 895 3425 superiori
908 3351 968 3407 144
981 3361 1098 3426 regerat,
1111 3350 1284 3427 generalibus
1297 3352 1384 3410 vertis
1397 3354 1573 3429 respondere.

303 3437 361 3493 Non
378 3436 445 3492 elius
463 3436 542 3508 hrrjus
559 3454 588 3492 nc
603 3437 753 3509 superioris
768 3437 902 3510 interpres
916 3436 1021 3492 videtur
1036 3440 1181 3495 exstitisse.

483 3587 521 3647 In
542 3585 727 3657 Hormiidee
749 3603 850 3664 papea
872 3587 1036 3665 epistolem
1057 3589 1113 3649 148
1136 3587 1394 3672 (..Sancternm··).

211 3710 287 3780 [ild]
390 3709 416 3764 1.
453 3707 489 3764 Ex
506 3709 666 3765 Novarcnsis
684 3710 794 3784 capituli
814 3710 874 3766 cod.
892 3710 958 3767 llllll
981 3710 1044 3785 (sec.
1063 3711 1180 3770 liaassen
1197 3713 1330 3771 Biblioiie.
1346 3717 1412 3789 jier.
1429 3732 1496 3772 con.
1514 3735 1574 3774 mo-

302 3812 402 3851 nuscr.
420 3793 519 3851 saecli
534 3793 624 3867 rellll)
640 3796 755 3869 primum
772 3796 890 3871 vulgarit
904 3797 970 3854 lianc
983 3797 1267 3871 epistolamiolranues
1275 3799 1378 3856 Andros
1391 3800 1417 3857 iu
1430 3800 1574 3876 opusculo,

302 3882 344 3937 cui
361 3880 470 3937 titulus:
498 3875 614 3938 Lcllero
637 3885 666 3938 cl
683 3882 761 3957 Siga.
778 3883 887 3939 Adbulc
903 3883 1019 3941 Morclii
1039 3901 1128 3956 sopra
1151 3888 1251 3942 alcuni
1272 3886 1366 3943 codici
1381 3888 1455 3944 delle
1476 3887 1574 3946 biblio·

302 3968 384 4024 tecle
400 3971 561 4039 capitolare
576 3970 605 4022 di
620 3968 738 4024 ll'ooaru
755 3985 770 4023 c
785 3971 816 4024 cli
839 3970 968 4039 Vercelli,
985 3969 1094 4026 Parmae
1111 3969 1201 4028 1802.
1240 3968 1316 4028 Unde
1331 3966 1388 4028 eam
1404 3973 1576 4046 repetierunt

303 4051 522 4110 emittendae
539 4055 603 4109 coli.
622 4071 688 4110 cen.
707 4055 777 4111 cccl.
798 4056 903 4112 Gracc.
918 4073 980 4130 pag.
993 4055 1028 4111 11
1047 4065 1074 4112 et
1090 4055 1253 4113 clarissimus
1269 4055 1419 4132 G.Phillips
1427 4057 1574 4116 Kirelten·

302 4139 385 4196 reclei
400 4146 465 4194 tom.
482 4137 515 4193 ΙΙΙ
530 4156 593 4213 pag.
613 4139 661 4198 39.
692 4139 720 4196 ln
741 4140 834 4197 codice
856 4141 915 4216 ipso
928 4141 1079 4215 praefatio
1095 4142 1129 4198 11
1144 4150 1235 4199 rrotata
1250 4150 1291 4198 est
1306 4150 1370 4218 post
1385 4140 1456 4200 illam
1471 4144 1575 4219 primae

302 4225 385 4300 partis
406 4223 438 4280 ad
461 4223 625 4298 Stephanum
647 4226 783 4287 directam,
811 4243 879 4301 quae
899 4226 996 4283 ilridcnr
1016 4227 1151 4302 praeeedit
1176 4227 1267 4284 mullis
1289 4228 1431 4304 avulgata
1452 4229 1575 4288 redens:

302 4312 433 4384 Explicit
448 4309 599 4382 prucsotio
615 4312 639 4368 l.
666 4311 671 4385 Ι
704 4312 812 4384 Incipit
826 4312 977 4386 praefatio
993 4314 1035 4371 ΙΙ.
1066 4315 1186 4371 Domino
1207 4315 1367 4372 deotissime
1378 4330 1479 4389 papae
1493 4315 1575 4375 Hor-

301 4398 408 4454 misdce
429 4396 583 4470 Dionysius
604 4401 735 4471 exipiens.
784 4397 913 4455 Collectio
935 4401 1000 4473 ipsa,
1024 4416 1101 4474 quam
1124 4399 1159 4456 ibi
1184 4399 1327 4475 llionysius
1348 4398 1493 4476 praefatur,
1517 4401 1576 4477 jain

300 4481 444 4539 intercidit.

386 4568 414 4625 2.
442 4566 501 4637 Quo
517 4585 587 4625 anno
603 4570 760 4643 scriptasit,
776 4588 826 4645 pro
842 4579 918 4628 certo
933 4573 1015 4628 stetui
1031 4588 1085 4629 non
1101 4580 1202 4646 potest.
1230 4570 1282 4629 Sed
1299 4588 1381 4646 quum
1394 4573 1420 4629 lu
1431 4573 1576 4648 postulato

300 4672 351 4711 suo
366 4654 393 4711 id
408 4655 565 4730 praeprimis
581 4653 720 4711 liormisda
736 4657 825 4731 egisse
841 4657 969 4728 rideatur,
992 4665 1023 4714 ut
1044 4661 1245 4716 auctoritatem
1267 4676 1324 4733 pue
1341 4664 1512 4717 tenerentur
1526 4676 1575 4718 ec-

301 4744 408 4797 clcsiae
426 4741 588 4798 Orienlutcs
604 4748 783 4816 agnosceret,
801 4741 907 4799 demum
924 4744 1115 4800 commuuione
1130 4745 1201 4800 inter
1217 4753 1359 4819 utramque
1374 4744 1516 4803 ecclesiam
1531 4763 1577 4805 re·

300 4827 394 4882 stituta
410 4844 479 4901 opus
491 4826 557 4883 illud
573 4835 600 4883 et
615 4826 764 4898 injunctum
781 4837 807 4883 et
822 4827 975 4885 ahsolutum
991 4847 1052 4886 esse
1067 4842 1277 4887 cousentaneum
1293 4839 1344 4886 est.
1371 4829 1440 4888 Sane
1456 4829 1503 4889 ulti
1519 4840 1577 4891 um

301 4921 403 4968 arctum
420 4912 555 4970 vinculum
578 4921 718 4989 utrumque
733 4912 843 4971 Romam
859 4914 1051 4992 conjungebat,
1071 4925 1101 4973 ut
1122 4915 1163 4973 rel
1181 4917 1307 4973 vicarium
1322 4932 1402 4974 suum
1417 4919 1446 4974 iu
1460 4916 1578 4978 Oriente
