3412 5664
682 352 686 359 ¹
750 292 921 342 semrom
946 237 1014 343 lo..
1448 290 1506 354 167

262 435 302 509 lie
319 450 495 532 praesumat.
541 447 630 524 Quod
657 447 754 511 nimis
781 447 926 532 improbe
950 449 1195 514 conniventibus
1223 453 1271 537 et,
1301 458 1336 518 nt
1363 456 1611 525 doleaturaros.

269 551 376 633 manus,
398 550 487 615 vobis
499 550 537 637 ¹⁰)
560 549 786 635 quaerentibus
802 550 953 616 irenaeus
976 553 1142 636 episcopus
1165 558 1300 619 coriatus
1322 556 1506 623 admittere:

272 655 311 739 qui
327 657 420 719 nost-ra
442 651 634 717 auctoritate
656 652 799 717 roborari
823 653 950 737 cupitis,
974 677 1051 738 qnos
1067 656 1205 721 maxime
1221 658 1260 721 de
1276 658 1369 722 rebus
1385 660 1506 725 illicitis

274 778 361 843 mgna
379 754 606 841 indignatione
628 756 773 840 probatis
796 756 938 820 accendi.
976 756 1082 821 Lectis
1105 781 1182 843 ergo
1204 759 1239 823 in
1263 765 1421 826 conventu
1443 764 1506 828 ira·

175 854 184 879 '
274 864 342 943 mm,
364 880 435 946 quos
463 857 582 923 natalis
607 859 670 923 mei
693 857 853 922 festivitas
877 863 1101 945 congregarat,
1133 861 1248 926 litteris
1272 863 1396 948 vestris,
1426 889 1506 949 quae

274 962 302 1027 de
316 959 482 1027 ordinandis
504 960 662 1046 episeopis
684 960 858 1026 seeundum
885 964 1007 1026 statuta
1031 985 1191 1027 canonum
1213 964 1263 1028 vel
1285 966 1506 1049 praedecesso-

274 1087 324 1129 rm
339 1085 467 1128 meorum
490 1062 619 1129 decreta
641 1067 726 1147 sunt,
755 1064 883 1148 prolata
911 1065 1072 1129 sententia
1098 1068 1261 1150 gestorum
1283 1088 1363 1151 quae
1385 1071 1507 1153 pariter

275 1166 455 1253 dieamus&
478 1168 590 1232 tenme
612 1165 751 1231 discetis.

838 1302 897 1367 ΠΙ.

336 1422 359 1486 l.
382 1421 471 1489 Unde
493 1426 615 1488 remoto
638 1423 679 1487 ab
695 1422 828 1488 eeclesia
844 1421 1126 1509 Barcinonensi¹²)
1150 1427 1244 1508 atque
1268 1424 1355 1509 ad¹³)
1379 1448 1436 1490 sua
1458 1450 1505 1492 re·
1607 1435 1610 1445 ⁴

276 1524 346 1588 nisse
362 1524 485 1592 irenaeo
508 1525 668 1611 episeopo,
696 1525 815 1590 sedatis
844 1548 901 1610 per
926 1525 1157 1590 sacerdotalem
1179 1525 1368 1592 modestiam
1396 1529 1505 1594 volun-

274 1627 378 1708 tatibus,
407 1644 487 1714 quae
524 1652 580 1714 per
612 1628 832 1714 ignorantiam
864 1628 1154 1693 ecclesiasticarum
1181 1629 1289 1713 legum
1323 1631 1506 1696 desiderant

270 1729 337 1817 quod
352 1754 405 1796 nou
426 1731 502 1797 lieet
529 1731 685 1816 obtinere,
707 1731 783 1796 talis
806 1731 953 1816 protinus
974 1731 1013 1794 de
1037 1732 1121 1796 clero
1142 1732 1271 1815 proprio
1286 1731 1505 1798 Barcinonen·
1542 1803 1556 1827 1,

263 1833 341 1899 sibus
356 1834 508 1920 episeopus
531 1834 704 1918 ordinetur,
728 1834 854 1919 qualem
876 1838 909 1898 te
931 1833 1112 1918 praecipue,
1136 1833 1237 1898 irater
1259 1834 1391 1919 Ascani,
1415 1858 1505 1919 opor·

262 1936 447 2022 sedelgem
479 1941 513 2001 et
545 1937 657 2002 deceat
685 1958 887 2002 consecrare:
921 1937 1011 2020 neu)
1040 1936 1066 2000 si
1095 1935 1243 2000 similiter
1270 1936 1354 2001 forte
1381 1937 1504 2002 factum

255 2036 355 2120 ruerit,
377 2061 437 2104 uon
464 2039 534 2104 sine
562 2040 787 2126 objurgatione
815 2039 863 2103 tui
890 2037 1028 2103 maxime
1056 2039 1195 2102 nominis
1218 2039 1371 2103 retundat
1392 2044 1504 2104 nostra

253 2141 432 2229 praeceptio,
461 2141 544 2226 quod
572 2141 606 2206 in
633 2141 784 2226 injuriam
808 2140 884 2224 Dei,
913 2165 932 2204 a
960 2162 1021 2225 quo
1050 2141 1233 2225 specialiter
1259 2140 1505 2206 sacerdotalium

250 2244 307 2310 ess
322 2244 413 2327 grat-ia
433 2243 639 2329 dignitatum,
664 2244 867 2310 didicerimus
893 2243 1083 2327 admissum,
1106 2266 1166 2308 nec
1189 2243 1378 2328 episcopalis
1401 2245 1505 2309 honor

246 2345 480 2415 haereditarium
503 2347 558 2432 jus
584 2350 724 2433 putetur,
755 2346 837 2432 quod
865 2345 958 2410 nobis
987 2345 1055 2410 sola
1070 2345 1144 2410 'Dei
1171 2347 1272 2410 nostri
1301 2346 1504 2433 benignitate

244 2447 403 2536 Christi¹⁵l
424 2450 597 2516 confertur.

839 2583 896 2650 IV.

322 2708 352 2774 5.
380 2707 550 2774 Ordinatos
573 2727 650 2793 ergo
672 2727 759 2771 nunc
782 2706 957 2790 episcopos,
983 2704 1085 2789 quie)
1101 2701 1178 2768 licet
1193 2701 1268 2768 dum
1282 2688 1504 2791 teignorante

230 2918 319 2973 deins
335 2930 369 2969 ex
380 2912 502 2983 Dionysii
519 2911 750 2982 interpretatione
763 2909 900 2963 decernit:
920 2913 1020 2961 Placuit
1036 2913 1238 2962 eorrsuetudinem
1256 2915 1401 2964 omnimodis
1418 2929 1500 2976 nnrpu

228 3009 292 3063 rari.
312 3021 378 3071 quor
393 3011 500 3068 praeter
516 3005 628 3067 reputem
646 3002 671 3051 in
690 3000 835 3067 quibusdem
856 2999 974 3059 pretinm
992 2998 1091 3046 uidetur
1109 2997 1228 3052 aereas«.
1252 2998 1288 3045 ita
1306 3003 1332 3045 ut
1352 2997 1383 3045 rie
1402 2998 1503 3045 ricimer
1546 3018 1551 3025 ·

224 3095 266 3145 ad
281 3092 410 3142 civitaten
427 3105 475 3139 aaa
493 3090 636 3153 episcopus,
656 3104 706 3137 non
722 3085 867 3150 presbyter,
887 3099 936 3137 non
954 3083 1075 3132 diaconus
1094 3082 1276 3142 transferetur.
1302 3082 1332 3129 Si
1349 3082 1404 3145 quis
1423 3089 1503 3130 aretem

221 3184 287 3247 pos!
307 3174 476 3240 definitionem
493 3175 578 3224 sancti
594 3179 618 3221 et
636 3173 719 3237 rnapnr'
735 3172 837 3222 conatii
854 3173 904 3219 tole
917 3169 978 3233 quid
995 3183 1072 3231 apere
1091 3168 1226 3217 tentaverit
1244 3173 1269 3215 et
1286 3181 1314 3216 se
1332 3165 1506 3229 hujuscemodi

222 3263 334 3330 negotio
350 3260 547 3324 nandpnmrit,
568 3258 615 3308 lior
637 3259 732 3322 sartam
755 3271 862 3321 prorsus
885 3255 982 3304 irritum
1001 3253 1120 3311 (letentur,
1148 3260 1173 3301 et
1195 3253 1348 3301 restituatur
1370 3251 1502 3311 ecclesiae,

220 3351 304 3415 cujus
323 3347 379 3411 suit
399 3347 534 3411 episcopas
557 3351 601 3393 aut
622 3343 759 3408 presbyter
781 3345 820 3392 rel
841 3342 964 3392 diaconas
986 3339 1128 3389 ordinatus.
1169 3331 1399 3401 (os.}1ieronym.
1423 3330 1503 3401 epist.

219 3438 256 3487 82
276 3429 317 3485 ol.
330 3432 387 3496 83.)

298 3518 330 3583 ¹⁶)
349 3511 427 3568 Editi
444 3517 513 3567 robis
530 3514 712 3577 asserentibus,
731 3510 830 3564 eontra
841 3525 904 3560 mss.
935 3506 1000 3560 Mox
1018 3505 1056 3558 ll⁸
1068 3523 1189 3559 revocare
1202 3503 1240 3570 (h¹
1255 3506 1384 3570 revocari)
1401 3508 1502 3571 eapitis.

295 3603 330 3668 ¹¹)
349 3597 427 3663 Quas
444 3596 503 3654 soil.
520 3596 585 3651 huic
602 3595 728 3666 proxime
745 3592 938 3665 praemisimus
956 3590 1036 3662 epist.
1053 3595 1160 3644 13-15.

294 3688 329 3753 ¹¹)
349 3684 472 3740 Rursum
489 3681 535 3737 hie
552 3680 647 3736 similis
666 3699 729 3735 ruse.
743 3679 873 3745 varietas,
892 3694 976 3748 quam
988 3693 1072 3746 supra
1084 3677 1140 3729 not.
1153 3681 1181 3730 3:
1199 3691 1263 3728 mss.
1274 3673 1300 3727 H
1314 3679 1505 3728 Vercenonersr'
1604 3709 1611 3726 .

282 3771 537 3831 Vercenonemibur,
556 3766 588 3821 1³²
600 3766 638 3821 Η(
659 3772 840 3831 Vereconenrr',
859 3782 924 3818 mss.
944 3762 991 3818 10
1011 3765 1197 3816 Barcilonensi.

294 3861 331 3925 ¹³)
349 3855 417 3910 Mas.
431 3854 471 3908 10
484 3860 521 3909 ad
530 3860 611 3920 snam,
627 3868 747 3922 moxque
759 3851 808 3905 Η10
819 3855 969 3905 sententiam
986 3847 1058 3914 (loeo
1076 3847 1242 3914 modestiam).
1270 3844 1404 3899 Iudicium
1416 3862 1505 3903 suum.

213 3954 249 4003 ue
264 3944 336 4015 jam
357 3941 546 4005 observatum,
564 3938 674 3993 Hilarus
693 3937 729 3991 ad
747 3935 900 3990 Nicaemun
919 3949 1052 3989 canonem
1071 3931 1166 4002 exigit.
1198 3929 1326 3986 Severior
1345 3931 1436 3984 fuerat
1448 3930 1504 3983 Leo

211 4030 311 4103 epist.
325 4033 363 4083 1⁴
379 4042 440 4096 cap.
454 4031 483 4080 8:
502 4028 551 4091 Qui
566 4030 602 4079 nd
618 4028 748 4092 utmorem,
766 4021 865 4090 inquit,
886 4040 914 4074 se
931 4023 1028 4089 plebem
1046 4037 1192 4088 quacunque
1213 4022 1314 4071 ratione
1337 4022 1504 4073 transtulerit,

210 4142 230 4174 a
250 4119 393 4173 mecam
411 4117 509 4182 quidem
525 4117 636 4179 pelletur
654 4116 745 4170 aliena,
764 4114 811 4162 red
827 4110 925 4161 carebit
937 4117 963 4158 et
973 4108 1091 4173 propria.
1115 4102 1196 4157 Certe
1209 4101 1284 4156 haud
1298 4100 1412 4170 indigna
1424 4100 1505 4155 venia

210 4197 393 4273 haja-modi
411 4195 558 4252 translatio
576 4198 646 4250 erat.
689 4195 817 4249 Irenaeus
841 4191 914 4247 enim
938 4208 1024 4260 quum
1046 4189 1083 4243 ad
1101 4189 1254 4258 regendam
1271 4186 1505 4241 Barcinonensem

210 4286 381 4347 eeclesiam
405 4284 564 4352 assumptus
591 4284 645 4347 est,
668 4280 773 4351 primns
795 4281 826 4332 nt
852 4276 961 4331 videtur
984 4274 1115 4329 ecelesiae
1138 4272 1334 4328 Barcinonensi
1357 4270 1504 4324 notissime

209 4368 387 4449 episcopali
405 4368 487 4423 titulo
505 4366 653 4437 insignitae
670 4366 827 4436 praefectus
844 4364 949 4428 iuerat,
973 4361 1099 4431 adeoque
1123 4377 1156 4413 ex
1178 4358 1306 4430 portione
1331 4355 1410 4410 unius
1434 4353 1505 4421 ejus·

209 4463 356 4527 demque
379 4452 513 4509 ecelesiae
535 4452 572 4507 ad
592 4454 683 4507 totam
706 4447 954 4505 alanniatmndam
977 4448 1138 4517 cooptatus,
1165 4461 1220 4499 non
1244 4442 1334 4511 magis
1355 4439 1505 4494 translat-us

209 4545 278 4603 dici
304 4542 439 4614 poterat,
466 4556 551 4607 quam
572 4537 733 4608 presbyter,
763 4536 810 4604 qui
832 4535 860 4587 iu
884 4531 999 4587 ecelesia
1022 4530 1117 4600 aliqua
1140 4529 1304 4585 constitutus
1322 4526 1358 4581 ad
1376 4523 1505 4580 altiorem

208 4630 355 4705 gradum
373 4627 425 4681 aut
441 4624 566 4695 quedem
584 4623 678 4679 sedern
697 4620 884 4692 episcopalem
901 4620 1089 4689 promovetur.

296 4720 333 4773 Ν)
354 4712 419 4766 lise.
439 4710 483 4765 10
496 4710 544 4764 ΗΙη
562 4731 593 4765 ne
609 4715 634 4763 si
651 4714 734 4764 aliter.

296 4802 333 4867 ¹⁸)
354 4797 462 4851 Vocem
480 4800 576 4851 Christi
593 4813 655 4849 cum
673 4794 701 4848 h¹
722 4797 751 4847 et
767 4811 829 4847 iuss.
849 4791 1017 4863 supplemus.

297 4890 333 4953 ¹⁶)
353 4883 400 4938 lta
421 4900 484 4937 mss.
504 4881 602 4948 th';
624 4898 686 4935 mas.
706 4880 731 4934 H
750 4889 793 4950 qut
810 4886 868 4933 licet
886 4888 945 4933 nate
963 4887 1001 4941 te,
1025 4875 1094 4931 editi
1117 4880 1160 4944 piri
1177 4879 1235 4928 licet
1257 4882 1282 4926 tc
1353 4881 1504 4924 meruerrrnt.
