3450 5678
719 321 917 370 nuxsronxn
939 312 990 368 4⁶2.
1451 306 1494 372 49

320 487 343 545 8.
368 485 527 542 Frannscns
543 481 693 538 Cbitlletius
708 483 780 538 notis
797 483 824 538 in
839 481 966 556 vigilium
983 482 1146 556 'tapsensem
1161 499 1224 555 pag.
1243 481 1304 540 149
1319 483 1448 539 incidisse
1463 502 1494 540 sc

258 574 380 630 testatoris
402 575 482 624 retus
503 567 641 641 exemplar
659 567 783 623 iurcnsis
799 568 964 629 monasterii,
984 568 1012 622 ixx
1028 583 1083 640 qun
1104 569 1252 624 decretale
1266 571 1296 625 in
1312 570 1385 625 urbe
1400 569 1493 626 Roma

257 653 435 715 ebdomada
456 670 543 726 papa
569 653 674 709 editum
702 651 825 708 habetur.
863 651 954 708 Monet
975 659 1003 707 et
1022 651 1176 725 Stephanus
1197 651 1321 709 baluzitn
1342 671 1404 727 pag.
1421 653 1492 715 444,

255 739 308 796 neu
319 737 446 794 duretam
461 738 490 793 in
505 745 615 793 vetusto
631 736 798 812 Urgellensis
820 737 949 793 coclmiae
969 736 1113 811 exemplari
1128 739 1229 811 pariter
1244 736 1402 794 Hormisdae
1416 740 1493 794 attri-

256 823 296 880 bui.
315 822 365 897 lpse
379 839 490 897 quoque
501 823 528 878 in
544 821 674 878 ditissima
689 820 851 878 bibliotheca
863 820 1016 878 colbertina
1028 821 1147 878 codicem
1159 830 1253 878 nactus
1268 839 1328 878 snm
1340 831 1398 878 not.
1410 823 1492 880 1463

257 906 350 964 unm
367 908 475 964 circiter
496 907 559 966 600
579 907 720 981 scriptum,
745 907 772 962 in
788 923 842 980 quo
863 905 1003 962 decretum
1019 905 1053 962 de
1067 905 1142 964 libris
1158 916 1312 964 asservatur
1326 908 1351 964 ei
1367 924 1451 982 quum
1465 909 1493 964 in

256 990 398 1068 nsinpttone
412 1000 470 1048 tum
485 994 514 1047 in
528 993 626 1048 ceteris
643 993 752 1048 omnino
767 991 862 1056 simile,
886 991 959 1064 qnod
975 990 1126 1047 Gbillletius
1147 1008 1186 1060 ex.
1195 991 1295 1049 laudati
1308 993 1432 1049 incensis
1448 1010 1493 1049 oo·

256 1075 304 1133 diris
320 1075 366 1134 ide
385 1075 541 1152 publicavit.
569 1076 668 1133 Verum
688 1077 715 1132 bi
736 1076 852 1139 codices,
875 1077 922 1150 qui
942 1076 1080 1133 decretum
1101 1076 1135 1132 de
1150 1076 1225 1132 libris
1242 1076 1401 1134 Hormisdae
1417 1079 1492 1135 attri-

256 1159 325 1225 buunt,
344 1179 424 1237 mum
445 1161 524 1219 aliter
538 1161 606 1218 illud
627 1160 738 1218 etlerant
760 1170 840 1235 atque
861 1162 878 1217 ii
894 1161 940 1235 qui
957 1161 1053 1218 Gelasii
1070 1179 1168 1218 nomen
1184 1178 1247 1235 prae
1261 1178 1291 1217 se
1304 1162 1404 1226 ierunt,
1426 1163 1492 1219 nibil

256 1248 344 1303 istorm
357 1245 480 1304 oiflciunt
495 1247 658 1311 auctoritati,
680 1248 761 1303 immo
778 1247 803 1303 ei
818 1263 872 1302 non
888 1245 956 1302 nibil
972 1248 1101 1303 momenti
1116 1246 1255 1317 adjiciunt,
1277 1257 1374 1322 utpote
1389 1249 1417 1305 in
1433 1249 1492 1322 qui·

255 1329 293 1387 bus
304 1331 459 1389 Gebsiannm
475 1331 507 1388 ab
519 1331 661 1389 Hormisda
675 1332 847 1406 recognitum
863 1339 890 1387 et
905 1332 933 1387 in
947 1331 1087 1388 nonnullis
1102 1339 1211 1388 anctum
1225 1332 1268 1388 vel
1283 1341 1416 1389 mutatum
1432 1349 1492 1389 esse

253 1419 412 1490 nummus.
442 1417 529 1474 Porro
545 1426 686 1492 gestorum
700 1415 880 1490 synodalium,
901 1417 929 1473 in
949 1415 1047 1491 quibus
1063 1416 1185 1473 Gelasins
1207 1417 1346 1474 decretum
1366 1418 1400 1474 de
1415 1417 1492 1473 libris

252 1499 324 1565 adibit,
338 1503 432 1577 triplex
446 1501 576 1559 habemns
592 1503 784 1576 exemplarium
800 1518 897 1576 genus.
928 1501 1064 1559 Nonnulla
1079 1503 1150 1558 enirn
1166 1503 1364 1576 expositionem
1380 1501 1443 1558 fidei
1458 1503 1492 1558 de

250 1584 332 1660 Spiritu
349 1587 499 1662 septiformi
521 1605 553 1644 ac
576 1587 725 1644 divinarum
751 1589 946 1662 scripturarum
966 1587 1119 1661 catalogum
1141 1589 1318 1661 praemittunt
1338 1597 1491 1644 ceterorum

249 1669 467 1730 &mancorum
488 1671 619 1729 librorum
638 1673 800 1729 recensioni.
830 1671 859 1729 ln
876 1671 990 1729 Harlaeu
1011 1680 1038 1728 et
1053 1672 1186 1745 expositio
1209 1669 1272 1729 tidei
1291 1672 1325 1729 dc
1339 1673 1492 1747 septiformi

246 1755 333 1830 Spiritu
346 1765 371 1814 ct
384 1759 580 1832 scripturarum
597 1757 737 1832 catalogus
753 1758 925 1821 omittuntur,
942 1755 991 1813 sed
1007 1758 1057 1812 bac
1071 1758 1307 1830 praetermissione
1323 1766 1442 1832 excepta,
1458 1756 1492 1813 de

243 1841 384 1917 prinigenia
404 1851 548 1917 gestorum
571 1843 658 1899 torma
678 1843 744 1899 nilxil
765 1850 894 1899 mutatur.
920 1842 949 1898 ln
971 1842 1083 1915 reliquis
1103 1849 1131 1897 et
1151 1843 1314 1900 omittuntur
1337 1843 1437 1906 eadem,
1464 1850 1492 1899 ct

243 1923 320 1992 rerba,
339 1927 435 2002 quibus
449 1927 495 1984 illa
510 1927 677 1985 indicabatur
697 1929 906 2001 praetermissio,
923 1935 1070 1991 mutantur,
1091 1928 1128 1982 ita
1144 1935 1174 1983 ut
1188 1927 1343 1984 absolutum
1354 1927 1493 2000 judicetur

241 2027 312 2086 open,
330 2014 356 2070 iu
376 2029 433 2088 quo
454 2013 522 2069 nihil
542 2013 749 2070 desiderandum
769 2014 814 2069 sit.
855 2012 957 2086 Nempe
977 2029 1028 2086 pro
1048 2029 1090 2075 eo,
1113 2012 1186 2086 quod
1206 2012 1336 2070 blariacus
1358 2013 1444 2070 codex
1463 2014 1492 2068 in

238 2097 322 2154 irunte
335 2114 395 2173 prae
410 2115 440 2154 se
457 2096 524 2154 iert:
540 2099 613 2155 Item
627 2101 733 2155 dictum
748 2105 799 2154 est.
831 2098 900 2155 Post
915 2099 970 2154 itas
985 2112 1082 2155 omnes
1094 2099 1292 2170 propheticas,
1308 2101 1503 2173 evangelicas⁴

234 2190 318 2256 atque
331 2185 513 2256 apostalicae,
530 2200 604 2257 quas
619 2188 755 2256 superius
769 2185 984 2255 depromsirnus,
1002 2186 1181 2255 scripturas;
1204 2184 1232 2239 in
1247 2183 1301 2239 iliis
1315 2182 1423 2240 sublato
1438 2184 1493 2258 pri·

231 2283 305 2324 mnu
322 2268 392 2326 ltein
405 2270 512 2325 dictum
533 2276 584 2340 est,
606 2268 703 2326 deinde
723 2270 779 2325 bas
794 2285 899 2338 amnes,
920 2285 952 2323 ac
971 2266 1078 2324 demum
1093 2285 1168 2342 quas
1187 2272 1323 2341 superius
1336 2271 1493 2341 depromsi-

228 2369 303 2415 nur.
321 2354 359 2410 sic
378 2352 503 2411 absolute
523 2354 666 2411 inchoatur
685 2371 770 2427 opus:
799 2354 870 2411 Post
888 2353 1087 2426 propheticas,
1110 2356 1295 2428 evangelicas
1315 2362 1403 2428 atque
1424 2371 1493 2426 apa·

226 2440 347 2497 staticus
365 2442 539 2516 scripturas,
568 2441 644 2513 quasi
671 2438 737 2496 nihil
757 2440 866 2513 penitus
892 2439 1094 2513 praecessisset.
1137 2437 1176 2494 nb
1204 2438 1251 2495 illo
1277 2447 1367 2495 autem
1394 2438 1495 2514 triplici

225 2523 429 2580 munorum
444 2524 635 2598 exemplarium
651 2541 752 2599 genere
769 2523 902 2580 dissident
917 2523 1074 2580 Hormisdae
1094 2522 1210 2580 codices.
1242 2527 1419 2598 Apostremo
1435 2525 1495 2599 qui·

223 2608 291 2667 ten
310 2616 340 2665 et
357 2608 476 2666 secundo
497 2610 525 2666 in
546 2625 580 2665 eo
601 2610 715 2672 distant,
738 2608 812 2683 quud
832 2610 1026 2683 scripturarum
1048 2608 1197 2666 divinarum
1219 2609 1372 2684 catalogum
1392 2602 1494 2666 inillis

222 2694 359 2753 ambrum
374 2695 402 2750 iu
424 2694 515 2751 bonta
536 2693 674 2751 exhibent.
705 2694 758 2751 Sed
779 2694 839 2750 leve
860 2702 902 2751 est
923 2694 976 2751 boc
995 2694 1147 2758 discrimen,
1170 2703 1267 2769 utpute
1284 2695 1357 2769 quod
1379 2694 1411 2750 ab
1426 2696 1494 2751 anti·

220 2779 332 2856 qnw’n's
350 2779 497 2843 inductum,
518 2796 575 2837 non
596 2797 611 2836 a
631 2780 736 2836 Gelasio
757 2797 826 2855 papa
848 2787 938 2835 ortum
953 2787 1089 2853 putamus.
1121 2782 1156 2836 tt
1177 2779 1251 2835 istud
1272 2782 1357 2854 magis
1377 2781 1493 2854 insigne,

218 2863 302 2941 quod
316 2865 419 2938 inipso
439 2866 634 2940 scripturarum
649 2864 784 2939 catalogo,
807 2880 887 2939 wem
901 2865 1050 2939 integriora
1065 2864 1163 2921 Gelasii
1184 2864 1346 2939 exemplaria
1366 2867 1493 2927 retinent,

219 2950 397 3008 matur.
437 2950 466 3006 ln
488 2949 529 3007 bis
551 2966 647 3025 nempe
666 2952 797 3008 Joitanni
810 2953 940 3023 apostolo
956 2968 1015 3006 una
1037 2957 1140 3006 tantmn
1155 2952 1276 3022 epistola
1299 2958 1326 3006 et
1346 2950 1424 3006 alteri
1444 2950 1494 3006 Ja-

217 3037 320 3094 huin
329 3036 502 3109 praebuero
517 3037 594 3093 duae
609 3036 675 3092 aliae
696 3035 861 3100 tribuuntur,
884 3052 968 3109 quum
990 3043 1045 3091 tres
1066 3032 1125 3091 illas
1146 3035 1276 3109 epistolas
1291 3036 1338 3091 uni
1353 3035 1495 3108 eidemque

216 3122 359 3180 latrent
372 3123 502 3193 apostola
517 3120 638 3196 exempla
654 3120 811 3177 Hormisdae
827 3119 987 3177 adscribant.
1018 3118 1093 3176 Unde
1109 3136 1173 3176 vero
1188 3128 1250 3177 nata
1265 3121 1301 3176 sit
1317 3121 1383 3176 haec
1399 3119 1495 3175 Gelasii

218 3204 441 3280 Bormisdacque
462 3205 610 3270 dissensio,
643 3208 714 3263 notis
740 3207 767 3261 in
793 3208 881 3280 ipsum
903 3205 1000 3262 Gelasii
1026 3205 1116 3261 locum
1143 3205 1311 3262 commodius
1332 3212 1494 3280 exponetur.

218 3293 371 3349 Praeterea
385 3290 491 3348 duabus
507 3293 665 3366 praesertim
680 3291 868 3348 additamentis
883 3309 897 3346 a
913 3289 1078 3366 quibuslibet
1090 3289 1186 3347 Gelasii
1199 3290 1395 3365 exemplaribus
1407 3306 1496 3346 secer·

218 3386 333 3436 uantur
348 3375 504 3433 Hormisdae
525 3377 654 3451 exempla.
695 3376 799 3451 Quippe
819 3379 891 3433 inter
905 3377 1039 3451 synodos,
1068 3393 1136 3449 quae
1157 3375 1326 3451 recipiendae
1341 3384 1419 3439 sunt,
1441 3392 1495 3431 non

219 3462 310 3520 nudo
325 3461 476 3526 liicaenam,
492 3459 651 3536 Ephesinam
667 3472 748 3536 enque
763 3461 1015 3525 Calclxcdonensem,
1036 3461 1084 3517 sed
1106 3462 1185 3518 etiam
1207 3461 1496 3534 Constantinopolita-

219 3566 295 3607 κη
309 3555 468 3610 roeensent;
489 3564 521 3604 ac
539 3556 603 3622 post
624 3556 784 3604 memoratas
800 3555 918 3624 quatuor
937 3547 996 3604 illas
1017 3546 1137 3621 synodos
1159 3548 1238 3604 etiam
1260 3547 1332 3604 istud
1353 3547 1495 3618 adjiciunt:

221 3635 288 3694 Seu
307 3639 338 3690 et
358 3636 386 3690 ri
403 3651 460 3707 qua
483 3636 542 3690 alia
563 3640 631 3690 runt
646 3637 770 3691 concilia
791 3636 935 3690 asarxctis
952 3634 1089 3705 putatus
1107 3634 1251 3689 dacianus
1270 3636 1409 3702 instituta,
1430 3639 1496 3705 past

220 3726 352 3778 &tmen
365 3727 492 3792 quatmr
506 3723 707 3775 auctoritatem
723 3727 750 3775 et
765 3721 952 3776 custodienda
967 3726 995 3775 et
1016 3720 1183 3790 recipienda
1199 3721 1386 3775 decrevimus.
1419 3715 1496 3785 Quod

221 3804 440 3862 Mumentum
466 3805 538 3860 sicut
563 3813 590 3860 et
611 3803 924 3878 Constantinopolitanae
949 3803 1046 3878 synodi
1071 3805 1234 3859 mentionem
1260 3805 1422 3877 ignorarunt
1442 3818 1496 3857 non

222 3900 337 3948 tantum
355 3889 535 3963 antiquiores,
557 3891 603 3963 qni
623 3889 792 3945 Gelasianum
814 3889 952 3946 decretum
973 3890 1187 3963 exscripserunt,
1209 3886 1356 3944 sedetiam
1377 3888 1497 3943 isidorus

222 3977 373 4034 mcor.
410 3973 449 4030 nb
465 3973 524 4046 ejus
540 3976 611 4030 enim
633 3974 762 4049 exemplis
780 3984 923 4049 utrumque
940 3973 1034 4029 abesse
1050 3974 1134 4037 solet;
1157 3976 1180 4029 si
1201 3990 1253 4047 qna
1274 3990 1337 4029 vero
1361 3972 1497 4029 otlendere

221 4070 282 4125 at,
303 4063 335 4118 m
355 4058 452 4134 quibus
473 4059 544 4136 baec
560 4060 614 4116 duo
630 4059 733 4131 adjecta
748 4069 826 4122 sunt,
848 4060 913 4116 lraec
927 4077 982 4116 non
998 4059 1107 4116 aliunde
1122 4060 1172 4114 nisi
1188 4075 1220 4114 ex
1237 4057 1394 4114 Hormisdae
1409 4075 1497 4114 exem·

221 4145 350 4224 pleribus
365 4146 482 4220 primum
497 4144 529 4200 ad
544 4147 693 4220 marginem
714 4162 744 4201 ac
765 4145 939 4219 postmodum
955 4147 982 4201 in
998 4146 1058 4220 ipso
1074 4152 1150 4200 textu
1162 4144 1287 4217 suppleta
1299 4160 1359 4199 esse
1371 4144 1497 4217 contigit.

221 4232 258 4290 ta
276 4249 311 4290 ea
335 4229 444 4306 quidem
466 4231 494 4286 in
516 4246 563 4286 ore
586 4238 690 4286 tantum
711 4230 810 4287 codicis
827 4231 1024 4305 Capucinorum
1038 4229 1279 4303 ilotomagensium
1300 4228 1447 4303 adscripta,
1471 4230 1498 4282 in

219 4327 335 4377 textum
349 4322 440 4372 autem
455 4313 604 4390 Remigiani
620 4315 747 4373 translata
764 4316 880 4372 otiando.
922 4314 1099 4371 coislinianus
1116 4331 1179 4370 vero
1195 4315 1311 4388 primum
1325 4316 1353 4369 ixx
1368 4316 1497 4388 margine,

217 4414 400 4483 postremum
419 4401 517 4475 inipso
540 4409 616 4458 textu
636 4400 753 4457 exbibet.
790 4401 900 4458 liemum
921 4400 1078 4457 ilincmarus
1101 4399 1254 4472 hujusmodi
1270 4398 1338 4455 libro
1360 4399 1498 4473 deceptus.

218 4501 379 4562 urumque
401 4502 452 4561 pro
462 4487 529 4560 ipsis
545 4486 643 4543 Gelasii
659 4485 746 4542 verbis
763 4486 889 4543 babuisse
904 4503 934 4542 se
949 4487 977 4542 in
993 4504 1087 4561 opusc.
1106 4485 1286 4560 capitulorum
1303 4485 1499 4558 quinquaginta

217 4570 441 4655 quinquenii
457 4573 516 4646 (Op.
534 4571 626 4629 torni
642 4590 705 4647 pag.
715 4571 788 4644 474)
803 4573 902 4628 indicat
917 4571 962 4627 ubi
977 4571 1085 4628 scribit:
1108 4573 1144 4628 B.
1163 4572 1295 4628 Galerius
1311 4573 1339 4625 in
1355 4573 1497 4642 catatoga,

215 4669 271 4741 qui
281 4662 361 4721 tart
375 4658 413 4716 ab
428 4658 565 4715 Ecclesia
587 4660 732 4716 eatbatica
753 4662 950 4731 recipiantur,
973 4660 1134 4731 descripto,
1158 4658 1331 4714 authenticis
1346 4657 1501 4726 scripturis

214 4751 425 4814 alliceretur,
444 4744 776 4817 Constantinopolitanae
788 4761 825 4800 ac
834 4746 1010 4817 Epinesinae,
1024 4745 1266 4801 Calchedonensis
1277 4757 1389 4814 quoquc
1400 4741 1502 4812 synodi

213 4846 244 4896 et
264 4838 342 4895 aliis
364 4833 498 4888 omeliis
517 4833 547 4887 in
567 4834 677 4887 sanctis
695 4831 829 4905 patribus
849 4834 986 4888 institutis
1069 4834 1189 4904 aliisque
1204 4829 1361 4900 sumpturis
1375 4828 1501 4882 discrete

248 4943 422 4989 trierem
436 4943 540 4984 ronan.
554 4944 666 4981 aonrir.
684 4930 707 4981 1.
1274 4928 1294 4985 4
