3450 5678
750 359 920 409 arrsroaa
946 351 974 408 a.
1436 351 1500 415 ‘235

262 517 374 584 cassavit.
419 514 490 580 Nec
518 536 585 580 non
616 514 714 580 ctiam
740 514 820 579 illud
849 515 1035 598 adnectere,
1059 516 1152 600 quod
1179 540 1277 601 quurn
1308 510 1528 585 'lirnotheus'a
1541 537 1598 586 aaa.

260 624 360 686 sauctm
382 618 553 701 memoriae
582 617 756 682 catholicus
784 619 975 703 fungeretur
1002 619 1163 702 extremis,
1198 619 1325 685 divinae
1352 621 1494 706 adspira-

259 722 371 807 tionisffl)
384 721 543 786 instinctu
557 724 627 785 tam
642 719 682 783 ad
698 719 766 803 ejus
782 720 943 805 pontificis
967 721 1112 786 consulta
1134 721 1313 786 rescribens
1335 745 1432 807 quam
1455 725 1494 788 ad

261 823 326 890 urbis
342 822 575 889 Alexandrinae
597 822 728 906 clerum,
752 823 839 887 omni
862 822 1064 909 providentia
1086 823 1288 895 mandaverit
1302 847 1494 910 praecaven-

261 928 328 1009 dun,
345 930 377 991 at
394 926 422 991 si
444 924 629 1011 praefatum
643 925 800 990 Dominus
822 926 1020 990 sacerdotem
1043 925 1230 992 deterrens
1252 929 1495 993 conversatione

261 1030 365 1094 irmaire
386 1028 544 1113 jussisset,
573 1049 642 1092 non·
667 1028 732 1092 nisi
758 1028 798 1092 de
826 1028 1054 1093 catholicorum
1087 1051 1217 1115 corpore
1240 1031 1437 1116 clericorum,
1462 1036 1495 1097 et

262 1131 302 1215 qui
321 1129 499 1196 orthodoxae
531 1130 606 1195 fidei
639 1129 828 1215 probaretur
855 1152 924 1195 esse
958 1132 1131 1216 discipulus
1167 1133 1377 1218 omnibusque
1411 1156 1494 1199 com·

263 1233 402 1298 manaret
422 1232 578 1318 ecclesiis,
602 1237 698 1317 atque
720 1254 739 1297 a
762 1232 928 1298 catholicis
950 1234 1117 1298 ordinatus
1139 1235 1322 1300 succederet
1343 1236 1495 1302 defuncto
1558 1238 1565 1245 '

263 1334 385 1419 pontici:
404 1336 559 1401 nimirum
580 1336 744 1420 sapienter
765 1335 947 1419 intendem,
972 1336 1113 1419 Petrum,
1137 1337 1190 1421 qui
1213 1340 1270 1401 aut
1292 1338 1424 1402 anullis
1440 1343 1496 1403 aut

265 1435 296 1499 ab
310 1435 456 1524 haereticis
477 1438 553 1503 falsi
574 1438 716 1503 nominis
737 1436 824 1502 hunc
843 1437 997 1503 honorem
1009 1439 1188 1522 jactaretur
1202 1439 1363 1524 indeptus,
1389 1441 1495 1505 catho-

265 1539 325 1604 licae
338 1541 493 1625 acclesiae,
517 1541 608 1625 cujus
630 1541 800 1605 temeraria
822 1541 929 1606 fuerat
950 1543 1208 1626 praesumptione
1230 1542 1390 1626 depulsus,
1413 1565 1495 1608 nun·

266 1662 335 1725 quan
350 1666 433 1728 possa
452 1644 584 1730 penitus
605 1643 798 1728 praesidere.
1300 1653 1319 1687 ‘

277 1768 283 1795 ¹
328 1746 351 1811 5.
376 1745 463 1812 liaeo
485 1750 519 1811 et
539 1745 731 1830 hujusmodi,
756 1767 837 1829 quae
859 1750 954 1832 gesta
975 1751 1052 1810 sunt
1074 1751 1107 1811 et
1128 1747 1309 1811 dilectionis
1331 1752 1495 1814 111111111-

268 1845 395 1914 scientiam
418 1870 485 1914 non
512 1847 720 1935 laetanea),
751 1853 946 1913 convenerat
967 1850 1093 1933 saepius
1120 1851 1295 1934 impertiri:
1323 1852 1495 1936 praecipue

269 1950 376 2030 quanin
387 1951 436 2017 his
451 1950 727 2018 christianissimo
743 1951 882 2035 principi
896 1950 1148 2036 promulgandis,
1173 1952 1300 2036 quando
1316 1953 1355 2016 ad
1371 1953 1495 2038 regiam

269 2052 496 2133 1111111111
513 2055 688 2119 comitante
702 2053 865 2137 remeavit,
882 2075 1012 2138 operam
1026 2057 1115 2117 tuam
1130 2054 1235 2142 missis
1250 2053 1314 2119 huo
1329 2055 1447 2120 litteris
1456 2056 1495 2141 ¹⁸)

270 2157 448 2239 umhcueris
469 2156 675 2221 vehementer
696 2156 886 2240 impensam,
910 2156 1065 2242 eisque¹⁹)
1088 2155 1189 2241 digna
1212 2157 1369 2221 catholico
1390 2159 1495 2241 ponti-

271 2251 316 2317 aa
332 2278 392 2324 roca
418 2258 620 2345 gloriareris,
654 2280 764 2323 omnes
795 2260 849 2343 qui
884 2262 996 2324 contra
1027 2259 1123 2324 fidem
1149 2263 1290 2324 vestram
1320 2264 1496 2345 contraque

272 2352 518 2427 lldchadonensem
539 2361 696 2446 synodum
718 2364 751 2425 et
773 2365 886 2425 contra
907 2360 1180 2445 praedicationem
1202 2362 1496 2446 sedisapostolicae

271 2459 573 2546 incantaverant,
599 2464 699 2528 fuisse
721 2467 909 2548 prostratos.
955 2463 1023 2538 Quo
1051 2464 1155 2548 magis
1178 2467 1212 2528 te
1234 2486 1292 2548 pro
1313 2468 1370 2529 tua
1393 2463 1496 2529 salute

272 2559 476 2643 etprafeasione
497 2566 675 2630 ferventius
699 2565 783 2651 apud
806 2566 995 2629 clementiae
1018 2567 1087 2650 ejus
1109 2587 1201 2629 aures
1216 2570 1402 2651 oportuerat
1416 2569 1496 2632 talia

272 2657 460 2733 uacabflicer
480 2667 623 2753 allegare
646 2690 684 2732 ac
705 2690 902 2753 magnopere
924 2667 1099 2752 deprecari,
1122 2690 1184 2752 quo
1200 2690 1261 2733 nec
1275 2691 1376 2750 suana,
1400 2692 1495 2753 (luam

272 2762 390 2834 callaica
406 2775 513 2835 mente
536 2769 834 2856 deprompseram),
858 2770 1008 2835 temerari
1030 2771 1191 2834 ullatenus
1213 2774 1377 2854 pateretur
1393 2773 1495 2854 cujus-

269 2862 330 2929 libet
343 2872 531 2959 subreptione
554 2873 759 2956 sententiam,
783 2895 842 2937 nec
865 2875 1016 2937 aclversus
1039 2873 1228 2937 maiversalis
1243 2873 1408 2937 Ecclesiae
1423 2895 1495 2938 san·

269 2967 373 3038 ὤοιιθω
394 2976 483 3062 *per
510 2975 744 3040 haereticorum
765 2976 882 3059 furias,
906 2998 985 3060 quas
1008 2975 1076 3039 Deo
1099 2974 1278 3059 inspirante
1301 2952 1626 3073 pietaaej11s¹·,ffi¹,¹,f¹¹

266 3066 372 3157 eliserat,
396 3078 515 3143 sineret
543 3078 647 3142 denuo
669 3077 892 3163 pullulare²¹)3
924 3078 998 3161 quia
1020 3075 1280 3140 manifestissime
1303 3076 1494 3160 pervideres,

267 3220 529 3237 .-—.,-—-—---

319 3312 341 3378 ¹¹)
355 3314 391 3370 aa
404 3315 491 3371 nostri
509 3333 586 3380 msa,
605 3316 705 3383 quibus
722 3316 826 3386 partim
844 3318 920 3370 favet
936 3315 1005 3368 illud
1024 3313 1128 3369 (lelasii
1147 3313 1227 3384 epist.
1244 3323 1255 3367 l
1270 3333 1296 3367 n.
1313 3321 1342 3368 14
1361 3316 1495 3384 (Petrum)

255 3398 287 3451 tt
299 3399 412 3456 larem
426 3407 519 3470 salsura
536 3421 624 3457 nomer
640 3407 785 3457 sacerdotis
803 3407 939 3470 indeptum.
974 3399 1050 3452 Editi
1068 3405 1244 3468 inspirationis
1315 3406 1443 3454 mandavit

251 3487 388 3540 merdam
402 3492 515 3542 traam
526 3491 638 3554 jusserit
698 3491 774 3553 hujus
791 3492 886 3542 tortore
899 3492 1049 3553 jactaretur
1061 3505 1140 3554 saper
1155 3485 1316 3554 petram'(ad
1328 3502 1416 3552 marg.
1431 3491 1497 3539 uada

252 3572 495 3636 fantasticam.
514 3552 673 3642 equdeJm
693 3577 839 3626 temeraria.
875 3573 980 3625 Ansam
1002 3570 1066 3624 huic
1088 3569 1176 3625 errori
1198 3570 1389 3639 praebuerunt
1410 3570 1444 3623 F²
1460 3571 1498 3624 H⁸

245 3660 307 3709 trac
324 3658 429 3711 harem
445 3662 597 3725 jactaretur
619 3663 678 3712 inde
699 3669 789 3726 petrus
811 3661 959 3712 camelinae.
981 3687 1012 3696 -
1029 3656 1090 3710 Hoc
1107 3655 1225 3710 Zenonis
1243 3655 1410 3724 rescriptum
1428 3656 1497 3710 Eva-

242 3739 354 3811 griutla
371 3757 392 3796 e.
410 3741 461 3807 III,
481 3748 512 3796 12
530 3744 611 3797 notat
628 3742 671 3796 his
688 3742 794 3797 verbis:
817 3746 965 3811 Imperator
987 3749 1041 3810 lege
1061 3747 1116 3795 lata
1138 3746 1239 3803 sarad,
1263 3753 1289 3795 ut
1309 3752 1373 3809 port
1394 3753 1497 3795 mortem

242 3829 392 3883 limitetis
407 3840 476 3882 earet
492 3833 640 3897 episcopua,
664 3849 734 3897 quem
752 3835 835 3883 clerus
854 3839 879 3882 et
894 3833 1004 3895 papatus
1021 3831 1154 3895 suffragiis
1170 3832 1223 3879 cais
1240 3832 1381 3896 elegissent.
1418 3824 1497 3891 Quod

235 3912 281 3968 illa
298 3911 387 3981 paucis
403 3911 582 3982 perstringit,
599 3912 646 3967 hic
663 3912 740 3967 Felix
757 3912 913 3967 accuratius
932 3911 1060 3982 explicat.

302 4016 330 4083 ¹⁷)
347 4013 420 4069 Editi
437 4021 530 4078 lateat,
549 4030 668 4084 moxque
686 4033 750 4069 mss.
769 4021 872 4084 saepias
890 4019 1021 4083 imperari.

299 4119 329 4186 ¹⁸)
346 4116 438 4172 Etiam
459 4117 513 4185 hae
531 4116 625 4171 Aeacii
648 4117 685 4172 ad
708 4116 880 4187 Simplicium
903 4116 1015 4170 litterae
1033 4132 1088 4169 non
1107 4094 1219 4169 exstant
1238 4115 1282 4182 (cf.
1303 4117 1360 4171 not.
1380 4134 1423 4186 ep.
1443 4133 1498 4169 non

223 4204 298 4261 exat
311 4200 407 4273 Simpl.
420 4221 445 4256 n.
458 4201 516 4271 VI).
544 4202 601 4256 Lex
614 4208 716 4268 autem,
735 4202 812 4272 cujus
830 4218 894 4255 mox
912 4200 1016 4255 mentio
1035 4200 1077 4266 fit,
1097 4200 1140 4253 est
1157 4199 1174 4254 l.
1196 4206 1227 4253 16
1246 4199 1312 4256 Cod.
1331 4201 1403 4255 Just.
1422 4201 1446 4266 l,
1467 4206 1497 4253 12

220 4296 299 4357 „dat
319 4290 399 4342 XVI.
435 4292 498 4346 Ia'al.
516 4291 575 4341 Jaa.
594 4292 702 4342 Armate
720 4309 743 4342 a.
757 4308 779 4342 1.
792 4296 846 4341 ca.“
865 4288 899 4353 (a.
915 4285 943 4340 C.
957 4288 1027 4345 476).

294 4393 326 4462 ¹⁹)
346 4390 390 4444 Ita
406 4389 440 4444 El
452 4390 486 4444 E‘
497 4389 544 4456 Fi,
563 4388 616 4443 nisi
634 4389 709 4457 quod
727 4395 796 4460 quod
811 4394 898 4459 magis.
933 4387 971 4441 Η8
988 4387 1007 4441 b
1026 4394 1161 4457 imperaram
1179 4407 1235 4443 esre
1253 4395 1355 4457 dignam
1372 4408 1394 4444 1.
1412 4392 1496 4456 ponti·

212 4491 282 4552 fim
298 4482 455 4548 plorimeria
529 4487 620 4530 contra
642 4481 726 4529 aedera
749 4485 861 4530 nostram
885 4473 931 4540 (aad
952 4490 1040 4542 marg.
1054 4475 1209 4552 ‘cestram).„
1225 4472 1318 4528 Etiam
1341 4472 1374 4526 F²
1393 4469 1498 4526 omittit

214 4585 282 4623 mee
301 4565 333 4617 et
350 4560 447 4615 scribit
462 4566 548 4616 aedera
565 4572 681 4615 cestram.

289 4668 325 4733 ¹⁶)
346 4663 381 4720 E²
398 4669 597 4733 11111οωί11111,
615 4679 735 4731 moxque
752 4662 821 4745 aditi
838 4667 930 4717 violari
947 4662 1018 4729 (loco
1035 4663 1174 4729 temerari).
1202 4660 1289 4715 Paulo
1302 4661 1368 4714 ants
1380 4661 1497 4727 131111-

212 4762 301 4811 adue
319 4749 486 4804 mutandum
504 4748 604 4815 suasit,
622 4749 745 4803 referens
763 4748 798 4802 ad
818 4765 893 4816 sequ.
914 4768 985 4817 qaam
998 4752 1198 4815 manifestissime
1209 4751 1367 4815 pervideres.
1394 4744 1498 4810 Lectio,

212 4854 308 4911 quam
327 4833 481 4889 secundum
500 4833 609 4889 codices
628 4835 739 4905 nostros
756 4833 938 4903 praebemus,
955 4851 1006 4902 per
1024 4850 1053 4887 11
1071 4831 1182 4901 integra
1200 4833 1250 4887 cst.

287 4941 325 5007 aa,
345 4937 391 4993 113
407 4936 440 4991 Ea
451 4937 494 4992 ssa·
525 4936 672 4993 mitorum
688 4935 771 4990 lectio
789 4934 1018 4992 iutrincatisaima
1036 4935 1135 5007 vixque
1146 4935 1211 5006 puri
1224 4950 1319 4989 sensus
1331 4953 1405 5006 qaam
1416 4955 1446 4990 m.
1457 4955 1498 5003 p.;
