3412 5664
560 331 756 383 arrsroasa
780 321 830 379 15.
856 322 905 378 111.
1298 319 1360 383 729

174 486 205 551 2.
243 486 358 571 Igitur,
382 486 645 570 quemadmodum
668 508 766 570 supra
787 485 936 569 diximus,
959 486 1184 571 persingulas
1207 488 1394 553 ecelesiasa.
1407 504 1463 553 511.

86 589 247 655 beneficia
275 610 356 672 quae
383 592 458 652 sunt
485 589 538 652 diu
568 589 727 653 custodita
753 590 930 652 serventur.
982 588 1026 652 Elt
1054 590 1081 652 si
1110 592 1177 653 tam
1204 591 1358 655 ecclesiae

86 691 251 776 Aquensis
279 691 413 755 antistes
439 691 489 755 vel
517 691 600 756 alius
624 691 774 776 quilibet,
812 689 1059 774 metropolitano
1093 692 1238 776 pontifici
1263 693 1358 775 juxta

87 815 250 859 canonum
273 792 491 857 definitionem
513 795 643 857 vocatus
666 793 886 876 obtemperare
901 793 1051 876 noluerit,
1075 794 1201 859 noverit
1222 796 1358 859 subden-

86 896 166 961 dum
186 916 238 978 se,
271 895 355 979 quod
375 916 442 960 non
465 898 629 981 optamus,
668 895 903 959 ecclesiasticae
926 895 1124 979 disciplinae.
1169 895 1213 959 Et
1233 896 1269 960 in
1297 897 1357 961 hac

86 1001 183 1083 parte
204 1019 400 1083 magnopere
422 1000 455 1062 te
477 998 621 1062 volumus
643 1019 712 1062 esse
734 995 906 1061 sollicitum
913 1046 923 1080 ,
954 1001 992 1062 ut
1012 997 1040 1061 si
1049 999 1074 1079 3)
1098 998 1168 1081 quis
1197 998 1236 1061 de
1259 998 1357 1063 Galli·

10 1172 13 1181 ,
87 1122 173 1165 carra
195 1100 246 1164 vel
267 1098 415 1183 Hispana
437 1100 621 1185 regionibus
645 1098 853 1163 ecclesiastici
875 1099 996 1162 ordinis
1019 1102 1114 1183 atque
1129 1099 1227 1164 efficii
1243 1100 1284 1163 ad
1299 1124 1357 1164 nos

87 1202 201 1267 venire
223 1201 403 1286 compulsus
425 1202 533 1284 fuerit,
564 1224 637 1266 cunr
658 1200 874 1265 fraternitatis
895 1203 969 1264 tuae
992 1201 1109 1265 notitia
1130 1202 1193 1266 iter
1214 1205 1356 1287 peregri-

85 1303 232 1369 nationis
254 1303 403 1388 arripiat:
434 1307 471 1368 ut
492 1326 553 1368 nec
575 1303 677 1367 honor
699 1303 767 1387 ejus
789 1324 846 1387 per
872 1302 1092 1387 ignorantiam
1121 1303 1260 1389 aliquam
1284 1328 1356 1370 eon-

85 1404 254 1471 tumeliam
275 1404 432 1489 patiatur,
463 1407 496 1469 et
517 1406 728 1489 ambiguitate
750 1404 882 1490 depulsa
904 1427 923 1468 a
945 1405 1037 1469 nobis
1061 1407 1167 1469 animo
1189 1428 1299 1470 securo
1322 1409 1354 1471 in

85 1506 322 1573 communionis
344 1508 483 1592 gratiam
506 1508 608 1592 possit
630 1508 766 1571 admitti.
805 1505 893 1571 Deus
915 1511 948 1571 te
970 1507 1162 1572 incolumem
1185 1509 1354 1592 custodiat,

83 1611 192 1676 frater
208 1609 386 1675 carissime!
424 1607 510 1674 Data
532 1610 581 1673 ΠΙ
603 1610 678 1674 Idus
700 1609 832 1694 Junias,
856 1608 1001 1695 Flavio)
1024 1609 1179 1674 Senatore
1201 1611 1270 1675 viro
1293 1610 1354 1675 ela-

83 1711 216 1777 rissimo
238 1710 378 1776 consule.

172 1814 205 1879 3.
241 1817 421 1896 Exemplum
441 1818 542 1880 libelli
561 1818 594 1880 P.
637 1812 801 1889 Quantum
822 1813 857 1877 in
879 1814 1027 1878 omnibus
1048 1815 1253 1879 ecclesiamm
1276 1837 1356 1900 pon-

81 1916 245 1999 tificibus,
275 1937 356 2000 qnae
377 1917 412 1980 in
434 1919 502 1981 toto
528 1917 604 1981 orbe
626 1916 759 1980 diffusae
781 1918 872 2000 sunt,
907 1915 1082 2000 apostoliea
1110 1916 1199 1981 sedes
1228 1917 1357 1982 sibimet

81 2018 233 2083 vindicat
253 2018 486 2103 principatum,
518 2022 551 2083 et
572 2017 777 2102 synodalibus
800 2019 935 2082 decretis
957 2018 1079 2082 firmior
1100 2020 1169 2101 ejus
1191 2020 1357 2103 praecellit

79 2119 274 2204 aucteritas,
297 2123 425 2185 tanturn
447 2122 617 2205 potestatis
639 2141 715 2184 suae
736 2120 918 2205 provisione
941 2120 1058 2184 diadum
1081 2142 1184 2185 asese
1207 2143 1357 2185 concessa

79 2222 242 2308 debentl)
262 2222 454 2288 inconcussa
475 2223 605 2287 servari.
651 2221 815 2297 Quatenus
837 2222 1037 2286 Arelatensis
1069 2222 1204 2287 eeclesia
1231 2223 1358 2288 fruatur

78 2323 265 2411 privilegiis
292 2326 373 2407 suis,
412 2348 493 2409 quae
521 2347 607 2388 nune
635 2346 692 2408 per
720 2325 900 2389 antistitem
927 2324 1112 2390 Caesarium
1138 2325 1253 2389 seriem
1280 2348 1357 2391 suae

78 2426 256 2513 petitionis
277 2426 438 2510 insinuat,
462 2431 495 2492 et
517 2450 612 2512 quam
633 2427 790 2491 hactenus
812 2426 925 2491 habuit
942 2430 1152 2511 potestatem,
1176 2429 1282 2491 vestra
1304 2420 1356 2492 de-

76 2528 194 2615 poscit
215 2514 405 2593 auctoritate
427 2529 565 2614 minaris
585 2533 621 2594 ut
642 2530 724 2614 quod
739 2530 922 2593 veneranda
941 2529 1030 2594 sedes
1046 2529 1206 2614 quondain
1221 2531 1355 2613 peremti

76 2629 257 2696 sanctione
279 2631 432 2696 custodiri
453 2632 628 2717 praecepit,
653 2634 685 2695 et
707 2631 916 2715 pragmaticis
931 2631 1114 2716 specialiter
1129 2631 1257 2695 decreta
1279 2636 1356 2696 sunt

75 2732 284 2816 constitutis,
305 2733 515 2799 beatitudinis
537 2737 662 2798 vestrae
684 2733 864 2818 praeceptis
886 2733 952 2797 suis
974 2734 1174 2797 etiamnunc
1190 2734 1357 2799 confirmet

74 2834 274 2901 auctoritas.
325 2836 483 2921 Aquensis
511 2836 609 2900 etiam
638 2835 779 2899 civitatis
808 2835 991 2920 episcopum
1020 2835 1203 2899 sanctitatis
1234 2840 1356 2901 vestrae

72 2937 212 3005 moneri
232 2937 409 3023 praecipite
432 2938 626 3020 coristitutis,
650 2941 686 3001 ut
708 2937 783 3000 dum
799 2960 818 3000 a
833 2937 1080 3021 metropolitano
1095 2937 1241 3002 antistite
1256 2937 1355 3002 eecle-

72 3042 155 3107 siae
177 3038 377 3105 Arelatensis
404 3040 444 3104 ad
472 3040 624 3125 synodale
654 3039 823 3104 concilium
850 3039 947 3103 fuerit
976 3042 1140 3122 evocatuS,
1170 3041 1219 3104 vel
1248 3041 1356 3126 aliqua

71 3142 300 3211 ordinationis
323 3164 419 3207 eausa
441 3164 513 3207 eum
535 3142 597 3206 sibi
618 3142 759 3226 postulet
781 3142 895 3225 religio
918 3142 1026 3205 divina
1048 3142 1274 3225 necessarium,
1298 3143 1356 3206 mi-

71 3246 175 3313 nime
196 3244 306 3309 venire
327 3244 515 3309 frustretur:
543 3247 700 3329 quatenus
723 3266 864 3328 eaquae
891 3243 1057 3328 longaevis
1080 3243 1215 3307 saeculis
1236 3244 1355 3328 prisco

71 3370 158 3415 rum
181 3345 290 3410 sanxit
310 3347 495 3430 auctoritas,
526 3347 615 3412 vobis
638 3346 837 3431 praesulibus
860 3346 1022 3430 praesenti
1045 3345 1234 3430 futuraeque
1256 3346 1355 3411 aetati

71 3448 244 3517 inviolata
255 3451 432 3513 serventur.
456 3448 542 3514 Data
552 3449 614 3535 pfl)
630 3448 817 3534 abAegidio
832 3448 949 3512 abbate
965 3452 997 3511 et
1008 3447 1169 3512 Messiano
1185 3449 1354 3530 not-arici).

154 3617 262 3688 acad.
280 3618 349 3687 Reg.
368 3624 393 3672 ri
409 3639 479 3688 quem
554 3626 716 3688 compulerit,
743 3618 855 3685 vitiose,
878 3618 931 3672 nisi
949 3617 1111 3687 suppleatur
1129 3624 1282 3681 necessitas,
1307 3620 1357 3673 ant

71 3704 155 3777 quid
172 3702 262 3757 simile
279 3705 346 3772 (οῖ’).
382 3703 490 3757 Ibidem
508 3703 608 3758 deinde
627 3705 656 3758 et
672 3721 757 3773 supra
774 3704 837 3758 Bar.
858 3702 976 3758 removit
994 3710 1033 3755 eet
1046 3707 1171 3769 Hispana,
1190 3702 1355 3771 refraganti·

71 3794 140 3847 bns
157 3806 224 3843 mss.
253 3788 334 3843 Hune
350 3788 442 3857 ipsum
454 3788 612 3858 Symmachi
630 3789 722 3843 locum
733 3806 889 3843 memorare
907 3788 1016 3841 videtur
1028 3786 1147 3855 Vigilius
1166 3787 1273 3857 epistt
1291 3808 1318 3842 n.
1330 3796 1353 3842 ⁸2.

69 3878 151 3933 Jam
168 3876 254 3929 autea
266 3872 390 3927 Zosimus
407 3872 488 3943 epist.
505 3881 517 3927 l
536 3893 563 3927 1.
579 3883 589 3927 1
610 3875 801 3945 praeceperat
820 3874 888 3927 nulli
906 3871 1085 3929 ecclesiastici
1103 3871 1208 3926 ordinis
1226 3873 1284 3928 sine
1302 3876 1355 3929 for·

71 3960 165 4017 mata
182 3958 318 4029 praesulis
336 3958 505 4012 Arelatensis
523 3959 697 4029 peregrinari
715 3976 856 4027 quoquam
874 3958 966 4012 licere.

154 4046 178 4112 ⁴)
195 4042 215 4097 b
232 4042 321 4119 omitt.
342 4047 441 4104 Flauio,
469 4060 541 4110 quae
563 4044 672 4099 duabus
696 4043 795 4097 litteris
813 4048 851 4097 Fe.
875 4044 904 4096 in
926 4060 987 4096 mss.
1013 4041 1183 4112 expriuritur.
1221 4047 1357 4099 senatore

72 4130 130 4201 (11³
141 4128 177 4183 L⁴
195 4130 334 4197 denotare)
352 4131 447 4183 autem
464 4128 575 4183 nonime
593 4129 756 4197 designatur
774 4128 960 4182 Cassiodorus.

155 4218 179 4281 δ)
195 4212 343 4268 1111111.
381 4219 408 4267 οῖ’
418 4229 476 4283 seq.
495 4218 571 4268 debet
587 4234 699 4269 seruere,

154 4296 323 4367 ‘)bc⁵scq.
345 4303 414 4351 Data
431 4302 463 4351 ab
476 4304 598 4367 Aeptdie,
622 4299 723 4353 omissa
741 4299 838 4353 notula
854 4319 885 4366 p,
909 4314 964 4365 qua
985 4304 1076 4365 petitur
1098 4300 1196 4353 nestra
1218 4300 1357 4354 sententia
1443 4282 1451 4299 ⁸

72 4382 259 4452 designatur.
295 4382 376 4438 Certe
399 4400 496 4439 vocem
518 4384 608 4453 ipsam
631 4402 716 4453 supra
737 4392 793 4442 111
815 4400 974 4453 expressam
996 4383 1130 4437 habemus
1153 4383 1182 4436 in
1204 4383 1277 4437 lrmrc
1299 4400 1356 4437 rno-

73 4470 167 4525 dum:
193 4473 352 4523 Arelatensis
375 4474 482 4523 eeclesia
556 4476 647 4524 seriem
670 4490 732 4524 ritae
750 4475 883 4538 petitionis
906 4475 1024 4522 treatment.
1066 4468 1091 4521 ls
1109 4468 1243 4537 aegidius
1265 4470 1356 4523 abbas

74 4554 172 4613 fuisse
188 4552 311 4617 videtur,
340 4552 419 4622 cujus
442 4554 577 4609 festivitas
594 4554 727 4609 Kalendis
750 4554 921 4625 Septembris
943 4552 1045 4621 agitur.
1082 4552 1141 4607 Nee.
1159 4553 1244 4607 alium
1262 4553 1356 4623 opine·

76 4656 150 4695 mur
167 4637 229 4706 ejus
250 4639 356 4693 socium
379 4641 472 4707 (quem
488 4640 523 4694 L³
541 4643 724 4701 Omissionoro,
747 4641 780 4694 L¹
799 4643 978 4695 Orniasienario
1000 4637 1171 4707 exprimunt,
1194 4638 1355 4693 omittentes

77 4726 210 4790 notario).
228 4722 281 4776 nisi
298 4728 454 4779 dierstenses
471 4724 549 4779 illurn
566 4726 776 4796 presbyterum,
799 4726 847 4793 qui
865 4742 921 4779 una
938 4742 1001 4779 cum
1018 4722 1161 4793 Stephano
1180 4723 1297 4778 simeone
1315 4741 1356 4779 se-

76 4808 210 4867 cundum
226 4807 301 4864 vitae
318 4826 340 4863 s.
357 4806 478 4865 Caesarii
496 4810 599 4864 librum
618 4810 812 4881 conscripsisse
830 4810 939 4865 dieitur.

154 4896 177 4960 7)
193 4891 239 4947 Ad
255 4893 360 4949 calcem
377 4894 459 4963 hujus
475 4894 562 4951 libelli
581 4894 642 4950 eod.
660 4896 729 4965 lteg.
748 4896 847 4973 litabat:
866 4901 1034 4951 Dilectissimo
1050 4900 1134 4963 fratri
1147 4899 1269 4951 (berario
1282 4898 1353 4950 Ilor-
