3412 5664
259 334 322 400 524
736 348 763 396 s.
782 346 923 396 canaan
945 344 1059 395 esraa

260 506 315 572 sed
343 505 402 569 hoc
430 514 561 589 propter
590 502 724 566 crimina
752 500 903 565 derelicto
910 551 919 583 ,
954 499 1160 565 Antiochiam
1187 500 1329 587 fugisse3
1366 501 1417 566 ibi
1447 501 1542 586 pulso

260 608 416 691 Martyrio
445 605 602 676 catholico
629 604 778 689 episcopo
809 625 867 688 per
894 601 1079 666 vilissimum
1108 602 1261 688 populum
1290 606 1326 668 et
1352 602 1541 669 haereticos

261 711 368 775 sedem
390 708 490 792 ipsius
513 727 700 791 occupasse,
733 705 946 788 continuoque
969 705 1156 769 damnatum
1182 704 1223 769 ab
1251 704 1419 791 episcopis
1443 710 1543 792 atque

262 837 279 876 a
302 813 407 876 Leone
429 811 622 892 imperatore
645 807 763 872 Oasam
785 807 1002 892 deportatum:
1029 807 1083 891 qui
1105 806 1234 892 fugiens
1255 807 1395 873 rediisse
1420 807 1544 873 dieitur

261 911 574 995 Constantinopolim
607 912 640 973 et
671 910 795 974 dedisse
827 909 938 992 fidem,
976 913 1013 974 ut
1051 907 1221 993 compulsis
1258 908 1402 974 ulterius
1437 910 1544 975 turbis

261 1015 342 1081 nihil
364 1015 471 1078 facere
494 1002 634 1076 auderet.
680 1011 752 1094 Sed,
777 1011 859 1075 sicut
881 1011 1026 1095 superius
1048 1010 1169 1075 dietum
1191 1013 1250 1089 est,
1279 1009 1441 1076 Basilisci
1463 1016 1544 1077 tem·

260 1118 390 1204 poribus
413 1138 432 1179 a
454 1115 621 1179 Timotheo
643 1113 699 1178 illo
721 1114 883 1194 damnato,
906 1113 961 1197 qui
984 1111 1299 1199 Constantinopolim
1322 1117 1481 1198 venerat,
1504 1114 1544 1179 ad

261 1218 469 1285 Antiochiam
491 1217 642 1281 remissus
665 1221 723 1298 est,
751 1220 787 1280 ut
809 1215 926 1280 iterum
947 1214 1013 1280 illic
1037 1214 1255 1300 episcopatum
1276 1218 1427 1281 teneret.
1475 1215 1547 1294 Quo

259 1323 346 1387 facto
373 1321 459 1384 idem
486 1320 555 1403 ip'se
578 1319 692 1383 Petrus
719 1318 919 1400 Johannem,
948 1317 987 1381 de
1016 1339 1079 1402 quo
1106 1318 1243 1382 diximus
1265 1318 1438 1384 Acacium
1460 1324 1547 1386 reto·

261 1425 352 1505 lisse,
383 1422 512 1486 ordinat
534 1422 710 1506 Apamenis
740 1421 934 1506 episcopum.
980 1422 1006 1484 A
1032 1420 1146 1505 quibus
1174 1442 1240 1485 non
1268 1424 1432 1507 receptus
1461 1423 1547 1489 redit

261 1525 484 1606 Antiochiam,
518 1526 550 1587 et
572 1522 704 1587 Petrum
733 1524 935 1607 episcopatus
963 1523 1010 1587 sui
1040 1522 1133 1608 pellit
1159 1526 1325 1587 auctorem
1355 1527 1395 1589 et
1418 1523 1550 1591 invadit

261 1631 330 1713 ejus
354 1627 532 1692 eeclesiam.
577 1625 662 1701 Quos
686 1625 779 1690 simul
802 1625 971 1689 damnatos
997 1625 1115 1690 iterum
1137 1624 1216 1690 dicit
1237 1625 1400 1710 Aeacius,
1431 1630 1550 1712 petens

262 1716 470 1816 apostolicam
501 1728 622 1811 sedem,
658 1732 694 1792 ut
721 1729 748 1792 si
776 1727 816 1791 ad
844 1727 988 1792 eamdem
1015 1727 1099 1792 forte
1127 1726 1363 1812 confugerent,
1402 1750 1451 1793 ns
1480 1729 1552 1814 ipso

260 1834 389 1919 quidem
410 1831 606 1895 haberentur
628 1831 717 1915 digni
741 1829 904 1915 adspectu,
939 1833 972 1894 et
993 1831 1021 1893 si
1038 1830 1108 1914 jam
1131 1829 1271 1914 aliquam
1294 1830 1551 1918 indulgentiam

262 1935 397 2000 forsitan
419 1934 663 2017 impetrassent,
688 1933 812 1997 irritam
835 1953 903 1997 esse
925 1933 1056 2010 debere,
1083 1954 1144 1997 uec
1166 1953 1273 1997 eorum
1299 1933 1551 2018 poenitentiam

261 2035 479 2121 recipiendam
502 2057 579 2099 esse,
614 2033 697 2110 Quid
718 2034 844 2099 multa?
876 2034 973 2098 Hunc
994 2034 1100 2119 ipsum
1121 2033 1319 2118 Johannem,
1343 2056 1453 2121 quem
1469 2038 1550 2103 Aea·

163 2148 166 2153 '
263 2139 329 2204 cius
353 2159 424 2202 cum
445 2136 542 2202 Petro
564 2137 773 2201 damnaverat
796 2140 828 2201 et
850 2137 920 2201 sine
942 2136 1161 2221 poenitentiae
1183 2135 1329 2201 remedio
1351 2137 1490 2203 fecerat
1511 2138 1552 2203 ab

263 2239 439 2326 apostolica
470 2239 544 2303 sede
572 2240 732 2322 damnari,
765 2243 838 2323 post
866 2242 916 2303 tot
937 2239 1160 2305 damnationes
1181 2238 1363 2323 Tyriorum
1383 2240 1482 2307 misit
1502 2262 1550 2306 ec·

264 2342 379 2408 clesiae
402 2341 593 2425 praesidere,

347 2446 377 2510 8.
420 2443 505 2508 Nam
534 2444 617 2528 quod
644 2443 723 2508 dicit
751 2444 888 2508 Aeacius
916 2443 1048 2509 Petrum
1074 2444 1166 2509 illum
1194 2442 1470 2511 Alexandrinum
1497 2444 1548 2512 ob

262 2549 330 2612 lata
363 2546 520 2630 petitione
549 2545 786 2630 Eutychiannm
817 2545 974 2611 haeresim
1008 2546 1058 2611 vel
1091 2544 1322 2611 Nestorianam
1359 2546 1547 2631 damnasse,

263 2649 323 2714 hoc
351 2649 515 2714 evidenter
542 2648 696 2731 probatur
724 2670 792 2713 esse
819 2648 1039 2713 falsissimum,
1090 2647 1174 2713 Nam
1206 2669 1291 2733 quae
1321 2672 1431 2717 eausa
1459 2650 1547 2735 feeit,

230 2744 234 2751 ’
263 2754 299 2816 ut
325 2752 360 2816 in
388 2749 574 2834 episcopatu
602 2772 658 2814 suo
686 2750 807 2834 syuodo
830 2750 1082 2816 Calchedonensi
1117 2749 1167 2815 vel
1193 2753 1282 2814 tomo
1312 2756 1459 2819 sanetae
1485 2774 1548 2819 me·

262 2853 382 2918 moriae
405 2874 507 2936 papae
529 2851 645 2916 Leonis
668 2853 789 2917 diceret
811 2852 1006 2917 anathema?
1049 2852 1136 2928 Quae
1160 2874 1254 2917 causa
1278 2854 1383 2939 fecit,
1416 2860 1456 2922 ut
1476 2854 1548 2922 sub

263 2955 328 3020 lato
356 2955 485 3019 nomine
514 2953 650 3018 Proten'i
679 2955 728 3018 vel
756 2953 916 3019 Timothei
950 2953 1098 3019 catholici
1131 2954 1279 3020 Dioscuri
1314 2960 1352 3021 ot
1382 2956 1547 3025 Timothei

262 3057 416 3123 haeretici
438 3052 556 3121 nomen
578 3056 796 3121 adscriberet?
839 3055 927 3132 Quae
951 3078 1045 3121 causa
1067 3057 1159 3139 fecit,
1192 3057 1220 3121 si
1248 3058 1443 3126 catholicus
1465 3064 1547 3145 erat,

262 3164 299 3226 ut
320 3158 480 3224 Timothei
504 3158 653 3223 catholici
676 3181 789 3244 corpus
812 3158 910 3223 desub
931 3163 1019 3224 terra
1040 3159 1177 3243 levaret,
1211 3159 1267 3244 qui
1301 3160 1399 3227 inter
1427 3164 1547 3250 spisso

263 3285 321 3348 poa
350 3261 524 3328 catholicos
553 3260 696 3346 sepultus
723 3261 847 3344 fuerat,
876 3263 909 3325 et
935 3261 1107 3346 projiceret
1134 3261 1245 3327 foras?
1290 3262 1374 3348 Ipse
1403 3288 1473 3337 nou
1501 3270 1549 3333 est

263 3364 388 3447 Petrus,
412 3365 466 3450 qui
482 3365 634 3428 damnato
649 3363 817 3429 Timotheo
840 3362 1001 3428 haeretico
1024 3386 1150 3449 semper
1172 3364 1348 3430 adhaesit?
1381 3366 1548 3445 Quomodo

263 3471 374 3550 postea
397 3467 534 3531 Aeacius
557 3466 646 3530 miris
669 3488 741 3530 eum
763 3465 911 3530 laudibus
933 3467 1151 3551 prosequitur,
1183 3466 1222 3531 de
1249 3489 1316 3552 quo
1348 3474 1435 3537 aute
1455 3474 1547 3537 nna

264 3592 298 3632 se
321 3569 456 3634 crimina
478 3569 669 3633 meminerat
691 3566 861 3631 retulisse?

760 3739 969 3823 tractatus
995 3739 1041 3823 Π.

493 3902 543 3960 De
564 3903 782 3959 damnatione
804 3901 981 3959 nom1num
1002 3901 1096 3959 Patri
1118 3907 1152 3960 at
1173 3904 1305 3962 Aeacii.

299 4035 420 4099 Sinrplicti
438 4035 580 4100 Felicisque
598 4050 629 4084 ue
646 4036 726 4098 ipsius
737 4034 827 4083 Aeacii
844 4035 949 4099 scriptis
966 4035 1136 4091 denconsbnl,
1158 4037 1230 4086 Pena·
1247 4044 1274 4086 et
1293 4037 1397 4091 Aeacii
1414 4043 1517 4095 κωπίω
1555 4040 1594 4111 pal

299 4120 330 4168 dc
345 4119 461 4169 Ecclesia
479 4136 535 4170 csse
553 4121 695 4181 auferendo
714 4118 749 4183 (n.
765 4118 863 4184 1-5)‚
886 4121 922 4169 nd
939 4120 1008 4185 quod
1021 4119 1165 4181 sncieudurh
1177 4122 1235 4184 jan
1253 4126 1391 4186 propriae
1409 4129 1520 4179 ὑιᾰιωι

298 4206 467 4254 conserendae
485 4207 621 4266 periculum
640 4203 675 4268 (n.
688 4203 722 4268 6).
751 4206 850 4255 Deinde
868 4220 913 4254 nec
928 4205 1029 4254 Petrum
1047 4212 1124 4255 antea
1141 4213 1276 4270 perpetum
1294 4223 1346 4260 nec
1366 4211 1402 4262 ab
1415 4213 1518 4265 scano

299 4290 435 4339 absolutum
454 4292 564 4339 {intendit
575 4289 611 4352 (n.
622 4289 723 4355 7-8)‚·
742 4292 806 4341 unde
825 4292 906 4341 denuo
925 4292 1093 4340 concientiae
1104 4294 1208 4341 ornatum
1219 4295 1392 4359 concertans,
1412 4314 1447 4351 ne
1459 4300 1517 4367 quta

350 4375 396 4423 boc
414 4376 514 4424 obtentu
536 4375 674 4425 Ecclesium
692 4383 718 4425 et
735 4376 854 4425 uinculum
872 4376 976 4425 untlnlts
993 4376 1112 4426 scindere
1127 4385 1278 4440 massona!
1296 4376 1473 4447 (na-10).

141 4486 236 4564 Stant
353 4492 380 4554 1.
428 4490 477 4554 Ex
501 4490 635 4575 epistola
659 4490 815 4575 Simplicii
838 4514 941 4577 papae
965 4493 1004 4556 ad
1028 4493 1199 4558 Acacium:
1232 4497 1328 4573 Illud,
1357 4497 1484 4585 inquit,
1506 4522 1552 4566 ne

124 4563 325 4655 e1‘¹⁸l·¹²3·„0„
354 4600 547 4658 mediocriter
574 4598 655 4670 suci!
683 4602 854 4674 (sitonicum,
886 4600 968 4675 quod
994 4601 1097 4660 iisdem
1125 4602 1234 4660 litteris
1255 4603 1320 4662 suis
1351 4610 1550 4687 etreliqua

266 4703 432 4774 usquead
456 4703 678 4761 hoereticorum
700 4705 841 4762 ruentium
864 4706 974 4763 crescit
990 4703 1115 4775 funesto
1138 4704 1298 4765 domnallo
1328 4714 1362 4767 et
1382 4711 1550 4773 catholieo·

265 4817 331 4860 curn
347 4806 521 4863 tniseccrndn
536 4806 706 4878 cupale'oc‘lns.
733 4801 824 4886 [vide
848 4824 949 4885 supra
964 4825 1039 4887 pag.
1057 4808 1220 4867 noa-211
1248 4810 1429 4887 Simplicii
1444 4818 1548 4893 epist.

269 4905 306 4962 18
322 4923 348 4962 u.
367 4902 412 4986 3].
