3412 5664
735 328 905 376 sersaoni
928 319 958 376 4.
983 380 985 384 Α
1419 318 1481 380 323

186 487 412 567 lammam,
446 487 482 547 ut
503 505 564 547 nec
586 504 720 567 usquam
749 486 906 546 terrarum
936 483 1062 546 vivendi
1091 484 1195 546 locum
1218 487 1392 547 sectatores
1413 487 1481 566 ejus
1500 502 1585 549 anso

186 596 332 663 nabere
357 586 561 652 sinerentur?
605 584 692 661 Quae
715 584 824 649 omnia
851 588 919 647 tam
946 586 1046 669 gestis
1069 584 1234 649 Ecclesiae
1256 609 1314 669 per
1336 587 1481 671 singulas
1494 569 1616 630 (ΝΜ)

196 712 351 784 quasque
371 689 520 774 regiones
542 688 581 752 de
603 709 712 752 eorum
734 687 896 772 pravitate
926 687 1096 769 confectis,
1131 711 1227 772 quam
1250 711 1403 753 censurae
1427 712 1481 773 pu-

204 800 320 864 blicae
338 792 553 856 sanctionibus
576 791 759 856 edocentur.
799 790 883 853 Ecce
898 792 1065 874 quoruml)
1089 791 1168 854 libet
1190 814 1283 856 aures
1306 792 1481 857 catholicas

215 898 327 964 andire
345 894 532 978 doctrinam,
557 893 760 978 quaestiones
783 893 938 977 accipere,
969 897 1109 957 tractare
1131 894 1321 977 tendiculas,
1347 899 1379 958 et
1400 895 1482 959 blas-

223 999 356 1085 phemias
377 997 540 1081 patienter
562 996 747 1060 admittere!
793 996 819 1059 0
843 995 870 1058 si
894 997 1060 1059 studerent
1083 996 1232 1059 adversus
1255 1018 1309 1059 eos
1324 997 1482 1080 majorum

229 1107 390 1167 assuerum
412 1099 511 1164 libros
535 1121 751 1183 responsaque
778 1119 987 1183 cognoscere,
1017 1098 1083 1161 illie
1111 1098 1213 1162 modis
1240 1100 1388 1163 omnibus
1417 1122 1481 1164 cer-

236 1209 354 1284 neretur,
376 1202 456 1266 nihil
480 1224 549 1266 esse
571 1223 710 1287 prorsus,
734 1200 818 1285 quod
841 1205 874 1264 et
896 1201 936 1264 ab
959 1201 1030 1264 istis
1053 1201 1363 1266 fueritventilatum
1386 1208 1419 1266 et
1441 1202 1482 1266 ab

240 1305 291 1369 illis
310 1306 470 1391 magnifica
493 1305 630 1369 veritate
653 1307 842 1369 contritum:
866 1304 975 1387 sicque
997 1303 1036 1365 de
1060 1304 1184 1367 cunctis
1206 1326 1314 1367 eorum
1331 1305 1482 1389 nequitiis

244 1407 387 1472 niutandis
409 1408 518 1473 fideles
541 1409 656 1493 quique
679 1406 887 1472 redderentur
902 1406 1062 1485 instructi,
1087 1410 1123 1469 ut
1138 1406 1219 1471 nihil
1236 1406 1373 1490 amplius
1388 1429 1482 1492 quae-

247 1515 348 1574 reretur.
387 1510 448 1576 Sed
471 1510 499 1575 si
521 1510 658 1575 forsitan
681 1509 856 1573 ineruditos
879 1510 1003 1573 animos
1031 1507 1186 1592 quaedam
1214 1508 1253 1572 de
1281 1531 1389 1573 eorum
1412 1531 1468 1575 sen

248 1609 313 1675 sibus
329 1614 482 1698 proposita
506 1615 760 1694 commoverent,
791 1612 838 1676 ita
867 1611 1098 1675 venerabilium
1120 1614 1249 1693 patrum
1271 1611 1425 1677 doctrinis
1450 1616 1482 1676 et

249 1713 326 1778 mnis
343 1737 443 1781 eorum
466 1715 650 1800 publicatur
671 1715 815 1798 insania,
846 1719 879 1778 et
907 1715 1022 1799 quibus
1051 1713 1198 1777 remediis
1227 1717 1355 1779 curetur
1376 1719 1481 1779 osten-

249 1810 324 1900 ditur,
353 1824 384 1883 ut
409 1841 448 1883 ex
477 1818 528 1883 his
549 1818 619 1882 Deo
641 1820 827 1902 praestante
854 1817 1007 1901 praevisis
1037 1821 1168 1898 cuncta,
1208 1838 1288 1900 quae
1311 1817 1350 1880 de
1373 1838 1481 1881 ecmm

249 1916 350 1984 esee
388 1925 494 2004 erunt,
518 1924 551 1985 et
572 1920 752 2005 periculosa
775 1921 973 1984 sectantibus
996 1923 1028 1983 et
1050 1919 1149 1983 stulta
1169 1918 1481 2001 deprehendentibus

248 2034 297 2083 aare
323 1944 497 2088 addantur:
527 2024 573 2087 ita
601 2028 637 2086 ut
671 2023 697 2086 si
729 2024 801 2106 quis
834 2023 995 2086 existimet
1023 2020 1262 2105 reluctandum,
1292 2022 1391 2108 noni)
1414 2025 1481 2086 tam
1548 2075 1552 2087 .

248 2122 356 2190 'derum
373 2125 544 2192 sententiis
567 2124 784 2189 contradictor
807 2125 950 2206 exsistat,
983 2124 1037 2188 sed
1065 2124 1224 2188 humanae
1253 2124 1350 2187 saluti
1374 2124 1482 2189 catho-

245 2213 355 2308 lisseqoe
379 2229 546 2294 doctrinae
574 2228 681 2312 palam
708 2248 742 2290 se
771 2231 943 2311 aperteque
971 2228 1161 2311 profiteatur
1190 2227 1365 2290 inimicum.
1413 2225 1481 2303 Quo

244 2326 322 2406 mgis
341 2332 525 2415 attentiusll
547 2329 684 2416 pervigil
708 2351 783 2392 cura
805 2333 970 2414 pastorum
994 2352 1012 2392 a
1034 2329 1133 2392 sacris
1156 2327 1309 2414 gregibus
1334 2329 1480 2414 luporum

241 2416 316 2492 ⁶⁰th
334 2456 435 2501 arcere
456 2433 641 2525 saevitiam:
664 2454 762 2516 quum
772 2433 810 2516 ¹⁰)
828 2432 979 2516 quidquid
994 2432 1106 2496 ovibus
1122 2431 1244 2495 sanctis
1260 2430 1414 2520 acciderit
1429 2432 1480 2495 de-

240 2522 365 2619 fluenti,
392 2536 587 2622 praesulum,
617 2536 700 2618 quod
725 2535 820 2616 absit,
850 2535 982 2599 damnet
1005 2534 1172 2615 incuriam,
1203 2533 1286 2597 sicut
1309 2557 1327 2596 a
1351 2555 1481 2619 regene-

238 2627 303 2695 ”fia
325 2640 500 2725 agminibus
527 2638 710 2703 nocentium
745 2637 888 2722 depulsio
921 2637 1097 2701 bestiarum
1132 2636 1297 2700 custodum
1330 2638 1481 2720 praemiis

236 2742 396 2837 wehtam
418 2741 604 2827 procurabit
626 2745 845 2826 augmentum.
885 2739 977 2805 Certe
1000 2740 1038 2820 si,
1063 2742 1098 2802 ut
1120 2739 1224 2823 magis
1240 2742 1397 2820 optamus,
1421 2738 1480 2801 fal-

236 2845 266 2891 ¹¹⁸
286 2834 356 2909 haec
375 2846 554 2909 rumoribus
584 2844 651 2908 sint
678 2843 794 2926 relata,
829 2842 1019 2928 quantocius
1047 2840 1263 2904 desideramus
1292 2862 1477 2925 agnoscere,

236 2934 328 3023 utqui
350 2947 561 3012 membrorum
584 2944 702 3010 Christi
733 2946 901 3010 vexatione
916 2943 1142 3028 trepidamus,
1182 2942 1280 3005 multo
1310 2944 1413 3027 inagis
1442 2945 1480 3006 de

236 3050 325 3109 mmm
347 3050 523 3115 stabilitate
552 3049 715 3113 laetemur.
770 3048 855 3110 Data
878 3046 907 3110 V
931 3044 1089 3111 Calendas
1120 3045 1275 3129 Augusti,
1315 3044 1480 3129 Fausto¹¹l

238 3134 294 3203 'lm
312 3151 476 3218 clarissimo
500 3151 639 3218 consule.
697 3165 700 3172 '

244 3291 511 3319 ''x-*-

242 3372 576 3443 temperantiorem
598 3374 723 3441 decreta,
746 3390 818 3443 quae
842 3370 917 3444 apud
936 3371 1120 3452 augustinum
1143 3372 1171 3425 in
1190 3370 1345 3442 appendice
1369 3368 1480 3428 tomX

244 3460 265 3511 l·
280 3454 316 3507 12⁶
329 3458 362 3524 (in
378 3459 445 3513 edit.
465 3459 504 3513 111
521 3458 630 3513 Veneta
647 3461 714 3513 tom.
734 3458 810 3511 XVII
827 3476 855 3528 p.
874 3465 951 3521 2756)
970 3459 1050 3512 simul
1070 3457 1187 3511 collecta
1203 3457 1298 3512 videre
1316 3456 1388 3513 licet.
1427 3460 1479 3512 llo-

244 3546 292 3588 fflss
304 3543 409 3609 primum
428 3546 566 3598 memoret
583 3543 699 3598 Photius
718 3544 777 3598 cod.
794 3551 833 3597 53.
1470 3592 1473 3597 .

293 3625 309 3689 ἵ,
323 3627 348 3682 ln
364 3628 440 3699 prius
456 3629 577 3699 vulgatis
596 3635 760 3699 quorumlibet
777 3646 831 3682 uno
849 3630 947 3695 verbo,
967 3646 1022 3699 qno
1040 3630 1068 3683 in
1088 3629 1156 3684 duae
1174 3645 1256 3684 voces
1268 3629 1357 3684 diviso
1370 3631 1407 3684 nil
1418 3633 1479 3699 J'am

240 3701 271 3759 Μ
283 3714 395 3768 amone
413 3713 606 3783 integritatem
624 3732 658 3768 ac
675 3715 794 3768 nitorem
808 3714 1022 3769 desiderandum
1034 3717 1129 3787 restat.
1161 3715 1250 3769 Aliter
1268 3714 1388 3768 diceres:
1410 3721 1477 3770 Ecce

237 3795 353 3860 bimait
367 3811 438 3866 euni,
456 3820 560 3870 quorum
577 3806 718 3855 doctrinam
730 3805 891 3855 acatholicis
908 3806 1012 3855 aeribus
1024 3806 1110 3855 audiri
1127 3807 1221 3868 placei.
1253 3799 1318 3853 Mo'x
1331 3799 1400 3854 editi
1412 3804 1480 3871 qued

235 3897 278 3935 m
290 3894 312 3935 er
324 3888 353 3939 at
368 3891 439 3947 issia·
456 3885 597 3954 sequimur
616 3885 659 3939 θ’.

289 3969 306 4029 ⁸}
320 3968 348 4024 ln
364 3969 484 4040 vulgans
502 3993 552 4026 non
570 3983 652 4025 iirmea
671 3984 794 4027 seierum:
817 3971 950 4026 orationis
969 3973 1064 4025 autem
1081 3971 1166 4025 series
1182 3986 1235 4040 pro
1255 3983 1337 4024 iorircn
1355 3972 1479 4041 postulat

228 4064 320 4113 inrue.
340 4054 412 4125 quod
434 4055 546 4125 quidem
570 4055 676 4111 librarii
700 4058 807 4111 veteres
826 4057 925 4110 eadem
943 4059 1011 4110 nota
1029 4073 1084 4123 qua
1107 4068 1188 4110 remen
1207 4056 1362 4124 exprimere
1380 4056 1476 4111 solent.

224 4140 255 4196 θ’
273 4159 316 4194 noe
331 4152 387 4196 iera.

283 4228 303 4292 ’i
318 4226 385 4280 ilinc
402 4226 536 4282 excidisse
555 4226 664 4283 videtur
682 4227 898 4297 comparationis
916 4227 1085 4293 membrum',
1104 4243 1159 4295 quo
1178 4242 1286 4291 eorum,
1311 4226 1357 4293 qui
1375 4241 1478 4294 pecora

212 4310 380 4376 cutodiunt,
399 4312 427 4367 in
445 4312 573 4369 arcendis
589 4313 662 4383 lupis
679 4312 825 4382 vigilantia
843 4313 1042 4383 exponebatur.

281 4399 311 4463 ’ἢ
329 4397 369 4452 lta
380 4398 576 4469 corrigendum
594 4398 733 4465 duximus,
752 4398 826 4466 quod
844 4406 928 4453 austes
944 4398 973 4451 in
991 4398 1064 4451 hunc
1080 4397 1206 4451 modum:
1226 4402 1288 4451 Num
1307 4403 1476 4466 quidquid

202 4491 366 4559 pacetur.
383 4483 436 4539 uisi
453 4482 515 4553 quis
533 4483 606 4537 forte
624 4484 793 4538 substituere
811 4484 891 4538 malit
909 4506 939 4537 ne
958 4483 1011 4550 (vel
1030 4505 1096 4552 cneii)
1115 4489 1245 4553 quidquid.

279 4571 308 4635 ¹¹)
327 4566 348 4621 Ε
365 4568 479 4639 regione
496 4569 571 4623 vocis
589 4568 671 4638 hujus
687 4568 716 4623 in
735 4569 861 4624 Romana
879 4571 1000 4624 editione
1018 4568 1188 4637 adscriptum
1208 4570 1250 4620 est
1270 4571 1372 4626 Albino,
1391 4569 1476 4635 atqua

198 4666 280 4714 nanc
298 4653 485 4722 conjecturam
503 4654 639 4708 Beronius
657 4655 762 4708 calculo
781 4671 829 4707 suo
849 4655 1050 4725 comprobavit.
1087 4653 1159 4719 Quid
1182 4652 1216 4707 de
1235 4652 1282 4704 illo
1301 4649 1476 4716 censendum,

196 4748 229 4800 in
252 4737 359 4793 monito
380 4739 501 4809 praeisti
519 4757 619 4794 sumus.
656 4739 686 4794 si
704 4757 770 4795 vera
788 4740 944 4805 surrectio,
968 4758 1053 4810 quam
1070 4748 1178 4795 veteres
1197 4737 1305 4791 codices
1323 4739 1476 4799 asservant,

196 4842 279 4885 ωηο
304 4831 354 4879 ⁴90
373 4824 472 4881 Felicis
494 4826 604 4880 nomine
628 4827 711 4897 atque
733 4825 901 4880 anctoritate
920 4843 937 4879 a
955 4826 1067 4880 Gelasio
1085 4824 1203 4894 epistola
1226 4824 1281 4876 ista
1298 4821 1402 4891 scripto
1425 4825 1474 4895 est.
1583 4807 1604 4847 ⁹

1209 4998 1273 5059 21*
