<?xml version="1.0" encoding="UTF-8"?>
<!DOCTYPE html PUBLIC "-//W3C//DTD XHTML 1.0 Transitional//EN"
    "http://www.w3.org/TR/xhtml1/DTD/xhtml1-transitional.dtd">
<html xmlns="http://www.w3.org/1999/xhtml" xml:lang="en" lang="en">
 <head>
  <title>
</title>
<meta http-equiv="Content-Type" content="text/html;charset=utf-8" />
  <meta name='ocr-system' content='tesseract 3.04.00' />
  <meta name='ocr-capabilities' content='ocr_page ocr_carea ocr_par ocr_line ocrx_word'/>
</head>
<body>
  <div class='ocr_page' id='page_1' title='image "./epistolaeromano00cousgoog/epistolaeromano00cousgoog_0468.png"; bbox 0 0 3450 5678; ppageno 0'>
   <div class='ocr_carea' id='block_1_1' title="bbox 309 343 1105 410">
    <p class='ocr_par' dir='ltr' id='par_1_1' title="bbox 309 343 1105 410">
     <span class='ocr_line' id='line_1_1' title="bbox 309 343 1105 410; baseline -0.008 0"><span class='ocrx_word' id='word_1_1' title='bbox 309 343 373 410; x_wconf 78' lang='lat'>422</span> <span class='ocrx_word' id='word_1_2' title='bbox 784 359 812 410; x_wconf 92' lang='lat' dir='ltr'>s.</span> <span class='ocrx_word' id='word_1_3' title='bbox 829 354 969 407; x_wconf 78' lang='lat' dir='ltr'>causan</span> <span class='ocrx_word' id='word_1_4' title='bbox 990 353 1105 405; x_wconf 74' lang='lat' dir='ltr'>Parin</span> 
     </span>
    </p>
   </div>
   <div class='ocr_carea' id='block_1_2' title="bbox 203 476 1579 598">
    <p class='ocr_par' dir='ltr' id='par_1_2' title="bbox 203 476 1579 598">
     <span class='ocr_line' id='line_1_2' title="bbox 203 476 1579 598; baseline -0.002 -17"><span class='ocrx_word' id='word_1_5' title='bbox 203 546 298 596; x_wconf 74' lang='lat' dir='ltr'>acea.</span> <span class='ocrx_word' id='word_1_6' title='bbox 398 515 446 579; x_wconf 89' lang='grc'>16.</span> <span class='ocrx_word' id='word_1_7' title='bbox 491 513 579 590; x_wconf 80' lang='lat' dir='ltr'>Quae</span> <span class='ocrx_word' id='word_1_8' title='bbox 602 514 642 578; x_wconf 88' lang='lat' dir='ltr'>ad</span> <span class='ocrx_word' id='word_1_9' title='bbox 664 476 910 579; x_wconf 88' lang='lat' dir='ltr'>instructionem</span> <span class='ocrx_word' id='word_1_10' title='bbox 938 514 1064 576; x_wconf 86' lang='lat' dir='ltr'>vestrae</span> <span class='ocrx_word' id='word_1_11' title='bbox 1085 510 1267 577; x_wconf 74' lang='lat' dir='ltr'>dilectionis</span> <span class='ocrx_word' id='word_1_12' title='bbox 1289 510 1368 576; x_wconf 90' lang='lat' dir='ltr'>satis</span> <span class='ocrx_word' id='word_1_13' title='bbox 1390 511 1579 598; x_wconf 89' lang='lat' dir='ltr'>abundeque</span> 
     </span>
    </p>
   </div>
   <div class='ocr_carea' id='block_1_3' title="bbox 232 611 1584 2623">
    <p class='ocr_par' dir='ltr' id='par_1_3' title="bbox 309 611 1582 1829">
     <span class='ocr_line' id='line_1_3' title="bbox 310 611 1580 702; baseline -0.002 -19"><span class='ocrx_word' id='word_1_14' title='bbox 310 618 456 684; x_wconf 88' lang='lat' dir='ltr'>sufficere</span> <span class='ocrx_word' id='word_1_15' title='bbox 474 617 670 701; x_wconf 87' lang='lat' dir='ltr'>judicamus,</span> <span class='ocrx_word' id='word_1_16' title='bbox 700 615 844 702; x_wconf 80' lang='lat' dir='ltr'>quamvis</span> <span class='ocrx_word' id='word_1_17' title='bbox 871 614 981 681; x_wconf 87' lang='lat' dir='ltr'>eadem</span> <span class='ocrx_word' id='word_1_18' title='bbox 1009 614 1121 698; x_wconf 87' lang='lat' dir='ltr'>latius,</span> <span class='ocrx_word' id='word_1_19' title='bbox 1150 614 1177 678; x_wconf 88' lang='lat' dir='ltr'>si</span> <span class='ocrx_word' id='word_1_20' title='bbox 1200 611 1357 678; x_wconf 88' lang='lat' dir='ltr'>Dominus</span> <span class='ocrx_word' id='word_1_21' title='bbox 1386 616 1580 680; x_wconf 86' lang='lat' dir='ltr'>concesserit</span> 
     </span>
     <span class='ocr_line' id='line_1_4' title="bbox 309 715 1578 803; baseline -0.003 -16"><span class='ocrx_word' id='word_1_22' title='bbox 309 721 509 803; x_wconf 74' lang='lat' dir='ltr'>facultatem,</span> <span class='ocrx_word' id='word_1_23' title='bbox 537 719 720 785; x_wconf 80' lang='lat' dir='ltr'>studeamus</span> <span class='ocrx_word' id='word_1_24' title='bbox 751 738 924 803; x_wconf 84' lang='lat' dir='ltr'>exponere:</span> <span class='ocrx_word' id='word_1_25' title='bbox 953 720 1110 802; x_wconf 87' lang='lat' dir='ltr'>quatenus</span> <span class='ocrx_word' id='word_1_26' title='bbox 1138 719 1172 780; x_wconf 92' lang='lat' dir='ltr'>ct</span> <span class='ocrx_word' id='word_1_27' title='bbox 1198 715 1340 781; x_wconf 88' lang='lat' dir='ltr'>fidelium</span> <span class='ocrx_word' id='word_1_28' title='bbox 1366 716 1499 802; x_wconf 89' lang='lat' dir='ltr'>quisquc</span> <span class='ocrx_word' id='word_1_29' title='bbox 1527 739 1578 783; x_wconf 92' lang='lat' dir='ltr'>co·</span> 
     </span>
     <span class='ocr_line' id='line_1_5' title="bbox 310 818 1576 910; baseline -0.002 -21"><span class='ocrx_word' id='word_1_30' title='bbox 310 826 456 910; x_wconf 78' lang='lat' dir='ltr'>gnoscat,</span> <span class='ocrx_word' id='word_1_31' title='bbox 479 822 560 886; x_wconf 89' lang='lat' dir='ltr'>nihil</span> <span class='ocrx_word' id='word_1_32' title='bbox 584 821 792 905; x_wconf 89' lang='lat' dir='ltr'>apostolicam</span> <span class='ocrx_word' id='word_1_33' title='bbox 810 819 928 903; x_wconf 89' lang='lat' dir='ltr'>sedem,</span> <span class='ocrx_word' id='word_1_34' title='bbox 952 819 1035 904; x_wconf 87' lang='lat' dir='ltr'>quod</span> <span class='ocrx_word' id='word_1_35' title='bbox 1048 818 1142 903; x_wconf 88' lang='lat' dir='ltr'>absit,</span> <span class='ocrx_word' id='word_1_36' title='bbox 1169 839 1382 904; x_wconf 86' lang='lat' dir='ltr'>praepropere</span> <span class='ocrx_word' id='word_1_37' title='bbox 1405 821 1576 886; x_wconf 80' lang='lat' dir='ltr'>censuisse.</span> 
     </span>
     <span class='ocr_line' id='line_1_6' title="bbox 311 921 1578 1005; baseline 0 -16"><span class='ocrx_word' id='word_1_38' title='bbox 311 926 399 1002; x_wconf 81' lang='lat' dir='ltr'>Quae</span> <span class='ocrx_word' id='word_1_39' title='bbox 426 929 536 990; x_wconf 88' lang='lat' dir='ltr'>tamen</span> <span class='ocrx_word' id='word_1_40' title='bbox 563 923 725 988; x_wconf 89' lang='lat' dir='ltr'>sententia</span> <span class='ocrx_word' id='word_1_41' title='bbox 752 925 787 988; x_wconf 89' lang='lat' dir='ltr'>in</span> <span class='ocrx_word' id='word_1_42' title='bbox 810 922 966 987; x_wconf 84' lang='lat' dir='ltr'>Acacium</span> <span class='ocrx_word' id='word_1_43' title='bbox 994 921 1166 1005; x_wconf 88' lang='lat' dir='ltr'>destinata,</span> <span class='ocrx_word' id='word_1_44' title='bbox 1196 923 1257 986; x_wconf 90' lang='lat' dir='ltr'>etsi</span> <span class='ocrx_word' id='word_1_45' title='bbox 1286 923 1416 988; x_wconf 90' lang='lat' dir='ltr'>nomine</span> <span class='ocrx_word' id='word_1_46' title='bbox 1437 927 1578 989; x_wconf 85' lang='lat' dir='ltr'>tanturn-</span> 
     </span>
     <span class='ocr_line' id='line_1_7' title="bbox 310 1024 1579 1112; baseline 0 -20"><span class='ocrx_word' id='word_1_47' title='bbox 310 1028 404 1092; x_wconf 92' lang='lat' dir='ltr'>modo</span> <span class='ocrx_word' id='word_1_48' title='bbox 426 1026 582 1111; x_wconf 85' lang='lat' dir='ltr'>praesulis</span> <span class='ocrx_word' id='word_1_49' title='bbox 606 1025 784 1110; x_wconf 83' lang='lat' dir='ltr'>apostolici,</span> <span class='ocrx_word' id='word_1_50' title='bbox 809 1025 899 1109; x_wconf 87' lang='lat' dir='ltr'>cujus</span> <span class='ocrx_word' id='word_1_51' title='bbox 922 1027 992 1088; x_wconf 89' lang='lat' dir='ltr'>erat</span> <span class='ocrx_word' id='word_1_52' title='bbox 1011 1024 1122 1108; x_wconf 92' lang='lat' dir='ltr'>utique</span> <span class='ocrx_word' id='word_1_53' title='bbox 1136 1024 1317 1109; x_wconf 88' lang='lat' dir='ltr'>potestatis,</span> <span class='ocrx_word' id='word_1_54' title='bbox 1341 1024 1485 1112; x_wconf 87' lang='lat' dir='ltr'>legitime</span> <span class='ocrx_word' id='word_1_55' title='bbox 1507 1048 1579 1111; x_wconf 78' lang='lat' dir='ltr'>pro</span> 
     </span>
     <span class='ocr_line' id='line_1_8' title="bbox 312 1126 1578 1213; baseline -0.001 -19"><span class='ocrx_word' id='word_1_56' title='bbox 312 1129 406 1194; x_wconf 90' lang='lat' dir='ltr'>batur</span> <span class='ocrx_word' id='word_1_57' title='bbox 420 1150 489 1192; x_wconf 89' lang='lat' dir='ltr'>csse</span> <span class='ocrx_word' id='word_1_58' title='bbox 504 1128 703 1213; x_wconf 89' lang='lat' dir='ltr'>deprompta,</span> <span class='ocrx_word' id='word_1_59' title='bbox 728 1128 917 1212; x_wconf 88' lang='lat' dir='ltr'>praesertim</span> <span class='ocrx_word' id='word_1_60' title='bbox 932 1148 1029 1211; x_wconf 88' lang='lat' dir='ltr'>quum</span> <span class='ocrx_word' id='word_1_61' title='bbox 1045 1127 1192 1190; x_wconf 87' lang='lat' dir='ltr'>secretim</span> <span class='ocrx_word' id='word_1_62' title='bbox 1216 1126 1386 1212; x_wconf 86' lang='lat' dir='ltr'>dirigenda</span> <span class='ocrx_word' id='word_1_63' title='bbox 1406 1127 1578 1212; x_wconf 87' lang='lat' dir='ltr'>videretur,</span> 
     </span>
     <span class='ocr_line' id='line_1_9' title="bbox 311 1227 1580 1315; baseline 0.001 -20"><span class='ocrx_word' id='word_1_64' title='bbox 311 1253 352 1296; x_wconf 92' lang='lat' dir='ltr'>ne</span> <span class='ocrx_word' id='word_1_65' title='bbox 382 1230 533 1295; x_wconf 88' lang='lat' dir='ltr'>custodiis</span> <span class='ocrx_word' id='word_1_66' title='bbox 562 1231 678 1314; x_wconf 90' lang='lat' dir='ltr'>ubique</span> <span class='ocrx_word' id='word_1_67' title='bbox 695 1230 872 1315; x_wconf 89' lang='lat' dir='ltr'>praetentis</span> <span class='ocrx_word' id='word_1_68' title='bbox 898 1227 1064 1313; x_wconf 86' lang='lat' dir='ltr'>dispositio</span> <span class='ocrx_word' id='word_1_69' title='bbox 1087 1228 1238 1293; x_wconf 84' lang='lat' dir='ltr'>salutaris</span> <span class='ocrx_word' id='word_1_70' title='bbox 1268 1229 1464 1314; x_wconf 86' lang='lat' dir='ltr'>quibuslibet</span> <span class='ocrx_word' id='word_1_71' title='bbox 1495 1230 1580 1296; x_wconf 85' lang='lat' dir='ltr'>diffi-</span> 
     </span>
     <span class='ocr_line' id='line_1_10' title="bbox 312 1331 1580 1416; baseline 0.001 -17"><span class='ocrx_word' id='word_1_72' title='bbox 312 1332 485 1399; x_wconf 88' lang='lat' dir='ltr'>cultatibus</span> <span class='ocrx_word' id='word_1_73' title='bbox 507 1333 662 1416; x_wconf 89' lang='lat' dir='ltr'>impedita</span> <span class='ocrx_word' id='word_1_74' title='bbox 684 1333 899 1397; x_wconf 88' lang='lat' dir='ltr'>necessarium</span> <span class='ocrx_word' id='word_1_75' title='bbox 921 1331 1040 1396; x_wconf 87' lang='lat' dir='ltr'>habere</span> <span class='ocrx_word' id='word_1_76' title='bbox 1062 1351 1128 1396; x_wconf 91' lang='lat' dir='ltr'>non</span> <span class='ocrx_word' id='word_1_77' title='bbox 1150 1336 1259 1416; x_wconf 86' lang='lat' dir='ltr'>posset</span> <span class='ocrx_word' id='word_1_78' title='bbox 1281 1332 1443 1398; x_wconf 83' lang='lat' dir='ltr'>effectum:</span> <span class='ocrx_word' id='word_1_79' title='bbox 1469 1337 1580 1401; x_wconf 86' lang='lat' dir='ltr'>tamen</span> 
     </span>
     <span class='ocr_line' id='line_1_11' title="bbox 311 1432 1580 1521; baseline 0.001 -21"><span class='ocrx_word' id='word_1_80' title='bbox 311 1436 387 1521; x_wconf 88' lang='lat' dir='ltr'>quia</span> <span class='ocrx_word' id='word_1_81' title='bbox 407 1434 591 1500; x_wconf 80' lang='lat' dir='ltr'>orthodoxis</span> <span class='ocrx_word' id='word_1_82' title='bbox 613 1435 729 1519; x_wconf 91' lang='lat' dir='ltr'>ubique</span> <span class='ocrx_word' id='word_1_83' title='bbox 752 1434 885 1519; x_wconf 87' lang='lat' dir='ltr'>dejectis</span> <span class='ocrx_word' id='word_1_84' title='bbox 915 1437 947 1497; x_wconf 90' lang='lat' dir='ltr'>et</span> <span class='ocrx_word' id='word_1_85' title='bbox 968 1432 1138 1498; x_wconf 85' lang='lat' dir='ltr'>haereticis</span> <span class='ocrx_word' id='word_1_86' title='bbox 1166 1435 1389 1499; x_wconf 89' lang='lat' dir='ltr'>tantummodo</span> <span class='ocrx_word' id='word_1_87' title='bbox 1409 1456 1580 1521; x_wconf 89' lang='lat' dir='ltr'>eorumque</span> 
     </span>
     <span class='ocr_line' id='line_1_12' title="bbox 313 1533 1579 1621; baseline 0 -18"><span class='ocrx_word' id='word_1_88' title='bbox 313 1537 512 1603; x_wconf 87' lang='lat' dir='ltr'>consortibus</span> <span class='ocrx_word' id='word_1_89' title='bbox 530 1537 600 1621; x_wconf 90' lang='lat' dir='ltr'>jam</span> <span class='ocrx_word' id='word_1_90' title='bbox 620 1536 753 1620; x_wconf 86' lang='lat' dir='ltr'>relictis,</span> <span class='ocrx_word' id='word_1_91' title='bbox 783 1537 819 1601; x_wconf 92' lang='lat' dir='ltr'>in</span> <span class='ocrx_word' id='word_1_92' title='bbox 842 1536 975 1601; x_wconf 85' lang='lat' dir='ltr'>Oriente</span> <span class='ocrx_word' id='word_1_93' title='bbox 1003 1533 1154 1601; x_wconf 88' lang='lat' dir='ltr'>catholici</span> <span class='ocrx_word' id='word_1_94' title='bbox 1176 1537 1345 1621; x_wconf 88' lang='lat' dir='ltr'>pontifices</span> <span class='ocrx_word' id='word_1_95' title='bbox 1379 1540 1435 1601; x_wconf 91' lang='lat' dir='ltr'>aut</span> <span class='ocrx_word' id='word_1_96' title='bbox 1460 1538 1579 1605; x_wconf 86' lang='lat' dir='ltr'>residui</span> 
     </span>
     <span class='ocr_line' id='line_1_13' title="bbox 311 1638 1580 1724; baseline 0.002 -18"><span class='ocrx_word' id='word_1_97' title='bbox 311 1640 443 1706; x_wconf 92' lang='lat' dir='ltr'>omnino</span> <span class='ocrx_word' id='word_1_98' title='bbox 465 1661 530 1703; x_wconf 91' lang='lat' dir='ltr'>non</span> <span class='ocrx_word' id='word_1_99' title='bbox 553 1643 661 1703; x_wconf 85' lang='lat' dir='ltr'>essent</span> <span class='ocrx_word' id='word_1_100' title='bbox 682 1643 738 1703; x_wconf 89' lang='lat' dir='ltr'>aut</span> <span class='ocrx_word' id='word_1_101' title='bbox 764 1639 887 1703; x_wconf 87' lang='lat' dir='ltr'>nullam</span> <span class='ocrx_word' id='word_1_102' title='bbox 909 1640 1059 1723; x_wconf 84' lang='lat' dir='ltr'>gererent</span> <span class='ocrx_word' id='word_1_103' title='bbox 1080 1638 1279 1722; x_wconf 89' lang='lat' dir='ltr'>libertatem,</span> <span class='ocrx_word' id='word_1_104' title='bbox 1308 1639 1517 1724; x_wconf 88' lang='lat' dir='ltr'>plurimorum</span> <span class='ocrx_word' id='word_1_105' title='bbox 1544 1642 1580 1709; x_wconf 90' lang='lat' dir='ltr'>in</span> 
     </span>
     <span class='ocr_line' id='line_1_14' title="bbox 311 1741 1582 1829; baseline 0.004 -23"><span class='ocrx_word' id='word_1_106' title='bbox 311 1742 408 1807; x_wconf 85' lang='lat' dir='ltr'>Italia</span> <span class='ocrx_word' id='word_1_107' title='bbox 438 1741 668 1806; x_wconf 89' lang='lat' dir='ltr'>catholicorum</span> <span class='ocrx_word' id='word_1_108' title='bbox 697 1741 907 1826; x_wconf 90' lang='lat' dir='ltr'>congregatio</span> <span class='ocrx_word' id='word_1_109' title='bbox 935 1741 1135 1805; x_wconf 88' lang='lat' dir='ltr'>sacerdotum</span> <span class='ocrx_word' id='word_1_110' title='bbox 1161 1741 1399 1807; x_wconf 88' lang='lat' dir='ltr'>rationabiliter</span> <span class='ocrx_word' id='word_1_111' title='bbox 1429 1745 1582 1829; x_wconf 86' lang='lat' dir='ltr'>coguovit</span> 
     </span>
    </p>

    <p class='ocr_par' dir='ltr' id='par_1_4' title="bbox 232 1831 1584 2623">
     <span class='ocr_line' id='line_1_15' title="bbox 232 1831 1581 1931; baseline 0.003 -23"><span class='ocrx_word' id='word_1_112' title='bbox 232 1831 236 1839; x_wconf 44' lang='lat'><strong>¹</strong></span> <span class='ocrx_word' id='word_1_113' title='bbox 312 1844 508 1909; x_wconf 89' lang='lat' dir='ltr'>sententiam</span> <span class='ocrx_word' id='word_1_114' title='bbox 534 1844 570 1907; x_wconf 91' lang='lat' dir='ltr'>in</span> <span class='ocrx_word' id='word_1_115' title='bbox 598 1843 754 1908; x_wconf 89' lang='lat' dir='ltr'>Acacium</span> <span class='ocrx_word' id='word_1_116' title='bbox 786 1843 885 1907; x_wconf 88' lang='lat' dir='ltr'>fuisse</span> <span class='ocrx_word' id='word_1_117' title='bbox 918 1842 1086 1926; x_wconf 88' lang='lat' dir='ltr'>prolatam.</span> <span class='ocrx_word' id='word_1_118' title='bbox 1131 1842 1219 1919; x_wconf 80' lang='lat' dir='ltr'>Quae</span> <span class='ocrx_word' id='word_1_119' title='bbox 1251 1846 1460 1931; x_wconf 89' lang='lat' dir='ltr'>congregatio</span> <span class='ocrx_word' id='word_1_120' title='bbox 1492 1845 1581 1912; x_wconf 86' lang='lat' dir='ltr'>facta</span> 
     </span>
     <span class='ocr_line' id='line_1_16' title="bbox 312 1943 1582 2033; baseline 0.003 -23"><span class='ocrx_word' id='word_1_121' title='bbox 312 1947 500 2031; x_wconf 86' lang='lat' dir='ltr'>pontificum</span> <span class='ocrx_word' id='word_1_122' title='bbox 522 1967 588 2009; x_wconf 92' lang='lat' dir='ltr'>non</span> <span class='ocrx_word' id='word_1_123' title='bbox 612 1948 724 2009; x_wconf 86' lang='lat' dir='ltr'>contra</span> <span class='ocrx_word' id='word_1_124' title='bbox 747 1943 1052 2026; x_wconf 78' lang='lat' dir='ltr'>Calchedonensem,</span> <span class='ocrx_word' id='word_1_125' title='bbox 1076 1967 1143 2010; x_wconf 94' lang='lat' dir='ltr'>non</span> <span class='ocrx_word' id='word_1_126' title='bbox 1157 1949 1321 2031; x_wconf 88' lang='lat' dir='ltr'>tamquam</span> <span class='ocrx_word' id='word_1_127' title='bbox 1341 1970 1425 2012; x_wconf 85' lang='lat' dir='ltr'>nova</span> <span class='ocrx_word' id='word_1_128' title='bbox 1440 1948 1582 2033; x_wconf 81' lang='lat' dir='ltr'>synodus</span> 
     </span>
     <span class='ocr_line' id='line_1_17' title="bbox 314 2047 1582 2132; baseline 0.003 -20"><span class='ocrx_word' id='word_1_129' title='bbox 314 2050 426 2112; x_wconf 86' lang='lat' dir='ltr'>contra</span> <span class='ocrx_word' id='word_1_130' title='bbox 449 2051 589 2112; x_wconf 85' lang='lat' dir='ltr'>veterem</span> <span class='ocrx_word' id='word_1_131' title='bbox 611 2047 810 2132; x_wconf 87' lang='lat' dir='ltr'>primamque</span> <span class='ocrx_word' id='word_1_132' title='bbox 833 2047 993 2131; x_wconf 89' lang='lat' dir='ltr'>convenit,</span> <span class='ocrx_word' id='word_1_133' title='bbox 1022 2047 1077 2112; x_wconf 88' lang='lat' dir='ltr'>sed</span> <span class='ocrx_word' id='word_1_134' title='bbox 1106 2048 1211 2132; x_wconf 87' lang='lat' dir='ltr'>potius</span> <span class='ocrx_word' id='word_1_135' title='bbox 1234 2048 1407 2114; x_wconf 89' lang='lat' dir='ltr'>secundum</span> <span class='ocrx_word' id='word_1_136' title='bbox 1435 2053 1582 2117; x_wconf 87' lang='lat' dir='ltr'>tenorem</span> 
     </span>
     <span class='ocr_line' id='line_1_18' title="bbox 313 2149 1584 2234; baseline 0.006 -22"><span class='ocrx_word' id='word_1_137' title='bbox 313 2149 429 2213; x_wconf 85' lang='lat' dir='ltr'>veteris</span> <span class='ocrx_word' id='word_1_138' title='bbox 461 2150 627 2215; x_wconf 85' lang='lat' dir='ltr'>constituti</span> <span class='ocrx_word' id='word_1_139' title='bbox 655 2150 817 2234; x_wconf 89' lang='lat' dir='ltr'>particeps</span> <span class='ocrx_word' id='word_1_140' title='bbox 850 2150 1045 2234; x_wconf 89' lang='lat' dir='ltr'>apostolicae</span> <span class='ocrx_word' id='word_1_141' title='bbox 1073 2151 1285 2215; x_wconf 88' lang='lat' dir='ltr'>exsecutionis</span> <span class='ocrx_word' id='word_1_142' title='bbox 1313 2151 1427 2216; x_wconf 85' lang='lat' dir='ltr'>effecta</span> <span class='ocrx_word' id='word_1_143' title='bbox 1453 2156 1517 2218; x_wconf 86' lang='lat' dir='ltr'>est:</span> <span class='ocrx_word' id='word_1_144' title='bbox 1545 2157 1584 2218; x_wconf 89' lang='lat' dir='ltr'>ut</span> 
     </span>
     <span class='ocr_line' id='line_1_19' title="bbox 313 2250 1583 2340; baseline 0.003 -24"><span class='ocrx_word' id='word_1_145' title='bbox 313 2251 393 2316; x_wconf 88' lang='lat' dir='ltr'>satis</span> <span class='ocrx_word' id='word_1_146' title='bbox 415 2254 581 2335; x_wconf 89' lang='lat' dir='ltr'>appareat,</span> <span class='ocrx_word' id='word_1_147' title='bbox 616 2251 796 2317; x_wconf 80' lang='lat' dir='ltr'>Ecclesiam</span> <span class='ocrx_word' id='word_1_148' title='bbox 830 2250 1021 2317; x_wconf 89' lang='lat' dir='ltr'>catholicam</span> <span class='ocrx_word' id='word_1_149' title='bbox 1049 2252 1217 2338; x_wconf 86' lang='lat' dir='ltr'>sedemque</span> <span class='ocrx_word' id='word_1_150' title='bbox 1245 2253 1469 2338; x_wconf 89' lang='lat' dir='ltr'>apostolicam,</span> <span class='ocrx_word' id='word_1_151' title='bbox 1504 2255 1583 2340; x_wconf 87' lang='lat' dir='ltr'>quia</span> 
     </span>
     <span class='ocr_line' id='line_1_20' title="bbox 314 2352 1584 2441; baseline 0.005 -25"><span class='ocrx_word' id='word_1_152' title='bbox 314 2352 390 2417; x_wconf 87' lang='lat' dir='ltr'>alibi</span> <span class='ocrx_word' id='word_1_153' title='bbox 408 2353 477 2436; x_wconf 88' lang='lat' dir='ltr'>jam</span> <span class='ocrx_word' id='word_1_154' title='bbox 500 2353 631 2418; x_wconf 89' lang='lat' dir='ltr'>omnino</span> <span class='ocrx_word' id='word_1_155' title='bbox 653 2376 719 2418; x_wconf 92' lang='lat' dir='ltr'>non</span> <span class='ocrx_word' id='word_1_156' title='bbox 741 2357 860 2438; x_wconf 88' lang='lat' dir='ltr'>posset,</span> <span class='ocrx_word' id='word_1_157' title='bbox 884 2353 938 2418; x_wconf 91' lang='lat' dir='ltr'>ubi</span> <span class='ocrx_word' id='word_1_158' title='bbox 961 2354 1067 2438; x_wconf 91' lang='lat' dir='ltr'>potuit</span> <span class='ocrx_word' id='word_1_159' title='bbox 1088 2359 1121 2419; x_wconf 91' lang='lat' dir='ltr'>et</span> <span class='ocrx_word' id='word_1_160' title='bbox 1143 2378 1214 2420; x_wconf 91' lang='lat' dir='ltr'>cum</span> <span class='ocrx_word' id='word_1_161' title='bbox 1236 2354 1351 2441; x_wconf 91' lang='lat' dir='ltr'>quibus</span> <span class='ocrx_word' id='word_1_162' title='bbox 1366 2356 1483 2441; x_wconf 89' lang='lat' dir='ltr'>potuit,</span> <span class='ocrx_word' id='word_1_163' title='bbox 1499 2356 1584 2422; x_wconf 88' lang='lat' dir='ltr'>nihil</span> 
     </span>
     <span class='ocr_line' id='line_1_21' title="bbox 312 2455 1584 2543; baseline 0.006 -24"><span class='ocrx_word' id='word_1_164' title='bbox 312 2456 441 2540; x_wconf 89' lang='lat' dir='ltr'>penitus</span> <span class='ocrx_word' id='word_1_165' title='bbox 464 2455 617 2536; x_wconf 88' lang='lat' dir='ltr'>omisisse,</span> <span class='ocrx_word' id='word_1_166' title='bbox 642 2456 725 2540; x_wconf 90' lang='lat' dir='ltr'>quod</span> <span class='ocrx_word' id='word_1_167' title='bbox 747 2456 787 2520; x_wconf 86' lang='lat' dir='ltr'>ad</span> <span class='ocrx_word' id='word_1_168' title='bbox 809 2456 988 2521; x_wconf 79' lang='lat' dir='ltr'>fraternum</span> <span class='ocrx_word' id='word_1_169' title='bbox 1015 2457 1193 2542; x_wconf 87' lang='lat' dir='ltr'>pertineret</span> <span class='ocrx_word' id='word_1_170' title='bbox 1220 2479 1278 2543; x_wconf 92' lang='lat' dir='ltr'>pro</span> <span class='ocrx_word' id='word_1_171' title='bbox 1299 2457 1492 2525; x_wconf 89' lang='lat' dir='ltr'>intemerata</span> <span class='ocrx_word' id='word_1_172' title='bbox 1519 2459 1584 2526; x_wconf 89' lang='lat' dir='ltr'>fide</span> 
     </span>
     <span class='ocr_line' id='line_1_22' title="bbox 313 2557 945 2623; baseline 0 -2"><span class='ocrx_word' id='word_1_173' title='bbox 313 2560 346 2622; x_wconf 85' lang='lat' dir='ltr'>et</span> <span class='ocrx_word' id='word_1_174' title='bbox 368 2557 494 2623; x_wconf 89' lang='lat' dir='ltr'>sincera</span> <span class='ocrx_word' id='word_1_175' title='bbox 517 2559 739 2623; x_wconf 89' lang='lat' dir='ltr'>communione</span> <span class='ocrx_word' id='word_1_176' title='bbox 760 2561 945 2623; x_wconf 89' lang='lat' dir='ltr'>tractatum.</span> 
     </span>
    </p>
   </div>
   <div class='ocr_carea' id='block_1_4' title="bbox 819 2797 1071 2902">
    <p class='ocr_par' dir='ltr' id='par_1_5' title="bbox 819 2797 1071 2902">
     <span class='ocr_line' id='line_1_23' title="bbox 819 2797 1071 2902; baseline 0.004 -21"><span class='ocrx_word' id='word_1_177' title='bbox 819 2797 1000 2902; x_wconf 82' lang='lat' dir='ltr'>Epistola</span> <span class='ocrx_word' id='word_1_178' title='bbox 1026 2798 1071 2882; x_wconf 84' lang='lat'>27</span> 
     </span>
    </p>
   </div>
   <div class='ocr_carea' id='block_1_5' title="bbox 921 2950 970 2986">
    <p class='ocr_par' dir='ltr' id='par_1_6' title="bbox 921 2950 970 2986">
     <span class='ocr_line' id='line_1_24' title="bbox 921 2950 970 2986; baseline 0.02 -1"><span class='ocrx_word' id='word_1_179' title='bbox 921 2950 970 2986; x_wconf 83' lang='lat' dir='ltr'>scu</span> 
     </span>
    </p>
   </div>
   <div class='ocr_carea' id='block_1_6' title="bbox 185 3044 1540 3223">
    <p class='ocr_par' dir='ltr' id='par_1_7' title="bbox 185 3044 1540 3223">
     <span class='ocr_line' id='line_1_25' title="bbox 185 3044 1540 3120; baseline -0.001 -13"><span class='ocrx_word' id='word_1_180' title='bbox 185 3064 221 3111; x_wconf 69' lang='lat' dir='ltr'>&lt;a</span> <span class='ocrx_word' id='word_1_181' title='bbox 234 3052 305 3120; x_wconf 75' lang='grc'><strong>495.)</strong></span> <span class='ocrx_word' id='word_1_182' title='bbox 359 3045 457 3102; x_wconf 83' lang='lat' dir='ltr'>Beati</span> <span class='ocrx_word' id='word_1_183' title='bbox 478 3045 608 3104; x_wconf 79' lang='lat' dir='ltr'>Gelasii</span> <span class='ocrx_word' id='word_1_184' title='bbox 629 3060 738 3114; x_wconf 85' lang='lat' dir='ltr'>papae</span> <span class='ocrx_word' id='word_1_185' title='bbox 759 3047 804 3103; x_wconf 89' lang='lat' dir='ltr'>ad</span> <span class='ocrx_word' id='word_1_186' title='bbox 825 3045 1003 3113; x_wconf 83' lang='lat' dir='ltr'>episcopos</span> <span class='ocrx_word' id='word_1_187' title='bbox 1025 3044 1175 3102; x_wconf 82' lang='lat' dir='ltr'>Orientis</span> <span class='ocrx_word' id='word_1_188' title='bbox 1201 3047 1245 3102; x_wconf 89' lang='lat' dir='ltr'>de</span> <span class='ocrx_word' id='word_1_189' title='bbox 1267 3047 1386 3104; x_wconf 87' lang='lat' dir='ltr'>eadem</span> <span class='ocrx_word' id='word_1_190' title='bbox 1407 3046 1540 3106; x_wconf 77' lang='lat' dir='ltr'>raucae</span> 
     </span>
     <span class='ocr_line' id='line_1_26' title="bbox 838 3139 1057 3223; baseline 0.009 -19"><span class='ocrx_word' id='word_1_191' title='bbox 838 3139 1057 3223; x_wconf 73' lang='lat' dir='ltr'>reddenda¹l</span> 
     </span>
    </p>
   </div>
   <div class='ocr_carea' id='block_1_7' title="bbox 314 3325 1692 3718">
    <p class='ocr_par' dir='ltr' id='par_1_8' title="bbox 314 3325 1692 3718">
     <span class='ocr_line' id='line_1_27' title="bbox 402 3325 1582 3413; baseline 0.001 -22"><span class='ocrx_word' id='word_1_192' title='bbox 402 3329 430 3392; x_wconf 93' lang='lat' dir='ltr'>l.</span> <span class='ocrx_word' id='word_1_193' title='bbox 469 3325 585 3411; x_wconf 76' lang='lat' dir='ltr'>Quid‘2)</span> <span class='ocrx_word' id='word_1_194' title='bbox 613 3348 690 3412; x_wconf 86' lang='lat' dir='ltr'>crgo</span> <span class='ocrx_word' id='word_1_195' title='bbox 718 3326 773 3391; x_wconf 83' lang='lat' dir='ltr'>isti</span> <span class='ocrx_word' id='word_1_196' title='bbox 800 3326 973 3410; x_wconf 81' lang='lat' dir='ltr'>prudentes</span> <span class='ocrx_word' id='word_1_197' title='bbox 1001 3325 1062 3390; x_wconf 84' lang='lat' dir='ltr'>viri</span> <span class='ocrx_word' id='word_1_198' title='bbox 1091 3329 1123 3391; x_wconf 89' lang='lat' dir='ltr'>et</span> <span class='ocrx_word' id='word_1_199' title='bbox 1151 3326 1274 3413; x_wconf 90' lang='lat' dir='ltr'>argutis</span> <span class='ocrx_word' id='word_1_200' title='bbox 1301 3327 1464 3393; x_wconf 87' lang='lat' dir='ltr'>mentibus</span> <span class='ocrx_word' id='word_1_201' title='bbox 1485 3328 1582 3394; x_wconf 83' lang='lat' dir='ltr'>tutius</span> 
     </span>
     <span class='ocr_line' id='line_1_28' title="bbox 314 3427 1692 3517; baseline 0.004 -25"><span class='ocrx_word' id='word_1_202' title='bbox 314 3428 481 3514; x_wconf 89' lang='lat' dir='ltr'>religionis</span> <span class='ocrx_word' id='word_1_203' title='bbox 503 3428 633 3493; x_wconf 85' lang='lat' dir='ltr'>interna</span> <span class='ocrx_word' id='word_1_204' title='bbox 655 3429 820 3511; x_wconf 87' lang='lat' dir='ltr'>rimantes,</span> <span class='ocrx_word' id='word_1_205' title='bbox 844 3428 879 3492; x_wconf 90' lang='lat' dir='ltr'>in</span> <span class='ocrx_word' id='word_1_206' title='bbox 893 3427 1036 3493; x_wconf 88' lang='lat' dir='ltr'>Orientis</span> <span class='ocrx_word' id='word_1_207' title='bbox 1059 3428 1204 3512; x_wconf 85' lang='lat' dir='ltr'>partibus</span> <span class='ocrx_word' id='word_1_208' title='bbox 1220 3428 1397 3514; x_wconf 88' lang='lat' dir='ltr'>constituti,</span> <span class='ocrx_word' id='word_1_209' title='bbox 1420 3430 1449 3495; x_wconf 91' lang='lat' dir='ltr'>si</span> <span class='ocrx_word' id='word_1_210' title='bbox 1464 3451 1583 3517; x_wconf 88' lang='lat' dir='ltr'>eogno-</span> <span class='ocrx_word' id='word_1_211' title='bbox 1688 3490 1692 3499; x_wconf 94' lang='lat'><em>.</em></span> 
     </span>
     <span class='ocr_line' id='line_1_29' title="bbox 314 3529 1639 3616; baseline 0.007 -23"><span class='ocrx_word' id='word_1_212' title='bbox 314 3533 429 3593; x_wconf 78' lang='lat' dir='ltr'>verrant</span> <span class='ocrx_word' id='word_1_213' title='bbox 456 3529 637 3614; x_wconf 86' lang='lat' dir='ltr'>hujusmodi</span> <span class='ocrx_word' id='word_1_214' title='bbox 666 3552 836 3615; x_wconf 88' lang='lat' dir='ltr'>personam</span> <span class='ocrx_word' id='word_1_215' title='bbox 844 3531 870 3616; x_wconf 80' lang='lat'>³)</span> <span class='ocrx_word' id='word_1_216' title='bbox 898 3531 933 3594; x_wconf 93' lang='lat' dir='ltr'>in</span> <span class='ocrx_word' id='word_1_217' title='bbox 960 3529 1167 3595; x_wconf 80' lang='lat' dir='ltr'>Antiocheno</span> <span class='ocrx_word' id='word_1_218' title='bbox 1199 3530 1334 3596; x_wconf 90' lang='lat' dir='ltr'>ecclesia</span> <span class='ocrx_word' id='word_1_219' title='bbox 1361 3532 1582 3615; x_wconf 69' lang='lat' dir='ltr'>constitutam,</span> <span class='ocrx_word' id='word_1_220' title='bbox 1636 3598 1639 3603; x_wconf 88' lang='lat'>.</span> 
     </span>
     <span class='ocr_line' id='line_1_30' title="bbox 315 3632 1584 3718; baseline 0.002 -22"><span class='ocrx_word' id='word_1_221' title='bbox 315 3653 372 3696; x_wconf 90' lang='lat' dir='ltr'>cur</span> <span class='ocrx_word' id='word_1_222' title='bbox 400 3632 665 3697; x_wconf 88' lang='lat' dir='ltr'>communicando</span> <span class='ocrx_word' id='word_1_223' title='bbox 693 3632 811 3697; x_wconf 88' lang='lat' dir='ltr'>talibus</span> <span class='ocrx_word' id='word_1_224' title='bbox 844 3632 1020 3718; x_wconf 87' lang='lat' dir='ltr'>praebuere</span> <span class='ocrx_word' id='word_1_225' title='bbox 1053 3633 1266 3699; x_wconf 75' lang='lat' dir='ltr'>consensum?</span> <span class='ocrx_word' id='word_1_226' title='bbox 1314 3633 1378 3700; x_wconf 77' lang='lat' dir='ltr'>Gur</span> <span class='ocrx_word' id='word_1_227' title='bbox 1404 3656 1473 3701; x_wconf 90' lang='lat' dir='ltr'>non</span> <span class='ocrx_word' id='word_1_228' title='bbox 1496 3632 1584 3699; x_wconf 89' lang='lat' dir='ltr'>illico</span> 
     </span>
    </p>
   </div>
   <div class='ocr_carea' id='block_1_8' title="bbox 314 3904 1593 4998">
    <p class='ocr_par' dir='ltr' id='par_1_9' title="bbox 314 3904 1589 4231">
     <span class='ocr_line' id='line_1_31' title="bbox 383 3904 1587 3977; baseline 0.006 -21"><span class='ocrx_word' id='word_1_229' title='bbox 383 3904 403 3970; x_wconf 82' lang='lat'>¹)</span> <span class='ocrx_word' id='word_1_230' title='bbox 421 3904 465 3957; x_wconf 86' lang='lat' dir='ltr'>Ita</span> <span class='ocrx_word' id='word_1_231' title='bbox 476 3921 542 3959; x_wconf 88' lang='lat' dir='ltr'>msa.</span> <span class='ocrx_word' id='word_1_232' title='bbox 552 3905 752 3959; x_wconf 66' lang='lat' dir='ltr'>D¹F⁴F⁰N³d²</span> <span class='ocrx_word' id='word_1_233' title='bbox 764 3908 871 3975; x_wconf 76' lang='lat' dir='ltr'>(incipit</span> <span class='ocrx_word' id='word_1_234' title='bbox 883 3912 915 3960; x_wconf 83' lang='lat' dir='ltr'>de</span> <span class='ocrx_word' id='word_1_235' title='bbox 934 3910 1022 3959; x_wconf 79' lang='lat' dir='ltr'>eadem</span> <span class='ocrx_word' id='word_1_236' title='bbox 1038 3911 1140 3960; x_wconf 73' lang='lat' dir='ltr'>ratione</span> <span class='ocrx_word' id='word_1_237' title='bbox 1151 3911 1285 3962; x_wconf 79' lang='lat' dir='ltr'>reddendo</span> <span class='ocrx_word' id='word_1_238' title='bbox 1296 3911 1333 3961; x_wconf 83' lang='lat' dir='ltr'>cd</span> <span class='ocrx_word' id='word_1_239' title='bbox 1343 3911 1482 3977; x_wconf 74' lang='lat' dir='ltr'>episcopor</span> <span class='ocrx_word' id='word_1_240' title='bbox 1494 3909 1587 3963; x_wconf 63' lang='lat' dir='ltr'>oeae·</span> 
     </span>
     <span class='ocr_line' id='line_1_32' title="bbox 315 3988 1588 4063; baseline 0.004 -20"><span class='ocrx_word' id='word_1_241' title='bbox 315 3992 370 4056; x_wconf 73' lang='lat' dir='ltr'>lis);</span> <span class='ocrx_word' id='word_1_242' title='bbox 389 3988 417 4041; x_wconf 88' lang='lat' dir='ltr'>d¹</span> <span class='ocrx_word' id='word_1_243' title='bbox 438 3992 483 4043; x_wconf 74' lang='lat' dir='ltr'>Es</span> <span class='ocrx_word' id='word_1_244' title='bbox 501 3995 610 4058; x_wconf 74' lang='lat' dir='ltr'>epistola</span> <span class='ocrx_word' id='word_1_245' title='bbox 629 3996 725 4045; x_wconf 77' lang='lat' dir='ltr'>Gelasir&#39;</span> <span class='ocrx_word' id='word_1_246' title='bbox 744 4010 831 4060; x_wconf 84' lang='lat' dir='ltr'>papae</span> <span class='ocrx_word' id='word_1_247' title='bbox 849 3996 885 4044; x_wconf 85' lang='lat' dir='ltr'>ad</span> <span class='ocrx_word' id='word_1_248' title='bbox 903 3994 1046 4044; x_wconf 64' lang='lat' dir='ltr'>Orientem</span> <span class='ocrx_word' id='word_1_249' title='bbox 1063 3996 1199 4060; x_wconf 76' lang='lat' dir='ltr'>epiecopus</span> <span class='ocrx_word' id='word_1_250' title='bbox 1213 4001 1274 4060; x_wconf 76' lang='lat' dir='ltr'>port</span> <span class='ocrx_word' id='word_1_251' title='bbox 1291 3998 1357 4058; x_wconf 79' lang='lat' dir='ltr'>ulta,</span> <span class='ocrx_word' id='word_1_252' title='bbox 1375 3991 1588 4063; x_wconf 71' lang='lat' dir='ltr'>praepositione</span> 
     </span>
     <span class='ocr_line' id='line_1_33' title="bbox 314 4073 1589 4149; baseline 0.003 -21"><span class='ocrx_word' id='word_1_253' title='bbox 314 4093 350 4128; x_wconf 76' lang='lat' dir='ltr'>ex</span> <span class='ocrx_word' id='word_1_254' title='bbox 361 4089 479 4128; x_wconf 91' lang='lat' dir='ltr'>necnon</span> <span class='ocrx_word' id='word_1_255' title='bbox 492 4073 584 4128; x_wconf 84' lang='lat' dir='ltr'>verbis</span> <span class='ocrx_word' id='word_1_256' title='bbox 600 4088 660 4144; x_wconf 76' lang='lat' dir='ltr'>post</span> <span class='ocrx_word' id='word_1_257' title='bbox 672 4081 735 4141; x_wconf 80' lang='lat' dir='ltr'>alia,</span> <span class='ocrx_word' id='word_1_258' title='bbox 755 4076 855 4145; x_wconf 85' lang='lat' dir='ltr'>quibua</span> <span class='ocrx_word' id='word_1_259' title='bbox 874 4077 1062 4145; x_wconf 80' lang='lat' dir='ltr'>fragmentum</span> <span class='ocrx_word' id='word_1_260' title='bbox 1075 4075 1221 4132; x_wconf 83' lang='lat' dir='ltr'>dumtaxat</span> <span class='ocrx_word' id='word_1_261' title='bbox 1234 4076 1280 4132; x_wconf 91' lang='lat' dir='ltr'>hic</span> <span class='ocrx_word' id='word_1_262' title='bbox 1291 4076 1391 4131; x_wconf 88' lang='lat' dir='ltr'>haberi</span> <span class='ocrx_word' id='word_1_263' title='bbox 1407 4076 1493 4147; x_wconf 78' lang='lat' dir='ltr'>paulo</span> <span class='ocrx_word' id='word_1_264' title='bbox 1505 4094 1589 4149; x_wconf 78' lang='lat' dir='ltr'>aper·</span> 
     </span>
     <span class='ocr_line' id='line_1_34' title="bbox 314 4157 834 4231; baseline 0.002 -19"><span class='ocrx_word' id='word_1_265' title='bbox 314 4159 370 4213; x_wconf 88' lang='lat' dir='ltr'>tius</span> <span class='ocrx_word' id='word_1_266' title='bbox 387 4157 572 4227; x_wconf 85' lang='lat' dir='ltr'>significatur,</span> <span class='ocrx_word' id='word_1_267' title='bbox 590 4160 625 4214; x_wconf 87' lang='lat' dir='ltr'>dc</span> <span class='ocrx_word' id='word_1_268' title='bbox 642 4177 691 4214; x_wconf 86' lang='lat' dir='ltr'>suo</span> <span class='ocrx_word' id='word_1_269' title='bbox 710 4159 834 4231; x_wconf 66' lang='lat' dir='ltr'>ach‘ectis.</span> 
     </span>
    </p>

    <p class='ocr_par' dir='ltr' id='par_1_10' title="bbox 314 4243 1591 4827">
     <span class='ocr_line' id='line_1_35' title="bbox 381 4243 1589 4316; baseline 0.005 -19"><span class='ocrx_word' id='word_1_270' title='bbox 381 4247 403 4312; x_wconf 83' lang='lat'>²)</span> <span class='ocrx_word' id='word_1_271' title='bbox 421 4243 458 4298; x_wconf 69' lang='lat' dir='ltr'>N⁸</span> <span class='ocrx_word' id='word_1_272' title='bbox 470 4244 503 4297; x_wconf 87' lang='lat'>0¹</span> <span class='ocrx_word' id='word_1_273' title='bbox 517 4243 551 4297; x_wconf 84' lang='lat' dir='ltr'>X¹</span> <span class='ocrx_word' id='word_1_274' title='bbox 564 4243 601 4298; x_wconf 88' lang='lat' dir='ltr'>V²</span> <span class='ocrx_word' id='word_1_275' title='bbox 613 4250 639 4299; x_wconf 68' lang='lat' dir='ltr'>c⁵</span> <span class='ocrx_word' id='word_1_276' title='bbox 657 4245 702 4299; x_wconf 90' lang='lat' dir='ltr'>hic</span> <span class='ocrx_word' id='word_1_277' title='bbox 720 4245 844 4314; x_wconf 83' lang='lat' dir='ltr'>subjicit:</span> <span class='ocrx_word' id='word_1_278' title='bbox 874 4251 1050 4301; x_wconf 78' lang='lat' dir='ltr'>Ilileru&#39;scr&#39;mts</span> <span class='ocrx_word' id='word_1_279' title='bbox 1065 4251 1194 4314; x_wconf 73' lang='lat' dir='ltr'>frutribus</span> <span class='ocrx_word' id='word_1_280' title='bbox 1210 4251 1338 4316; x_wconf 76' lang='lat' dir='ltr'>episcopia</span> <span class='ocrx_word' id='word_1_281' title='bbox 1350 4249 1524 4303; x_wconf 63' lang='lat' dir='ltr'>Mensam</span> <span class='ocrx_word' id='word_1_282' title='bbox 1535 4250 1589 4303; x_wconf 72' lang='lat' dir='ltr'>Ge·</span> 
     </span>
     <span class='ocr_line' id='line_1_36' title="bbox 314 4328 1589 4401; baseline 0.005 -17"><span class='ocrx_word' id='word_1_283' title='bbox 314 4335 406 4395; x_wconf 69' lang='lat' dir='ltr'>latu,</span> <span class='ocrx_word' id='word_1_284' title='bbox 426 4328 501 4396; x_wconf 88' lang='lat' dir='ltr'>quod</span> <span class='ocrx_word' id='word_1_285' title='bbox 520 4347 604 4397; x_wconf 90' lang='lat' dir='ltr'>quum</span> <span class='ocrx_word' id='word_1_286' title='bbox 623 4331 697 4385; x_wconf 88' lang='lat' dir='ltr'>absit</span> <span class='ocrx_word' id='word_1_287' title='bbox 715 4332 750 4386; x_wconf 91' lang='lat' dir='ltr'>ab</span> <span class='ocrx_word' id='word_1_288' title='bbox 770 4330 974 4401; x_wconf 83' lang='lat' dir='ltr'>exemplaribus</span> <span class='ocrx_word' id='word_1_289' title='bbox 991 4331 1190 4387; x_wconf 84' lang='lat' dir='ltr'>vetustioribus</span> <span class='ocrx_word' id='word_1_290' title='bbox 1207 4330 1378 4387; x_wconf 87' lang='lat' dir='ltr'>collectionis</span> <span class='ocrx_word' id='word_1_291' title='bbox 1395 4332 1421 4387; x_wconf 89' lang='lat' dir='ltr'>D</span> <span class='ocrx_word' id='word_1_292' title='bbox 1439 4330 1529 4399; x_wconf 54' lang='lat' dir='ltr'>etun</span> <span class='ocrx_word' id='word_1_293' title='bbox 1547 4334 1589 4390; x_wconf 73' lang='lat' dir='ltr'>ab</span> 
     </span>
     <span class='ocr_line' id='line_1_37' title="bbox 315 4413 1590 4485; baseline 0.005 -16"><span class='ocrx_word' id='word_1_294' title='bbox 315 4413 421 4469; x_wconf 80' lang='lat' dir='ltr'>Isidoro</span> <span class='ocrx_word' id='word_1_295' title='bbox 433 4414 576 4483; x_wconf 84' lang='lat' dir='ltr'>adjectum</span> <span class='ocrx_word' id='word_1_296' title='bbox 587 4416 767 4485; x_wconf 87' lang='lat' dir='ltr'>suspicamur,</span> <span class='ocrx_word' id='word_1_297' title='bbox 784 4416 904 4472; x_wconf 83' lang='lat' dir='ltr'>maximo</span> <span class='ocrx_word' id='word_1_298' title='bbox 916 4434 1002 4485; x_wconf 88' lang='lat' dir='ltr'>quum</span> <span class='ocrx_word' id='word_1_299' title='bbox 1014 4416 1147 4483; x_wconf 72' lang='lat' dir='ltr'>(talasius,</span> <span class='ocrx_word' id='word_1_300' title='bbox 1162 4417 1228 4471; x_wconf 90' lang='lat' dir='ltr'>dum</span> <span class='ocrx_word' id='word_1_301' title='bbox 1240 4417 1313 4471; x_wconf 86' lang='lat' dir='ltr'>istud</span> <span class='ocrx_word' id='word_1_302' title='bbox 1326 4417 1475 4483; x_wconf 63' lang='lat' dir='ltr'>scribebat,</span> <span class='ocrx_word' id='word_1_303' title='bbox 1487 4416 1590 4475; x_wconf 81' lang='lat' dir='ltr'>Orien-</span> 
     </span>
     <span class='ocr_line' id='line_1_38' title="bbox 314 4499 1591 4572; baseline 0.004 -17"><span class='ocrx_word' id='word_1_304' title='bbox 314 4499 414 4555; x_wconf 80' lang='lat' dir='ltr'>talium</span> <span class='ocrx_word' id='word_1_305' title='bbox 432 4500 652 4555; x_wconf 89' lang='lat' dir='ltr'>communionem</span> <span class='ocrx_word' id='word_1_306' title='bbox 674 4509 825 4571; x_wconf 88' lang='lat' dir='ltr'>respucret.</span> <span class='ocrx_word' id='word_1_307' title='bbox 862 4502 959 4556; x_wconf 85' lang='lat' dir='ltr'>Venet.</span> <span class='ocrx_word' id='word_1_308' title='bbox 978 4522 999 4556; x_wconf 86' lang='lat' dir='ltr'>a.</span> <span class='ocrx_word' id='word_1_309' title='bbox 1018 4502 1102 4557; x_wconf 85' lang='lat' dir='ltr'>Marc.</span> <span class='ocrx_word' id='word_1_310' title='bbox 1124 4508 1185 4567; x_wconf 82' lang='lat' dir='ltr'>lec,</span> <span class='ocrx_word' id='word_1_311' title='bbox 1204 4503 1239 4557; x_wconf 77' lang='lat'>0²</span> <span class='ocrx_word' id='word_1_312' title='bbox 1251 4505 1289 4569; x_wconf 68' lang='grc' dir='ltr'>θ’,</span> <span class='ocrx_word' id='word_1_313' title='bbox 1306 4503 1339 4557; x_wconf 84' lang='lat' dir='ltr'>ut</span> <span class='ocrx_word' id='word_1_314' title='bbox 1351 4503 1413 4572; x_wconf 83' lang='lat' dir='ltr'>jam</span> <span class='ocrx_word' id='word_1_315' title='bbox 1429 4506 1459 4557; x_wconf 84' lang='lat' dir='ltr'>in</span> <span class='ocrx_word' id='word_1_316' title='bbox 1476 4502 1591 4560; x_wconf 75' lang='lat' dir='ltr'>monice</span> 
     </span>
     <span class='ocr_line' id='line_1_39' title="bbox 315 4584 1591 4657; baseline 0.005 -18"><span class='ocrx_word' id='word_1_317' title='bbox 315 4584 429 4656; x_wconf 80' lang='lat' dir='ltr'>praevio</span> <span class='ocrx_word' id='word_1_318' title='bbox 442 4585 633 4652; x_wconf 87' lang='lat' dir='ltr'>observatum,</span> <span class='ocrx_word' id='word_1_319' title='bbox 650 4586 708 4641; x_wconf 84' lang='lat' dir='ltr'>aine</span> <span class='ocrx_word' id='word_1_320' title='bbox 727 4587 783 4642; x_wconf 88' lang='lat' dir='ltr'>ulla</span> <span class='ocrx_word' id='word_1_321' title='bbox 801 4586 976 4642; x_wconf 69' lang='lat' dir='ltr'>(inunctione</span> <span class='ocrx_word' id='word_1_322' title='bbox 988 4586 1092 4642; x_wconf 84' lang='lat' dir='ltr'>Gclasii</span> <span class='ocrx_word' id='word_1_323' title='bbox 1104 4587 1239 4656; x_wconf 89' lang='lat' dir='ltr'>epistolae</span> <span class='ocrx_word' id='word_1_324' title='bbox 1251 4593 1284 4641; x_wconf 78' lang='lat'>26</span> <span class='ocrx_word' id='word_1_325' title='bbox 1295 4605 1322 4641; x_wconf 90' lang='lat' dir='ltr'>n.</span> <span class='ocrx_word' id='word_1_326' title='bbox 1338 4594 1369 4642; x_wconf 79' lang='lat'>14</span> <span class='ocrx_word' id='word_1_327' title='bbox 1381 4588 1456 4657; x_wconf 62' lang='lat' dir='ltr'>(pom</span> <span class='ocrx_word' id='word_1_328' title='bbox 1465 4588 1591 4645; x_wconf 82' lang='lat' dir='ltr'>verbum</span> 
     </span>
     <span class='ocr_line' id='line_1_40' title="bbox 316 4662 1591 4744; baseline 0.005 -19"><span class='ocrx_word' id='word_1_329' title='bbox 316 4674 461 4738; x_wconf 68' lang='lat' dir='ltr'>tructam)</span> <span class='ocrx_word' id='word_1_330' title='bbox 484 4676 608 4726; x_wconf 85' lang='lat' dir='ltr'>nostram</span> <span class='ocrx_word' id='word_1_331' title='bbox 632 4671 795 4727; x_wconf 84' lang='lat' dir='ltr'>adnectunt:</span> <span class='ocrx_word' id='word_1_332' title='bbox 827 4676 893 4737; x_wconf 81' lang='lat' dir='ltr'>Quid</span> <span class='ocrx_word' id='word_1_333' title='bbox 909 4692 970 4743; x_wconf 75' lang='lat' dir='ltr'>erpo</span> <span class='ocrx_word' id='word_1_334' title='bbox 989 4662 1035 4727; x_wconf 72' lang='lat' dir='ltr'>eir</span> <span class='ocrx_word' id='word_1_335' title='bbox 1052 4672 1103 4726; x_wconf 86' lang='lat' dir='ltr'>ctc.</span> <span class='ocrx_word' id='word_1_336' title='bbox 1140 4672 1195 4727; x_wconf 87' lang='lat' dir='ltr'>Sed</span> <span class='ocrx_word' id='word_1_337' title='bbox 1216 4688 1332 4743; x_wconf 84' lang='lat' dir='ltr'>pravam</span> <span class='ocrx_word' id='word_1_338' title='bbox 1354 4671 1508 4744; x_wconf 71' lang='lat' dir='ltr'>ligaturam</span> <span class='ocrx_word' id='word_1_339' title='bbox 1525 4690 1591 4732; x_wconf 68' lang='lat' dir='ltr'>ene</span> 
     </span>
     <span class='ocr_line' id='line_1_41' title="bbox 316 4754 718 4827; baseline 0.002 -19"><span class='ocrx_word' id='word_1_340' title='bbox 316 4755 374 4825; x_wconf 86' lang='lat' dir='ltr'>ipse</span> <span class='ocrx_word' id='word_1_341' title='bbox 392 4773 487 4811; x_wconf 88' lang='lat' dir='ltr'>sensus</span> <span class='ocrx_word' id='word_1_342' title='bbox 504 4757 598 4827; x_wconf 90' lang='lat' dir='ltr'>palam</span> <span class='ocrx_word' id='word_1_343' title='bbox 616 4754 718 4826; x_wconf 89' lang='lat' dir='ltr'>prodit.</span> 
     </span>
    </p>

    <p class='ocr_par' dir='ltr' id='par_1_11' title="bbox 316 4841 1593 4998">
     <span class='ocr_line' id='line_1_42' title="bbox 383 4841 1593 4915; baseline 0.005 -20"><span class='ocrx_word' id='word_1_344' title='bbox 383 4844 405 4903; x_wconf 66' lang='grc'>3)</span> <span class='ocrx_word' id='word_1_345' title='bbox 423 4841 527 4912; x_wconf 83' lang='lat' dir='ltr'>Supple</span> <span class='ocrx_word' id='word_1_346' title='bbox 549 4848 631 4912; x_wconf 74' lang='lat' dir='ltr'>qualia</span> <span class='ocrx_word' id='word_1_347' title='bbox 654 4853 712 4896; x_wconf 77' lang='lat' dir='ltr'>erat</span> <span class='ocrx_word' id='word_1_348' title='bbox 730 4847 822 4896; x_wconf 75' lang='lat' dir='ltr'>Petrae</span> <span class='ocrx_word' id='word_1_349' title='bbox 839 4847 925 4906; x_wconf 82' lang='lat' dir='ltr'>Fullo,</span> <span class='ocrx_word' id='word_1_350' title='bbox 948 4842 982 4898; x_wconf 88' lang='lat' dir='ltr'>de</span> <span class='ocrx_word' id='word_1_351' title='bbox 1005 4859 1060 4914; x_wconf 88' lang='lat' dir='ltr'>quo</span> <span class='ocrx_word' id='word_1_352' title='bbox 1078 4845 1163 4899; x_wconf 77' lang='lat' dir='ltr'>antea</span> <span class='ocrx_word' id='word_1_353' title='bbox 1182 4859 1351 4910; x_wconf 77' lang='lat' dir='ltr'>sermonem,</span> <span class='ocrx_word' id='word_1_354' title='bbox 1375 4843 1423 4915; x_wconf 87' lang='lat' dir='ltr'>qui</span> <span class='ocrx_word' id='word_1_355' title='bbox 1440 4842 1593 4915; x_wconf 67' lang='lat' dir='ltr'>excidolii,</span> 
     </span>
     <span class='ocr_line' id='line_1_43' title="bbox 316 4925 699 4998; baseline 0.01 -20"><span class='ocrx_word' id='word_1_356' title='bbox 316 4925 444 4980; x_wconf 89' lang='lat' dir='ltr'>habiturn</span> <span class='ocrx_word' id='word_1_357' title='bbox 462 4943 522 4981; x_wconf 86' lang='lat' dir='ltr'>csse</span> <span class='ocrx_word' id='word_1_358' title='bbox 539 4927 633 4998; x_wconf 86' lang='lat' dir='ltr'>palam</span> <span class='ocrx_word' id='word_1_359' title='bbox 650 4928 699 4982; x_wconf 85' lang='lat' dir='ltr'>est.</span> 
     </span>
    </p>
   </div>
   <div class='ocr_carea' id='block_1_9' title="bbox 0 0 1743 5678">
    <p class='ocr_par' dir='ltr' id='par_1_12' title="bbox 0 0 1743 5678">
     <span class='ocr_line' id='line_1_44' title="bbox 0 0 1743 5678; baseline 0 0"><span class='ocrx_word' id='word_1_360' title='bbox 0 0 1743 5678; x_wconf 95' lang='lat' dir='ltr'> </span> 
     </span>
    </p>
   </div>
  </div>
 </body>
</html>
