3412 5664
522 115 717 167 saissonis
742 107 929 167 100-102.
1299 105 1363 174 901

84 274 171 336 tuno
199 271 325 337 demum
353 271 563 356 opportunius
592 273 765 356 statuetur,
801 294 898 356 quum
924 271 1041 358 legati,
1075 296 1153 358 quos
1185 298 1289 362 nuper
1323 281 1363 344 ad
1376 304 1401 349 a,
1412 300 1468 353 510.

84 394 202 460 regern
223 373 431 461 magnificum
452 373 708 438 namuurum
735 373 913 439 destinasse
938 375 1117 460 noscimur,
1150 379 1270 443 reversi
1291 404 1363 466 pro-

83 475 174 562 pitia
187 475 367 541 Divinitate
389 498 577 560 responsum
599 476 692 541 nobis
715 476 897 542 detulerint.
926 477 1044 542 Vestra
1067 481 1174 544 autem
1198 480 1362 549 beatitudo

86 599 275 663 supremum
297 577 390 644 nobis
412 578 606 662 praesidium
621 578 789 643 indefessis
804 579 1002 644 orationibus
1021 581 1184 664 postulare
1200 583 1361 669 dignetur.

85 678 178 745 Data
199 679 262 746 XV
284 680 441 747 Calendas
464 679 650 745 Decembris
670 680 963 767 ¹Constantinopoli,
988 683 1117 748 domino
1137 682 1269 751 Justino
1292 677 1361 773 per-

84 784 190 867 petuo
211 784 370 869 Augusto.
415 784 561 867 Accepta
582 781 629 847 XI
652 781 810 848 Oalendas
831 782 933 868 Junii,
956 783 1091 849 Rustico
1113 787 1253 852 consule.

590 968 773 1073 Epistola
799 971 867 1054 102

700 1122 749 1159 SOU

85 1217 284 1286 Indicum’
307 1217 369 1287 ‘¹¹¹¹
390 1217 543 1275 ‘firm‘
565 1219 617 1274 θεῖ
639 1217 834 1274 ⁸J⁰h²¹¹1¹0
856 1217 1016 1286 ellitoopo
1037 1220 1090 1274 vel
1111 1219 1154 1275 ab
1169 1220 1360 1290 Epiphanio
1374 1215 1464 1281 (abra
1477 1233 1512 1269 m.

456 1320 657 1390 presbytero
678 1320 721 1376 de
743 1319 997 1376 Thessalonica.
1402 1281 1484 1353 Nor.)

10 1451 69 1502 15.
125 1453 165 1504 De
177 1454 315 1519 episcopis,
334 1453 377 1519 qut
393 1452 533 1516 injudicio
549 1451 741 1516 praefectorum
757 1452 879 1509 armati,
897 1451 1077 1502 Thessalonica
1087 1453 1328 1521 Constantinopolim

271 1539 376 1589 addrtcti
391 1545 464 1588 auat:
483 1552 569 1588 eoram
583 1537 703 1600 fallacia,
722 1537 865 1599 malr'pm'tas
883 1536 1014 1587 haeretica
1031 1539 1180 1602 exponitur.

176 1672 204 1735 1.
240 1670 274 1736 si
295 1693 353 1755 pro
374 1670 649 1756 peccatisnostris
671 1669 736 1752 isti,
759 1669 814 1753 qui
835 1668 913 1733 hinc
928 1669 1092 1755 adducti¹)
1108 1674 1194 1756 sunt,
1218 1672 1359 1758 episcopi

86 1771 403 1858 Constantinopolim
423 1772 545 1837 fuerint
571 1771 726 1858 ingressi,
755 1792 822 1836 non
844 1770 1003 1855 dicamus,
1032 1772 1106 1856 quia
1133 1772 1360 1858 imperatorem

85 1874 187 1940 visuri
214 1877 291 1941 sunt
317 1875 419 1939 modis
447 1875 610 1958 omnibus,
645 1873 733 1960 sed²)
761 1873 826 1937 suis
853 1872 931 1937 locis
965 1874 1185 1939 restituentur.
1236 1875 1359 1942 Tantas

85 1977 176 2042 enim
196 1977 350 2062 pecunias
373 1998 482 2041 secum
503 1976 697 2059 detulerrmt,
721 1979 838 2040 utnon
853 1974 998 2040 homines
1014 1976 1070 2040 sed
1085 1977 1210 2061 possint
1225 1980 1358 2065 angelos

84 2099 268 2145 excaecare.
314 2078 348 2144 Si
377 2100 470 2164 ergo,
499 2079 584 2163 quod
611 2077 710 2161 absit,
739 2077 878 2163 ingressi
905 2077 1042 2162 fuerint,
1072 2081 1165 2143 tanta
1191 2079 1274 2146 falsa
1300 2104 1359 2167 per

82 2184 231 2246 nostram
259 2181 438 2247 absentiam
466 2180 582 2245 dicturi
609 2184 700 2264 sunt,
732 2182 853 2264 quanta
883 2182 990 2264 potest
1023 2181 1167 2246 diabolus
1200 2181 1369 2250 inuenire.¹

82 2282 171 2348 Nam
191 2283 220 2347 si
241 2283 327 2369 hiel)
349 2283 384 2347 in
407 2286 581 2367 conspectu
603 2286 713 2347 nostro
734 2282 827 2367 plura
849 2284 1067 2367 tentaverunt,
1091 2287 1124 2347 et
1141 2283 1280 2351 Domino
1301 2310 1357 2353 no·

82 2384 209 2451 bissum
231 2387 337 2450 stante
367 2385 491 2449 confusi
520 2387 610 2468 sunt,
639 2387 760 2469 quanta
787 2383 911 2448 facient
936 2406 994 2468 per
1021 2385 1200 2451 absentiam
1230 2389 1357 2454 nostri?

79 2486 130 2554 Ut
144 2508 222 2573 ergo
237 2508 346 2551 eorum
361 2487 463 2571 possit
477 2486 626 2570 dissipari
642 2485 840 2572 malignitas,
853 2485 966 2568 jubete
980 2487 1073 2551 nobis
1086 2489 1310 2571 praesentibus
1316 2492 1354 2579 ⁴),

79 2590 109 2654 si
132 2587 175 2652 ad
197 2589 394 2654 audientiam
416 2611 474 2673 pro
496 2588 639 2674 peccatis
661 2590 794 2652 ventum
814 2587 927 2652 fuerit:
950 2592 986 2652 ut
1009 2592 1134 2654 constet
1149 2592 1233 2675 apud
1255 2591 1355 2659 homi-

79 2711 150 2776 nes,
174 2712 233 2755 nos
248 2691 408 2756 immerito
423 2695 565 2756 mortuos
581 2711 659 2773 esse,
684 2693 717 2754 et
738 2688 809 2753 illos
831 2689 1010 2774 patrocinio
1024 2693 1180 2775 pecuniae
1195 2694 1351 2761 laborare.

79 2791 149 2857 Nos
173 2792 259 2857 enim
281 2814 334 2858 eos
356 2794 391 2857 in
413 2792 560 2857 omnibus
575 2793 610 2856 in
627 2795 799 2875 conspectu
821 2793 952 2856 senatus
969 2793 1158 2859 convincere
1173 2818 1352 2883 possumus,

79 2894 166 2980 quod
187 2893 341 2961 haeretici
368 2885 505 2978 perfecti
531 2896 621 2978 sunt3
650 2897 729 2957 tuno
755 2893 883 2958 demum
911 2915 1019 2958 eorum
1047 2898 1154 2980 pot-est
1180 2902 1354 2965 monstrari

78 2996 220 3062 fallacia.

165 3098 196 3164 2.
230 3099 312 3164 Item
335 3099 518 3165 dicendum:
563 3097 597 3164 Si
619 3097 771 3163 haeretici
793 3120 861 3163 non
883 3102 969 3183 sunt,
992 3101 1149 3184 quomodo
1172 3106 1248 3168 ante
1274 3105 1353 3170 duas

78 3199 305 3285 hebdomadas,
322 3224 418 3287 quam
428 3222 488 3266 nos
500 3201 705 3283 venissemus,
722 3202 906 3265 statuerimt
917 3222 1026 3265 omnes
1038 3201 1073 3266 in
1087 3225 1185 3267 unum
1198 3205 1350 3291 episcopi,

76 3326 119 3370 ne
141 3305 213 3390 quis
235 3304 349 3370 missas
370 3302 457 3368 foras
480 3303 642 3368 civitatem
664 3305 799 3388 teneret,
823 3302 912 3390 ser)
935 3301 988 3366 hio
1010 3324 1131 3389 omnes,
1159 3309 1195 3369 ut
1218 3309 1250 3371 et
1271 3309 1352 3372 mul-

81 3481 227 3487 *—
231 3480 321 3487 ——u-
335 3481 339 3485 .

76 3582 126 3632 102
161 3578 182 3643 ¹)
201 3575 219 3629 b
232 3591 267 3630 cc
279 3578 391 3632 obducet.
420 3573 473 3628 Hic
485 3575 557 3629 forte
569 3575 683 3644 praeter
695 3574 868 3629 Dorotheum
880 3575 935 3629 duo
948 3574 988 3629 illi
1003 3577 1136 3631 notantur
1148 3577 1285 3649 episcopi,
1303 3580 1352 3650 qui

73 3661 104 3715 in
120 3659 264 3732 superiore
282 3659 402 3730 epistola
419 3658 548 3713 dicuntur
565 3676 583 3714 a
599 3659 743 3714 Dorotheo
761 3659 797 3714 ad
816 3660 1052 3730 congrediendum
1071 3678 1133 3715 oum
1151 3663 1246 3732 legato
1264 3664 1350 3734 missi,

73 3748 108 3801 ut
125 3764 190 3817 quos
206 3745 253 3800 ille
270 3750 368 3801 edebat
385 3751 550 3800 adversarior
567 3764 624 3800 esse
642 3751 749 3814 nepotli,
772 3747 890 3815 propter
907 3745 983 3815 quod
1000 3745 1143 3801 lohannes
1161 3748 1298 3804 veniebat.

142 3829 219 3899 00¹
232 3835 260 3885 a¹
278 3842 304 3885 et
320 3837 387 3895 ruis,
410 3831 477 3885 boc
495 3834 550 3884 Sed
570 3836 639 3900 quoa
658 3842 683 3884 et
704 3836 764 3887 sals.
807 3829 926 3901 Propius
949 3832 1032 3886 abest
1054 3832 1151 3887 nostra
1174 3834 1309 3889 correctio
1332 3854 1350 3891 a

71 3914 244 3987 primigenia
259 3915 386 3970 lectione.
417 3915 490 3970 Nam
507 3915 537 3969 in
553 3914 695 3969 veteribus
713 3913 791 3969 libris
808 3915 937 3985 frequens
955 3916 999 3970 cst
1014 3929 1054 3970 set
1070 3933 1123 3987 pro
1141 3924 1199 3982 sed,
1220 3922 1249 3973 et
1266 3918 1349 3976 libra·

71 3999 121 4054 riis
138 3998 278 4056 familiare
296 4001 338 4055 est
349 3999 424 4055 vocis
441 4000 558 4070 alicujus
575 4000 698 4056 litteram
716 3999 845 4070 primam,
863 4018 949 4069 quum
968 4001 1066 4056 cadem
1084 4001 1185 4057 desinit
1201 4021 1255 4060 vox
1272 4007 1349 4062 ante·

70 4084 191 4152 cedens,
211 4083 349 4140 omittere.

142 4172 165 4239 ')
183 4168 218 4225 G'
232 4173 260 4224 α’
278 4174 337 4224 triac
355 4176 380 4224 in
398 4183 535 4240 conspectu
552 4183 637 4226 oestro
657 4170 702 4238 (G¹
723 4173 829 4240 nostra).

139 4255 163 4324 ⁸)
182 4252 286 4325 Supple
304 4274 348 4310 coc
366 4261 459 4310 credin.
494 4255 560 4309 Mox
577 4254 640 4311 ideo
658 4276 704 4311 nos
722 4267 833 4312 moratos
851 4256 959 4325 dicunt,
982 4258 1048 4327 quia
1066 4275 1152 4326 quum
1167 4259 1228 4330 ipse
1244 4260 1347 4317 Joban·

67 4356 121 4396 nes
145 4339 270 4410 graviter
287 4357 396 4407 mesas,
420 4341 480 4395 tum
503 4340 557 4395 duo
580 4340 665 4412 ipsius
687 4341 768 4411 pueri
789 4358 851 4397 oum
873 4341 983 4412 hospite
1006 4345 1098 4400 necati
1119 4345 1182 4399 sint.
1224 4343 1346 4402 Subinde

66 4429 196 4481 laborare
212 4440 268 4480 non
285 4424 315 4479 id
332 4425 408 4495 quod
425 4446 513 4495 apere,
532 4426 580 4480 sed
598 4428 695 4482 contra
710 4435 787 4495 plura
805 4433 900 4481 audere
919 4449 950 4482 ac
967 4436 1051 4484 aeolici
1066 4432 1155 4485 sonat.

138 4512 162 4579 ο)
180 4509 212 4564 In
234 4510 309 4580 priua
326 4510 448 4581 vulgatis
470 4517 586 4566 teneret?
622 4514 676 4566 Sed
692 4516 750 4567 blac
766 4533 864 4581 omncs,
887 4525 927 4567 ut:
950 4514 1027 4569 locus
1046 4514 1121 4570 omni
1139 4516 1289 4573 destitutus
1306 4518 1346 4573 in·

65 4595 199 4661 tellecta,
221 4595 269 4665 qui
291 4596 403 4665 quidem
425 4599 534 4652 mutata
557 4597 792 4667 interpunctione,
815 4600 900 4667 atque
923 4605 964 4655 talc
984 4619 1036 4671 pro
1060 4606 1129 4664 linc,
1157 4604 1189 4656 ut
1210 4605 1239 4658 et
1260 4604 1345 4674 paulo

65 4685 138 4739 anae
162 4679 320 4738 sedendum
342 4681 407 4748 fuit,
431 4682 558 4737 restituto
577 4683 640 4753 Jam
662 4682 772 4753 integer
794 4682 928 4739 redditur.
974 4685 1061 4754 Ajunt
1083 4689 1196 4743 cautum
1218 4705 1290 4758 esse,
1312 4693 1345 4746 ut
