3412 5664
729 327 901 379 arrsroan
923 317 973 374 42.
1425 315 1489 378 463

302 480 565 565 Evangeliumlss)
587 481 717 544 nomine
741 479 979 543 Bartholomaei
1002 479 1140 563 apostoli
1164 480 1392 565 apocryphum.
1509 490 1588 538 attis

302 582 564 668 Evangelium⁴⁹)
587 583 717 646 nomine
741 582 890 645 Andreae
913 582 1048 666 apostoli
1071 585 1299 666 apocrypham.

301 684 539 770 avangelista),
563 707 644 769 quae
666 684 796 748 falsavit
818 684 989 767 Larianus,
1014 684 1207 768 apocrypha.

302 786 542 872 Evangelia⁵¹),
566 808 647 870 quae
670 786 800 849 falsavit-
822 785 1013 870 Hesychius,
1038 787 1232 870 apocrypha.

306 888 399 952 [iiber
421 888 459 952 de
481 889 621 953 bisantia
644 887 818 952 Salvatoris
841 888 1052 972 apocryphus.

303 991 399 1055 Liber
429 990 468 1054 de
495 990 666 1059 nativitate
700 990 875 1054 Salvatoris
910 995 942 1054 et
975 991 1013 1053 de
1046 990 1149 1054 Maria
1182 991 1281 1075 vel⁵²)
1314 991 1487 1056 obstetrice

211 1092 430 1177 apocryphus.

304 1197 334 1259 7.
378 1194 483 1276 Libcr,
507 1195 560 1278 qni
584 1193 765 1278 appellatur
787 1193 940 1276 Pastoris,
962 1194 1176 1279 apocryphas.

304 1296 390 1361 hibri
412 1318 533 1379 omncS,
557 1318 635 1380 quos
657 1297 736 1362 fecit
751 1297 931 1382 nesciusw)
955 1296 1130 1380 discipulus
1145 1296 1274 1380 elisabeli,
1300 1299 1484 1382 apocryphi.
1568 1317 1571 1332 ¹

211 1570 346 1623 Themae
362 1570 397 1623 ab
415 1568 563 1622 haereticis
581 1568 765 1638 adscriptum,
784 1585 902 1636 quorum
920 1586 1005 1622 unum
1018 1568 1168 1636 Gnostieis,
1187 1569 1306 1623 alterum
1319 1569 1487 1626 Manichacis

211 1654 281 1706 nsni
296 1655 362 1707 emt.
392 1651 447 1706 Sed
459 1648 500 1707 ”de
518 1671 551 1708 eo
570 1670 637 1720 nno,
656 1671 711 1720 quo
723 1654 877 1708 Manichaei
896 1656 1059 1720 utebantur,
1078 1653 1123 1708 hie
1135 1670 1226 1707 sermo
1239 1657 1289 1708 est.
1319 1656 1379 1709 Hoc
1392 1659 1486 1710 antem

210 1738 324 1807 Cyrillo
341 1738 592 1807 Hierosolymiiano
611 1739 745 1793 catech.6
764 1759 789 1792 n.
804 1746 834 1793 31
854 1741 938 1806 teste,
963 1739 1084 1793 Thomas
1106 1739 1220 1807 quidam
1239 1757 1254 1792 e
1277 1740 1367 1793 tribus
1390 1741 1487 1809 primis

209 1821 346 1877 Manem
356 1822 495 1892 discipulis
513 1841 583 1877 unus
600 1827 804 1893 composuerat.
833 1824 977 1892 Evangelii
990 1824 1114 1878 Themae
1127 1826 1162 1878 ab
1176 1825 1325 1879 haereticis
1338 1825 1486 1895 conscripti

210 1908 368 1961 meminere
386 1907 520 1963 Eusebius
537 1909 564 1961 h.
578 1925 602 1962 e.
615 1909 665 1973 lll,
684 1916 729 1975 25,
748 1909 933 1977 Hieronymus
956 1925 1079 1978 prooem.
1100 1912 1246 1963 comment.
1267 1911 1294 1962 in
1312 1910 1486 1966 Matthaeum

209 1997 242 2046 et
262 1993 394 2046 Leontius
411 1992 447 2045 dc
465 1993 548 2046 scetis
566 1992 614 2048 lib.
628 2000 652 2048 3.
682 1995 851 2062 Arigustinns
869 2011 980 2062 quoque
999 1996 1096 2047 contra
1113 1995 1245 2048 Faustam
1264 1994 1339 2047 XXII
1358 2013 1380 2048 e.
1401 2000 1433 2048 ts
1451 1994 1488 2048 ad

209 2077 294 2132 idem
311 2095 379 2147 opus
397 2078 516 2131 maxime
535 2078 658 2147 respicit,
677 2079 723 2131 nbi
742 2079 862 2149 prirnnm
880 2080 1035 2148 praefatur:
1060 2086 1144 2147 repunt
1160 2086 1304 2147 scripseras
1322 2084 1488 2149 apocryphos

209 2166 368 2217 Manichaei
383 2185 399 2216 u
416 2170 501 2217 neseio
520 2169 608 2233 picibus
623 2169 750 2218 sutoribus
766 2169 909 2232 schedarum
927 2171 974 2219 sed
995 2171 1166 2232 apostolorum
1184 2172 1281 2219 nominc
1304 2171 1430 2235 scriptas,
1455 2182 1488 2219 ac

209 2247 319 2301 deinde
336 2247 459 2315 subjicit:
480 2253 523 2302 Ibi
539 2260 620 2303 lamen
639 2256 723 2317 leprtnt
740 2257 881 2319 apostolum
897 2254 1025 2309 Thamara,
1044 2271 1116 2320 qiteem
1134 2261 1201 2303 essct
1219 2256 1244 2303 in
1263 2256 1370 2320 qaedam
1388 2256 1488 2319 nuptia-

208 2353 269 2385 ηε
289 2338 401 2387 concivio
419 2339 572 2403 perepriaus
589 2346 615 2388 et
631 2354 740 2408 prorsas
757 2332 950 2404 incapacem
969 2341 1076 2405 piendam
1098 2337 1213 2389 ministro
1235 2343 1320 2404 palma
1341 2355 1487 2404 pervasorem

210 2424 379 2488 inprecatam
394 2423 476 2485 faisse
494 2424 595 2475 homini.

286 2523 318 2588 ⁴⁸)
337 2518 369 2573 0²
380 2519 413 2573 ΕΙ
425 2520 463 2574 11³
475 2521 512 2574 H*
524 2522 560 2575 114
570 2520 606 2575 0⁴²
620 2526 646 2576 Γ
655 2525 672 2591 β
691 2525 719 2576 et
742 2524 912 2594 exemplaria
930 2522 1094 2577 Hormisdae
1113 2527 1255 2592 Evangelia
1326 2529 1486 2594 apocrypha.

213 2603 361 2673 Evangelii
387 2605 471 2675 hujus
497 2607 648 2661 secandum
676 2608 921 2662 Bartholomaenm
949 2609 1118 2681 mentionem
1144 2608 1251 2662 iaeirrnt
1272 2609 1434 2663 Ambrosius
1458 2610 1486 2662 in

215 2689 322 2744 Lucam
339 2691 384 2744 lib.
400 2698 413 2745 1
432 2697 490 2745 ni
508 2694 537 2745 ct
559 2691 743 2765 Hieronymus
766 2710 889 2762 prooem.
915 2694 941 2745 iu
966 2694 1064 2747 Matth.
1089 2711 1121 2746 er
1141 2693 1269 2762 Origenis
1291 2693 1435 2747 homilial
1459 2693 1485 2746 in

217 2773 330 2829 auam.

289 2863 319 2928 ⁴⁹)
336 2860 369 2914 11*
386 2878 499 2932 prorsus
516 2863 568 2917 hoc
586 2863 703 2929 omittit,
726 2865 758 2916 0²
776 2864 879 2917 delevit
900 2863 1021 2918 secunda
1038 2881 1122 2917 mann
1142 2869 1265 2918 Andreae
1288 2864 1402 2932 ejusque
1425 2863 1486 2917 loco

222 2944 315 3011 pauit
331 2949 511 3003 Bartholomai.

291 3049 321 3114 ⁵⁶)
337 3047 369 3101 F'
386 3054 551 3120 Eranpelinn
572 3071 642 3121 quem
714 3051 765 3105 Hie
784 3053 928 3105 ‹nnlinnat
946 3050 1085 3120 Gelasius,
1109 3050 1183 3120 quod
1201 3050 1385 3119 Hieronymus
1407 3067 1484 3120 prae-

233 3130 279 3183 iet.
294 3131 320 3185 in
335 3150 430 3204 evang.
450 3134 488 3189 ad
505 3135 656 3189 Damasum
679 3137 802 3207 scripsit:
839 3141 1021 3190 Praetermitto
1043 3156 1087 3190 eos
1108 3142 1221 3199 codices,
1245 3156 1308 3206 qnos
1330 3157 1347 3189 a
1370 3140 1486 3190 Lariano

236 3225 266 3293 el
277 3218 391 3287 Hesychia
409 3232 566 3290 nuncupatos
584 3242 721 3290 paucorum
738 3228 859 3276 hominum
877 3227 973 3275 asserit
987 3241 1112 3289 perversa
1128 3228 1256 3276 eontentio
1262 3243 1272 3281 ,·
1295 3225 1382 3292 quibus
1400 3228 1486 3290 utique

239 3315 282 3350 *tt
297 3306 319 3354 1¹¹
336 3316 387 3360 toto
408 3312 492 3360 veteri
510 3313 674 3361 lustramenta
695 3321 755 3377 post
774 3312 851 3361 LXX
870 3314 1025 3376 interpretes
1045 3314 1180 3362 mandare
1202 3313 1264 3378 qaid
1285 3312 1367 3370 licuit,
1392 3326 1438 3361 neo
1458 3312 1485 3360 in

242 3400 296 3438 ⁸⁰⁸⁰
309 3397 446 3446 emendasse
461 3396 571 3461 profuit,
589 3413 662 3463 quana
678 3399 809 3446 multarum
824 3399 934 3463 peritiam
952 3398 1043 3461 linquis
1062 3397 1199 3462 Scriptura
1216 3403 1276 3446 ante
1295 3398 1422 3446 translata
1439 3397 1485 3446 do·

245 3479 293 3520 ⁰²⁶¹
303 3476 360 3535 [elta
376 3496 419 3530 ese
436 3496 501 3546 qaae
518 3483 608 3531 addita
624 3489 691 3531 sunt.

301 3571 326 3640 ⁹¹)
339 3575 367 3631 In
383 3576 417 3631 H*
433 3577 468 3631 rt
480 3577 517 3632 H*
534 3579 588 3633 hoc
604 3597 717 3650 prorsus
735 3580 881 3635 omittitur.
919 3581 952 3634 Εἰ
965 3581 999 3634 Ρ*
1011 3580 1078 3650 Ηθβ
1097 3585 1260 3650 Eneapetr'nm
1282 3586 1352 3650 quod
1372 3585 1485 3648 sanavit.

249 3643 332 3711 nimie
348 3665 372 3715 Γ
379 3663 397 3732 β
415 3666 512 3727 Irieus,
532 3663 563 3717 C¹
583 3669 704 3734 Aeycius,
724 3667 756 3719 (1ι
773 3671 889 3727 Vsieias,
907 3667 944 3720 K⁴
956 3671 1087 3728 Easiee'ns,
1105 3673 1121 3721 2
1139 3666 1186 3719 alii
1199 3684 1262 3720 eum
1274 3665 1314 3719 ΡΝ
1327 3669 1432 3729 Inicias,
1451 3666 1484 3719 Ο1

165 3804 168 3815 ,
252 3734 374 3806 1*st
392 3751 510 3803 aaran
527 3750 568 3816 (et
585 3748 649 3803 add.
668 3767 720 3806 sec.
741 3754 836 3818 manu)
855 3763 880 3805 et
897 3757 1004 3813 Lucios,
1023 3751 1060 3805 Η3
1079 3755 1205 3818 Histriae,
1224 3751 1262 3804 Xk
1280 3756 1411 3820 Hystcius.
1438 3751 1487 3805 Le·

165 3848 167 3859 ·
252 3821 345 3883 ΜΝ
360 3847 420 3889 essa
439 3838 583 3903 Hesychius
600 3851 634 3888 cx
652 3834 743 3889 verbis
762 3835 923 3906 Hieronymi
941 3835 1068 3906 proxime
1087 3835 1178 3890 allatis
1197 3838 1325 3906 apertum
1344 3840 1393 3891 est.

303 3928 410 3996 'radia
427 3945 465 3998 et,
482 3951 603 4009 moxque
622 3953 685 3992 eum
702 3936 734 3990 F‘
751 3939 815 4004 (sec.
835 3942 930 4007 manu)
948 3938 1055 3992 addunt
1072 3938 1186 4007 quidam
1204 3945 1270 4007 ejus.

303 4028 369 4097 'lc'
385 4037 487 4108 (prima
503 4041 612 4108 manu),
635 4041 667 4094 nt
687 4040 716 4093 in
734 4040 940 4109 exemplaribus
957 4040 1135 4107 Hormisdou,
1157 4046 1265 4106 Lucius,
1282 4042 1330 4111 til
1349 4045 1484 4103 Lucienus,

249 4104 304 4202 Ml
315 4111 484 4178 mellensis
502 4127 642 4179 Seleuciae.
670 4124 769 4179 Verius
787 4111 848 4179 aliis
865 4126 894 4179 r'n
911 4125 990 4178 libris
1009 4127 1038 4180 et
1054 4125 1086 4179 Ο*
1104 4141 1157 4180 see.
1171 4142 1256 4180 manu
1270 4130 1388 4182 Leuetm.
1415 4126 1486 4181 Hae-

252 4192 313 4249 “id
325 4200 395 4274 hujm
411 4210 443 4262 et
459 4212 585 4264 actomm
603 4210 639 4264 ab
658 4209 718 4279 ipso
738 4211 956 4280 conscriptorum
974 4210 1126 4265 meminere
1144 4211 1320 4266 Innocentius
1338 4212 1350 4265 l
1368 4211 1449 4282 epist.
1469 4217 1485 4264 t»

249 4293 274 4329 ¹²
284 4285 317 4348 ¹³,
328 4290 490 4360 lumnam
507 4293 543 4349 de
561 4293 630 4349 actis
649 4311 711 4348 cum
724 4294 816 4349 Felice
827 4295 992 4351 Manichaeo
1005 4296 1039 4362 ll,
1052 4301 1081 4363 6,
1098 4296 1220 4350 Hvodius
1239 4313 1288 4351 seu
1305 4302 1403 4350 auctor
1420 4295 1484 4349 libri

248 4360 280 4416 δὲ
294 4365 335 4425 lt
353 4379 448 4433 nnita
464 4377 643 4434 saucians
660 4379 746 4450 (apua
763 4380 960 4451 signanum)
980 4397 1040 4450 cap.
1059 4388 1083 4435 s.
1119 4381 1212 4436 suam
1230 4380 1305 4452 apua
1324 4380 1403 4434 mos.
1424 4379 1483 4434 coe.

247 4454 287 4505 ¹¹⁴
304 4457 399 4522 illidam
419 4461 568 4527 Λεύκιος
587 4468 738 4532 Χαρῖνος
756 4467 936 4520 memoratur.
971 4465 1013 4520 De
1031 4464 1080 4520 illo
1098 4465 1214 4534 ahisque
1232 4465 1355 4534 ejusdcm
1377 4464 1484 4519 farinae

242 4537 377 4613 baefias,
399 4565 473 4616 quac
497 4549 643 4605 'l'nrribius
660 4550 846 4605 Asturieensis
864 4551 1011 4620 episeopus
1033 4549 1109 4621 apud
1127 4552 1249 4605 Leonem
1266 4550 1332 4605 edit.
1351 4549 1482 4604 Ballerin.

238 4628 296 4697 Μ
308 4624 382 4697 ipsus
399 4632 499 4689 Leoms
516 4633 665 4705 epistolam
686 4641 717 4690 15
735 4635 834 4704 tradit,
852 4653 908 4690 nou
927 4637 962 4691 ab
981 4652 1010 4689 re
1028 4635 1113 4690 luerit
1129 4635 1174 4689 hie
1192 4634 1355 4690 exscribere.
1387 4634 1436 4688 Ille
1448 4634 1483 4688 de

235 4709 379 4772 fflthaca
398 4722 476 4773 secta
497 4720 655 4789 praefatus,
678 4727 769 4790 caph
787 4721 894 4776 subdit:
925 4727 978 4776 Per
999 4728 1075 4789 enjus
1097 4724 1211 4790 (aecae)
1234 4732 1352 4775 auctores
1374 4726 1414 4774 vel
1435 4740 1485 4789 per

232 4807 305 4872 ἤρα·
321 4809 449 4867 nasim
467 4811 611 4875 principem
632 4811 735 4861 Manem
757 4827 789 4860 ae
811 4813 950 4877 discipulos
973 4812 1030 4875 ejus
1052 4811 1130 4861 libros
1153 4826 1237 4861 omncs
1259 4809 1425 4874 apocryphos
1445 4811 1486 4860 sel

228 4893 366 4957 conpositae
387 4894 428 4945 oei
449 4895 559 4959 infectos
576 4910 632 4946 etse
649 4897 808 4960 manifestum
831 4903 878 4947 est.
914 4897 1068 4962 Specialiler
1089 4904 1171 4947 autem
1188 4904 1261 4946 aetia
1282 4896 1351 4957 illos,
1374 4897 1417 4961 qni
1439 4911 1481 4946 oo·
