3412 5664
660 343 859 392 PRAEFATIO
882 343 1059 392 anlroels.
1421 347 1493 393 XXV

257 507 409 582 ditioribus
437 506 669 596 llionpsr‘oois
696 503 921 575 instructum
948 501 1137 574 Ballerinii
1164 503 1187 573 1.
1217 526 1246 576 0.
1275 527 1308 597 p.
1337 503 1389 574 llI
1416 529 1445 578 c.
1469 508 1490 577 3

254 653 281 700 n.
304 628 319 697 2
339 624 448 696 etiam
480 622 745 718 perantiquum
771 622 932 695 codicem
960 621 1265 694 Vercellensis
1293 623 1491 716 capituli

247 749 311 840 jam
323 743 456 815 0000010
475 741 507 813 X
526 742 574 813 ab
591 740 730 813 Attene
748 742 915 835 episcopo
933 745 1156 835 usurpatum
1173 741 1340 813 laudant.
1370 741 1491 826 Quum

251 867 281 936 in
301 863 356 934 illis
377 861 560 934 codicibus
578 860 754 933 Romanis
780 860 950 932 tabulam
968 860 1133 953 capitum
1153 858 1262 931 CXLI
1288 861 1488 956 inscriptio,

250 980 399 1078 praelatio
432 984 471 1053 et
513 980 621 1051 index
655 980 903 1073 capitulorum
935 976 1015 1049 000
1049 978 1224 1051 breviarii
1257 979 1490 1055 Cresconiani

248 1100 417 1194 excipiant,
451 1099 647 1172 cardinalis
679 1098 859 1170 Beronius
891 1097 1172 1169 Vallicellanum
1206 1103 1376 1171 nostrum
1402 1099 1487 1190 Ab,

248 1219 373 1291 Romani
400 1218 558 1290 editores
585 1217 827 1310 epistolarum
861 1215 1135 1310 pontificiarum
1163 1220 1290 1290 autern
1317 1219 1490 1292 similiter

248 1336 440 1411 Vaticanum
463 1339 558 1409 1353
584 1336 732 1409 nominc
752 1338 1000 1408 Cresconinnnc
1018 1337 1222 1407 collectionis
1247 1337 1383 1430 ubique
1408 1339 1487 1410 lau·

243 1456 328 1542 dant,
363 1456 398 1527 id
438 1456 534 1550 quod
567 1454 784 1528 Constantio
816 1456 884 1528 hoc
917 1454 1095 1528 nescienti
1131 1455 1268 1528 multos
1299 1458 1487 1551 scrupulos

242 1575 333 1647 novit
357 1575 465 1665 (conf.
485 1574 604 1647 Praef.
625 1574 686 1647 cit.
707 1597 742 1644 n.
769 1575 984 1646 12500127
1014 1577 1053 1646 00
1079 1597 1178 1668 saep.
1207 1575 1245 1645 in
1272 1575 1358 1646 edit.
1378 1576 1484 1670 ipsa).

240 1693 317 1765 Alios
346 1694 484 1767 codices
523 1694 632 1787 hujus
666 1692 830 1764 familiae
863 1717 887 1764 a
919 1692 1128 1765 Balleriniis
1154 1693 1178 1764 l.
1203 1717 1233 1765 c.
1260 1717 1294 1786 p.
1318 1692 1371 1764 111
1405 1717 1434 1767 c.
1462 1698 1483 1765 2

240 1813 511 1899 0010000000,
540 1810 818 1883 Vaticanum
845 1814 960 1883 411611
990 1815 1029 1883 00
1056 1809 1329 1884 Vaticanum
1356 1812 1484 1886 Pala·

239 1931 467 2019 11000518,
501 1954 573 2002 non
607 1930 759 2024 inspexi.
813 1928 1145 2003 Vallicellanus
1179 1929 1324 2001 XVIII
1356 1936 1484 2005 autem

236 2048 346 2122 ibidem
371 2049 567 2138 adductuS,
596 2049 655 2121 fol.
675 2061 774 2121 max.
803 2050 947 2162 formae
963 2049 1036 2121 280
1064 2072 1108 2121 ex
1126 2049 1270 2121 saeculo
1288 2048 1321 2120 X
1348 2055 1416 2123 aut
1433 2051 1484 2123 XI

235 2169 313 2240 inter
333 2170 438 2241 varia
463 2172 706 2241 monumenta
731 2169 908 2241 canonica
934 2167 1041 2258 (conf.
1070 2167 1169 2239 infra
1195 2171 1340 2260 0170)
1367 2170 1482 2243 etiam

232 2291 376 2361 nostram
402 2288 653 2361 collectionem
680 2287 824 2390 habet.¹

313 2405 381 2479 Sed
407 2411 555 2500 praeter
581 2407 679 2495 illoc,
708 2407 779 2478 duo
805 2407 896 2478 alios
921 2405 1128 2478 Hadrianos
1156 2407 1381 2499 perlustrare
1399 2431 1481 2482 con·

229 2525 314 2619 tigit,
340 2526 403 2620 qui
427 2549 517 2598 sane
544 2526 641 2598 inter
666 2526 802 2620 primos
829 2525 1001 2619 ponendi:
1031 2525 1170 2598 00111000
1189 2522 1480 2601 Sessorianus

226 2642 349 2715 LXIII
376 2645 680 2717 membranaceus
707 2644 767 2716 fol.
795 2667 893 2716 max.
923 2643 1063 2716 formae
1084 2646 1155 2713 232
1184 2648 1311 2718 aetate
1337 2648 1480 2720 auctori

222 2785 279 2833 suo
302 2787 438 2858 suppar
464 2764 575 2854 (sicut
593 2764 786 2858 catalogus
813 2762 1029 2857 pontificum
1048 2763 1086 2834 in
1105 2761 1294 2835 Hadriano
1312 2764 1479 2838 desinens

221 2882 330 2953 innuit
363 2887 401 2954 et
434 2883 693 2956 characterum
733 2882 853 2954 forma
886 2881 1113 2972 confirmat),
1154 2886 1192 2955 et
1226 2881 1478 2956 Vaticanus

219 3002 326 3071 reio
361 3002 421 3074 fol.
449 3025 546 3074 max.
575 3001 715 3073 formae
747 3002 832 3089 124,
868 3001 988 3094 priore
1020 3001 1081 3072 vix
1115 3001 1313 3088 recentior,
1349 3003 1477 3075 multis
1543 3068 1549 3079 .

218 3120 376 3213 partibus
401 3124 531 3192 tamen
558 3120 722 3192 mutilus

310 3242 342 3310 a.
396 3237 499 3311 Inter
530 3238 636 3334 longe
668 3239 883 3333 praecipuos
923 3239 1162 3333 epistolarum
1203 3238 1476 3331 pontificiarrun

218 3359 326 3431 sontes
353 3357 521 3452 ponenda
548 3361 604 3430 000
631 3358 695 3429 1110
721 3358 900 3446 collectio,
935 3380 1030 3452 quae
1057 3381 1081 3429 a
1107 3356 1300 3451 principali
1326 3381 1392 3431 000
1419 3382 1474 3432 00

215 3476 285 3550 dice
314 3477 529 3551 monasterii
562 3500 590 3548 s.
618 3475 742 3549 Crucis
775 3476 902 3549 Fontis
929 3476 1128 3549 Avellanae
1163 3476 1201 3547 in
1228 3475 1381 3550 Umbria
1412 3479 1475 3551 siti

215 3596 428 3668 Avellana
461 3599 676 3689 nuncupata
710 3599 776 3668 est.
832 3594 932 3680 Quae
966 3599 1005 3668 et
1038 3596 1343 3669 documentorum
1370 3597 1474 3670 uber·

215 3718 287 3785 tate
304 3715 353 3803 (n.
375 3716 463 3805 246)
491 3718 529 3786 00
555 3717 681 3787 textus
708 3716 901 3810 genuitate
927 3716 1003 3787 fere
1021 3738 1148 3788 omnes
1167 3715 1367 3804 antecellit,
1397 3716 1473 3788 lon·

215 3831 305 3904 tibus
336 3855 427 3927 quos
454 3837 582 3906 secuta
608 3838 665 3918 est
698 3835 875 3928 primario
900 3834 1060 3927 quodam
1087 3835 1172 3927 jure
1198 3833 1337 3928 gaudet
1364 3835 1472 3924 (conf.

214 3950 441 4023 temtantius
468 3952 490 4024 1.
519 3975 548 4024 0.
577 3976 612 4024 n.
637 3956 724 4054 166,
751 3952 940 4026 Ballerinii
965 3954 988 4025 1.
1009 3977 1038 4025 0.
1067 3977 1101 4047 p.
1120 3950 1156 4023 Π
1182 3977 1211 4026 0.
1236 3955 1306 4043 12).
1353 3952 1472 4036 Quum

215 4070 306 4142 nulla
322 4071 544 4144 documenta
562 4071 695 4168 Vigilio
713 4097 811 4166 papa
823 4073 974 4166 juniora
991 4073 1183 4167 praebeat,
1213 4072 1369 4145 forsitan
1390 4073 1472 4166 jam

214 4189 347 4261 0000010
373 4188 423 4260 Vl
449 4191 629 4285 originem
656 4191 763 4285 cepit.
810 4190 981 4285 Princeps
1008 4192 1086 4284 ejus
1112 4192 1223 4265 codex
1250 4195 1378 4264 autem
1405 4192 1472 4283 (f-

213 4306 334 4380 liorum
354 4334 452 4381 max.
481 4309 621 4383 formae
645 4312 745 4402 loo),
773 4312 836 4404 qui
863 4335 907 4384 ex
934 4310 1034 4384 dicto
1051 4311 1276 4384 monasterio
1295 4310 1471 4384 Avellano

213 4424 352 4500 demnrn
378 4433 536 4502 exeunte
561 4430 707 4502 saeculo
734 4428 817 4499 XVI
844 4430 882 4501 in
910 4430 1169 4503 bibliothecam
1197 4430 1470 4503 Vaticanum

213 4547 408 4619 translatus
435 4550 605 4637 (notatur
623 4549 660 4619 in
679 4571 761 4642 pag.
786 4553 816 4619 1:
838 4551 981 4620 llio-lum
998 4573 1040 4621 ca
1057 4551 1155 4622 libris
1175 4551 1470 4621 (1011100110θο-

210 4665 276 4756 len)
303 4665 656 4760 ianuariarum
687 4668 855 4761 signatus
883 4674 956 4758 est,
983 4670 1153 4762 quamvis
1179 4668 1357 4763 singulari
1384 4670 1469 4741 scri·

209 4791 334 4876 ptume
361 4785 552 4879 diligentia
578 4787 748 4863 excellat.
782 4787 843 4858 vix
875 4790 1020 4862 saeculo
1048 4788 1079 4858 X
1107 4792 1174 4860 aut
1200 4788 1307 4860 initio
1333 4790 1469 4861 saeculi

207 4899 254 4973 XI
279 4904 468 4998 antiquior
485 4909 552 4977 cst.
597 4905 707 4999 Cujus
727 4908 940 5002 apographa
957 4912 1045 4979 sunt
1063 4907 1310 4980 Vaticanus
1339 4909 1466 4994 3787,
