3450 5678
266 273 324 337 178
724 284 752 330 s.
770 279 938 331 arnsurcn
960 279 1074 328 caess

162 445 325 524 arrosus,
357 439 396 504 ad
419 437 587 504 ecclesiam
614 440 689 502 tuae
716 435 898 502 dilectionis
926 435 976 499 vel
1003 434 1043 498 ad
1073 432 1215 498 fidelium
1236 430 1402 497 domorum
1423 429 1539 495 limina

264 567 329 609 non
357 542 598 627 permitteretur
625 539 785 604 accedere.
830 537 931 614 Quem
960 540 1136 602 conventus
1163 557 1263 601 noros
1288 555 1347 620 pro
1368 554 1404 599 se
1425 531 1538 598 didici·

263 669 333 711 mus
356 643 559 710 comminari:
588 641 703 706 resolvi
726 641 924 722 existimans,
952 639 1036 724 quod
1064 640 1103 704 de
1125 660 1160 704 se
1181 637 1373 705 universalis
1393 633 1539 702 decrerit

264 748 448 815 auctoritas

348 852 379 914 2.
411 848 505 914 Unde
520 848 595 932 quia
617 849 749 912 sanctae
772 845 943 911 memoriae
958 845 1238 930 praedecessorum
1252 844 1472 931 nostroruml)
1486 863 1539 907 ex·

265 957 373 1017 stante
396 951 553 1032 doctrina,
579 953 691 1013 contra
713 970 809 1034 quam
831 947 923 1013 nefas
945 952 994 1011 est
1016 947 1190 1032 disputare,
1214 947 1356 1033 quisquis
1378 949 1467 1012 recte
1489 968 1538 1011 ss·

265 1077 340 1140 pere
367 1053 493 1118 videtur
528 1051 619 1116 novis
647 1050 876 1116 assertionibus
907 1073 972 1115 non
1005 1048 1132 1136 indiget
1163 1048 1305 1133 edoceri,
1349 1049 1406 1113 sed
1438 1048 1540 1134 plana

265 1152 361 1240 atque
384 1155 527 1239 perfecta
550 1158 626 1218 sunt
648 1153 767 1235 onmia,
791 1152 905 1238 quibus
927 1156 1034 1236 potest
1056 1152 1106 1216 vel
1128 1152 1280 1237 deceptus
1302 1150 1345 1216 ab
1366 1150 1541 1217 haereticis

266 1257 382 1321 crudiri
404 1256 454 1320 vel
477 1258 520 1326 in*
535 1257 628 1321 vinea
650 1255 781 1320 Domini
803 1253 999 1338 plantandus
1022 1253 1164 1337 institui3
1194 1253 1365 1338 implorata
1391 1251 1455 1318 lide
1478 1252 1541 1317 cle·

265 1359 455 1424 urentissimi
477 1358 633 1443 principis
657 1379 766 1423 vocem
788 1356 954 1421 faciendae
976 1357 1089 1441 synodi
1111 1356 1163 1421 lec
1178 1356 1296 1441 respui,
1319 1377 1381 1421 nec
1395 1354 1439 1419 sit
1454 1354 1542 1441 apud

266 1484 359 1526 aures
382 1462 582 1546 imperatoris
599 1459 776 1526 Christiani
798 1458 893 1544 pigra
914 1459 1091 1545 suggesti0‚
1115 1459 1190 1544 quia
1211 1459 1296 1524 salus
1311 1458 1381 1543 ejus
1397 1461 1431 1522 et
1444 1456 1542 1545 regni

266 1565 366 1650 ipsius
396 1563 542 1629 Christus
570 1568 619 1628 est
645 1561 809 1627 fortitudo.
846 1557 942 1646 'Ergo
972 1584 1043 1625 curn
1071 1561 1244 1645 praedictis
1275 1560 1474 1646 presbyteris
1502 1582 1544 1626 ac

267 1667 433 1732 monachis
455 1671 636 1752 opportune
659 1664 773 1749 pietati
795 1663 863 1746 ejus
891 1668 1001 1728 nostro
1023 1686 1147 1749 quoque
1169 1663 1299 1729 nornine
1320 1663 1480 1749 supplica,
1507 1666 1546 1729 et

267 1769 463 1855 legationem
485 1768 569 1834 hane
592 1791 649 1853 pro
672 1766 765 1831 nobis
787 1787 910 1851 quoque
940 1766 1129 1832 clementiae
1156 1767 1267 1851 ipsius,
1295 1786 1337 1831 ne
1363 1765 1441 1853 quid
1469 1766 1545 1833 sub

267 1871 454 1956 npiatur⁰)‚
489 1871 628 1935 insinua.
681 1869 833 1936 Omnium
860 1868 982 1954 pariter
1010 1869 1157 1954 precibus
1184 1869 1380 1953 instruatur,
1413 1890 1459 1934 ne
1483 1890 1547 1955 per

268 1973 494 2057 occupationes
516 1973 661 2057 publicas
684 1973 783 2057 quieti
806 1971 1042 2037 ecclesiasticae
1065 1972 1188 2067 aliquas
1210 1971 1361 2036 inimicus
1388 1971 1548 2037 moliatur·

269 2077 417 2142 insidias:
447 2075 630 2161 integritati
656 2096 731 2139 suae
753 2074 1008 2139 Alexandrinam
1030 2074 1119 2139 reddi
1142 2078 1284 2160 praestet
1299 2072 1487 2159 ecclesiam,
1510 2078 1549 2140 et

268 2179 355 2244 beati
379 2178 480 2242 Marci
509 2177 726 2263 evangelistae
754 2179 827 2242 sede
851 2176 974 2242 hostem
997 2176 1285 2265 parricidamquel)
1307 2176 1481 2262 propellat,
1512 2182 1550 2243 et

269 2282 406 2366 qualiter
435 2279 612 2344 catholicae
641 2279 714 2343 fidei
742 2282 891 2344 teneatur
918 2279 1105 2366 integritaS,
1140 2281 1176 2345 in
1203 2279 1421 2365 penetralibus
1450 2280 1550 2347 aulae

269 2406 345 2448 suae
373 2383 547 2469 dignanter
574 2382 725 2467 inquirat.
771 2382 859 2458 Quae
887 2404 928 2447 ne
956 2383 1064 2467 aliqua
1088 2382 1225 2447 forsitan
1248 2382 1322 2447 fidei
1344 2382 1550 2451 aemulorum

269 2486 382 2550 fraude
399 2485 575 2569 vitietur⁸),
600 2484 676 2548 licet
698 2484 731 2548 in
755 2485 907 2549 ecclesiae
929 2487 1004 2549 tuae
1026 2485 1151 2570 possint
1173 2485 1300 2551 scriniis
1320 2485 1473 2571 inveniri,
1497 2490 1550 2553 ta·

270 2609 343 2653 men
373 2587 567 2672 exemplaria
596 2587 739 2651 misimus
746 2638 755 2671 ‚
793 2610 875 2672 quae
897 2587 1011 2671 pietati
1039 2588 1138 2672 ipsius
1167 2586 1387 2675 properabis)
1415 2590 1548 2655 offerre.

270 2690 358 2754 Nota
380 2711 518 2774 rranrque
540 2693 572 2753 et
599 2690 746 2754 omnibus
775 2689 842 2754 illic
870 2690 1081 2774 potestatibus
1105 2690 1277 2774 celebrata,
1304 2713 1386 2777 quae
1407 2696 1551 2759 sanctae

271 2793 443 2858 memoriae
465 2791 689 2876 praedecessor
712 2815 799 2857 meus
822 2793 885 2857 beo
908 2793 948 2856 ad
972 2793 1238 2859 consultationem
1262 2798 1417 2880 augustae
1439 2816 1550 2861 recor·

272 2896 412 2960 dationis
435 2894 550 2959 Leonis
573 2895 737 2980 scripserit
747 2898 796 2981 ¹⁰),
822 2900 854 2960 et
875 2918 970 2981 quarn
987 2904 1178 2961 veneranter
1200 2901 1333 2982 accepta
1354 2896 1432 2981 sint,
1457 2920 1551 2965 reco-

271 3001 446 3084 gnoscant:
470 3001 626 3082 appareat
647 2999 704 3081 sic,
728 3000 764 3062 ut
787 2998 984 3082 confidimus,
1008 2999 1077 3082 ejus
1100 2999 1243 3065 imitator
1257 3000 1341 3082 fidei,
1366 3000 1458 3085 cujus
1472 3022 1551 3087 pro

271 3101 410 3184 pitiante
426 3100 493 3165 Deo
516 3100 645 3185 dignior
667 3105 716 3165 est
738 3123 901 3167 successor
915 3101 1052 3187 imperii,
1075 3101 1198 3187 sibique
1213 3102 1367 3187 scriptum
1381 3104 1550 3189 aestimet,

339 3325 360 3391 ⁵)
379 3321 549 3377 Nmninatim
564 3322 712 3377 Coelestini
731 3323 760 3376 et
777 3321 889 3389 Leonis,
908 3326 1004 3378 contra
1022 3339 1139 3392 qnorum
1157 3329 1299 3379 doctrinm
1316 3330 1452 3395 disputare
1469 3332 1552 3395 sesae

272 3409 381 3475 dicitnr,
399 3410 519 3463 muxirne
536 3408 685 3477 postquam
703 3405 775 3460 illius
793 3407 920 3462 doctrina
938 3410 973 3463 ab
993 3409 1133 3479 Ephesiae
1150 3410 1275 3476 coneilio,
1296 3409 1376 3465 istius
1392 3426 1413 3466 a
1429 3410 1551 3469 Calche-

273 3495 388 3548 dunensi
411 3511 444 3548 ac
466 3510 574 3548 summo
593 3492 715 3546 omnium
735 3492 913 3547 ecclesiarum
937 3512 1072 3550 consensu
1090 3495 1274 3565 comprobata
1296 3498 1346 3551 est.
1381 3494 1436 3551 Vel
1457 3496 1552 3555 etim

272 3586 498 3649 praedecessorum
515 3578 626 3631 nomine
644 3578 766 3631 Leonem
783 3576 915 3647 intelligit
932 3587 961 3634 ct
976 3581 1100 3636 Hilarum
1119 3584 1235 3651 propter
1253 3580 1423 3637 decretalem
1442 3582 1551 3653 episto

274 3665 337 3729 turn,
356 3683 411 3733 qua
427 3686 476 3734 per
494 3671 633 3719 uniuersum
652 3666 778 3717 Orientem
800 3663 885 3718 missa
903 3670 1131 3722 Calchedoaeascm
1152 3672 1273 3736 synodum
1290 3683 1325 3722 uc
1341 3678 1432 3723 tom
1448 3672 1552 3725 Lem

166 3819 171 3832 Ι
274 3752 449 3805 continuasse
467 3749 495 3803 in
514 3749 585 3803 libro
603 3747 754 3819 pontificali
773 3747 881 3804 dicitur.
912 3750 943 3804 ln
962 3753 1088 3821 sequenti
1107 3751 1299 3822 epistolant
1317 3750 1416 3807 lecturi
1434 3770 1550 3809 snmus:

172 3904 176 3911 Ι
275 3842 348 3901 (laced
364 3842 514 3905 uporstoticr‘s
532 3835 569 3904 lh.
584 3852 607 3889 e.
627 3834 797 3905 apostolicae
815 3835 898 3903 sedis)
921 3840 1032 3917 scurribus
1050 3858 1103 3890 cum
1120 3844 1269 3893 cirismatis
1289 3842 1423 3894 Ecclesiae
1438 3859 1552 3897 mm

274 3928 329 3975 ucie
346 3928 435 3976 nreruit
453 3926 705 3991 occupationesque
722 3925 832 3987 abscidi,
856 3927 965 3989 risorem
987 3942 1036 3977 nou
1058 3934 1144 3992 potest
1165 3944 1263 3978 arcuere
1286 3930 1446 3980 renascendi.
1486 3924 1552 3993 Qu!

274 4004 383 4059 ratione
402 4008 535 4071 firmatur,
553 4006 631 4060 nesus
651 4022 709 4059 osse
728 4005 878 4076 disceptari
896 4009 945 4061 aut
958 4009 1113 4075 retractari,
1133 4008 1207 4077 quod
1219 4009 1305 4063 totius
1317 4008 1460 4065 Ecclesiae
1474 4012 1554 4081 judi-

276 4091 317 4144 cio
336 4108 393 4158 sou,
411 4094 443 4144 ut
461 4109 522 4145 cum
541 4093 601 4161 ipso
620 4093 719 4160 loquar
736 4092 876 4162 pontifice,
893 4098 1044 4149 autumatis
1057 4098 1189 4148 Ecclesiae
1206 4113 1312 4148 assem
1329 4094 1478 4151 defirritum
1497 4101 1551 4155 est.

343 4180 364 4243 ὃ)
384 4177 426 4230 lla
443 4178 477 4229 (θ’
492 4176 539 4239 ue
558 4176 601 4229 cd.
620 4180 781 4246 srcbrepolrnz

342 4264 363 4328 ⁷)
383 4261 425 4314 ltu
447 4262 600 4317 vocabatur
618 4262 780 4317 Timotheus
802 4264 919 4318 Aclrrrus
941 4274 1057 4335 propter
1075 4266 1190 4320 caedem
1211 4264 1335 4336 episcopi
1353 4267 1396 4321 sui
1415 4266 1554 4339 Protei-ii,

276 4346 353 4414 cujus
371 4346 465 4401 sedem
483 4348 582 4417 postca
600 4347 708 4402 irrrasit.

344 4435 364 4500 ⁸)
383 4432 439 4485 bc⁷
448 4450 505 4500 seq.
525 4440 650 4488 vitientur.
679 4433 776 4487 Melius
794 4435 830 4489 ud
843 4440 907 4503 fider·
922 4442 1056 4507 intepretes
1073 4438 1192 4491 refertur
1208 4437 1261 4492 hoc
1279 4437 1404 4503 verbum,
1422 4437 1495 4497 lieet
1510 4458 1556 4499 se-

276 4535 363 4587 quens
381 4525 480 4587 possint
498 4518 534 4572 ad
552 4526 712 4588 exemplaria
730 4522 845 4588 spectet.

343 4608 365 4671 ⁹)
384 4604 402 4657 b
415 4606 441 4658 c⁷
457 4609 629 4674 praeparetis
646 4610 749 4674 offerri,
773 4606 848 4660 nulla
874 4610 1029 4677 impetente
1047 4608 1167 4677 ratione,
1194 4628 1244 4665 cur
1267 4608 1438 4680 primigenia
1462 4612 1556 4671 lectio

276 4691 385 4744 mutata
402 4690 445 4743 sit.

344 4778 376 4844 ¹⁰)
395 4775 561 4831 Praesertim
579 4776 608 4829 in
626 4776 744 4846 epistola
761 4784 817 4839 165,
835 4779 864 4832 iu
876 4797 932 4847 (qua
943 4780 1151 4835 acccuratissime
1169 4784 1198 4836 et
1209 4780 1402 4837 elimatissima
1418 4781 1491 4841 fidei
1509 4804 1559 4845 ex·

277 4859 379 4927 positio
398 4861 525 4915 habetur.
