3450 5678
609 345 780 398 amarem
805 334 875 393 125.
1324 329 1385 393 937

203 505 357 591 Iiber¹⁶),
382 503 436 590 qui
458 503 639 588 appellatur
659 501 902 566 Testamentum
923 498 1003 583 Job,
1027 499 1238 584 apocryphus.
1396 505 1425 574 (a
1443 505 1513 575 520.)

202 609 313 692 Liber,
337 608 392 693 qui
415 605 594 692 appellatur
615 604 820 669 Paenitentia
843 602 1009 688 Origenis,
1034 600 1244 688 apocryphus.

202 713 307 796 Liber,
331 711 385 796 qui
401 709 582 795 appellatur
595 706 801 772 Paenitentia
813 704 835 770 J
837 727 931 769 amne
946 707 979 769 et
993 704 1148 788 Mambre,
1172 703 1383 789 apocryphus.

146 816 151 824 ’
202 815 313 898 Liber,
337 814 390 899 qui
413 811 593 897 appellatur
615 809 723 876 Sortes
745 807 977 893 apostolorum,
1002 805 1212 893 apocryphus.

203 917 312 1000 Liber,
337 915 390 1001 qui
412 914 594 998 appellatur
614 912 674 977 Jus
683 912 721 996 17)
745 911 975 996 apostolorum,
999 907 1211 994 apocryphus.

201 1020 312 1102 Liber,
336 1019 391 1103 qui
413 1016 594 1102 appellatur
616 1013 763 1080 Canones
786 1013 1017 1096 apostolorum,
1041 1010 1252 1096 apocryphus.

203 1121 298 1186 Liber
319 1119 546 1204 Physiologus,
576 1117 618 1180 ab
645 1116 816 1181 haereticis
839 1115 1038 1198 conscriptus
1061 1115 1094 1177 et
1114 1113 1201 1178 beati
1222 1112 1386 1179 Ambrosii

119 1225 247 1290 nomine
269 1223 510 1307 praesignatus,
534 1221 744 1304 apocryphus.

205 1327 254 1391 11.
291 1324 436 1388 Historia
456 1322 588 1387 Eusebii
610 1318 772 1405 Pamphili
794 1318 988 1405 apocrypha.

203 1425 364 1513 Opuscula
385 1424 577 1489 Tertulliani
599 1423 792 1508 apocrypha.

203 1528 366 1614 Opuscula
387 1525 550 1591 Lactantii
572 1523 766 1610 apocrypha.

203 1629 365 1715 Opuscula
387 1628 534 1693 Africani
557 1626 751 1713 apocrypha.

202 1731 366 1816 Opuscula
386 1729 587 1795 Postumiani
610 1728 801 1814 apocrypha.

203 1833 364 1920 Opuscula
385 1832 551 1914 Montani,
578 1831 743 1896 Priscillae
766 1833 798 1895 et
820 1830 1016 1895 Maximillae
1038 1829 1231 1916 apocrypha.

202 1935 364 2021 Opuscula
386 1935 497 1999 Fausti
519 1933 699 1998 Manichaei
723 1935 916 2018 apocrypha.

202 2038 363 2124 Opuscula
385 2036 604 2102 Commodiani
627 2035 820 2121 apocrypha.

203 2140 365 2227 Opuscula
387 2139 518 2204 alterius
541 2138 715 2206 Clementis
738 2138 950 2203 Alexandrini
973 2138 1167 2223 apocrypha.

202 2242 363 2329 Opuscula
384 2242 491 2308 Tascii
513 2240 666 2326 Cypriani
688 2239 881 2326 apocrypha.

203 2344 364 2431 Opuscula
388 2343 524 2409 Arnobii
546 2343 739 2429 apocrypha.

202 2447 364 2533 Opuscula
386 2445 510 2510 Tieonii
534 2445 726 2531 apocrypha.

202 2548 364 2635 Opuscula
387 2547 532 2613 Cassiani
554 2547 732 2633 presbyteri
756 2546 928 2613 Galliensis
951 2547 1145 2632 apocrypha.

200 2625 365 2737 Cpuscula
387 2650 547 2715 Victorini
569 2650 782 2721 Pietabiensis
806 2649 997 2734 apocrypha.

202 2754 364 2839 Opuscula
385 2752 496 2817 Fausti
517 2752 688 2838 Regiensis
712 2751 887 2818 Galliarum
912 2750 1106 2836 apocrypha.

202 2856 363 2942 Opuscula
385 2854 551 2920 Frumenti
574 2854 668 2921 Caeci
691 2854 883 2939 apocrypha.

202 2957 362 3025 Centones
384 2957 423 3021 de
445 2957 587 3041 Christo,
611 2955 801 3042 Virgilianis
825 2956 1058 3042 compaginati,
1083 2955 1266 3041 apocryphi.

204 3060 253 3125 12.
298 3059 445 3144 Epistola
466 3059 544 3124 Jesu
567 3061 606 3124 ad
630 3061 796 3144 Abgarum
819 3058 1011 3143 apocrypha.

200 3161 348 3247 Epistola
370 3162 494 3246 Abgari
517 3163 556 3226 ad
578 3162 690 3227 desum
712 3160 905 3247 apocrypha.

201 3264 313 3329 Passio
335 3263 454 3339 Quirici
477 3268 510 3330 et
530 3263 651 3329 Julitae
674 3263 866 3348 apocrypha.

201 3366 312 3431 Passio
335 3365 466 3452 Georgii
489 3365 681 3452 apocrypha.

201 3468 382 3553 Scriptura,
407 3491 488 3554 quae
511 3469 691 3553 appellatur
713 3468 891 3535 Salomonis
914 3468 1114 3551 interdictio,
1139 3468 1331 3553 apocrypha.

203 3573 251 3638 13.
288 3570 484 3636 Philacteria
506 3571 624 3654 omnia,
648 3593 729 3656 quae
750 3593 817 3636 non
840 3571 1037 3657 angelorum,
1060 3572 1097 3634 ut
1118 3570 1165 3635 illi
1182 3571 1382 3656 confingrmt,

116 3674 172 3739 sed
193 3674 384 3739 daemonnm
405 3674 510 3759 magis
532 3673 714 3757 conscripta
736 3676 812 3738 sunt
833 3673 1031 3756 nominibus,
1057 3671 1249 3757 apocrypha.

200 3775 291 3841 Haec
318 3775 422 3841 ethis
445 3775 576 3859 similia,
606 3797 687 3861 quae
710 3775 820 3841 Simon
841 3775 974 3861 Magus,
1002 3773 1171 3859 Nicolaus,
1201 3774 1382 3862 Cerinthus,

115 3878 278 3963 Marcion,
302 3876 475 3961 Basilides,
498 3878 621 3960 Ebion,
645 3878 763 3943 Paulus
786 3878 883 3943 etiam
906 3878 1149 3962 Samosatenus,
1173 3876 1329 3944 Photinus
1352 3882 1385 3944 et
1493 3871 1494 3874 ¹

116 3980 277 4064 Bonosus,
312 3981 366 4066 qui
388 3979 484 4045 simili
508 4002 612 4044 errore
635 3981 836 4064 defecerunt,
870 3980 1045 4046 Montanus
1068 4003 1191 4066 quoque
1219 4004 1290 4047 cum
1318 3982 1384 4047 suis

115 4082 372 4148 obscoenissimis
393 4082 590 4167 sequacibus,
615 4084 845 4169 Appollinaris,
862 4082 1064 4167 Valentinus,
1089 4084 1154 4148 sive
1175 4083 1384 4150 Manichacus

115 4184 253 4249 Faustus
287 4185 479 4267 Africanus,
521 4183 694 4269 Sabelhus,
734 4186 848 4268 Arius,
888 4186 1111 4268 Macedoniae,
1145 4183 1322 4252 Eunomius
1333 4187 1381 4273 ¹⁸),

114 4285 290 4368 Novatius,
319 4285 507 4368 Sabbatius,
538 4285 704 4371 Callistus,
748 4286 912 4370 DonatuS,
942 4285 1150 4372 Eustathius,
1180 4286 1381 4370 Jovinianus,

115 4387 281 4474 Pelagius,
312 4388 462 4454 Julianus
491 4388 698 4473 Eclanensis,
737 4389 951 4474 Caelestinus,
987 4389 1218 4474 Maximianus,
1256 4388 1383 4453 Priscil-

112 4489 221 4554 lianus
244 4490 284 4554 ab
306 4489 476 4575 Hispania,
500 4490 667 4555 Nestorius
691 4491 1076 4577 Constantinopolitanae,
1105 4493 1264 4557 Maximus
1288 4489 1383 4575 Cyni·

184 4728 322 4798 ¹⁷)1taa.
352 4729 392 4782 J¹⁷
408 4733 498 4795 larsa,
521 4728 548 4781 Je
567 4745 629 4783 curn
647 4729 738 4784 Gelas.
764 4731 881 4801 exempl.
902 4736 972 4786 husa
995 4733 1077 4800 (conf.
1096 4732 1114 4785 l.
1135 4747 1156 4786 c.
1176 4733 1233 4785 not.
1248 4733 1299 4799 66).
1337 4728 1355 4784 S
1374 4760 1383 4769 -

115 4814 230 4882 quentia
247 4814 282 4868 de
299 4818 436 4868 canonibus
454 4821 625 4883 apostoloram
643 4815 744 4869 desunt
760 4816 789 4876 in
804 4816 920 4887 exempl.
935 4816 1026 4871 Gelae.

184 4901 215 4968 ¹⁹)
232 4899 260 4953 Jc
278 4898 341 4955 add.
361 4903 499 4962 Coroneus,
518 4900 652 4957 mendosa
669 4901 860 4958 antecedentis
878 4901 1016 4973 repetitio.
