3412 5664
333 319 395 386 794
772 340 798 382 s.
816 334 1024 384 noaursnss
1045 334 1160 382 esses

206 503 235 568 (a
253 491 461 566 mulcatione
484 491 686 574 cessavimus,
711 493 743 554 et
765 489 904 574 principi
926 488 1138 573 supplicando
1160 492 1192 553 et
1213 489 1395 554 sacerdotes
1416 491 1448 552 et
1464 500 1578 576 populo,

248 978 308 1031 Act.

232 1051 319 1111 sons.

333 592 542 677 admonendo,
566 596 603 657 ut
625 594 677 678 a⁵)
700 590 989 677 transgressoribus
1012 591 1160 675 absoluti,
1189 593 1230 655 ad
1252 596 1377 656 rectam
1398 612 1431 656 se
1450 591 1570 667 fidenel

333 694 449 758 affeetu
471 694 532 759 Dei
556 699 587 760 et
605 695 720 778 judicii
742 693 856 758 timore
880 697 1114 759 converterent.
1151 693 1213 759 Sed
1228 694 1408 759 obstinatio
1420 695 1562 767 mannis

332 796 518 882 pantanu)
541 796 627 880 illos,
662 818 722 861 nee
745 796 818 859 ullis
841 795 943 860 modis
965 796 1131 860 mortifera
1151 818 1278 861 venena
1300 796 1479 879 vincuntur,
1499 802 1559 866 nalo

333 899 453 962 semiue
485 898 557 961 fixis
593 899 627 962 in
663 899 801 962 deterius
830 898 1009 983 pullulante
1043 898 1213 962 radicibus,
1264 898 1372 983 Ergo,
1404 897 1554 967 dilectissimi

333 1001 460 1083 iratres,
485 1000 524 1064 ad
547 1000 655 1063 omnia
671 1005 889 1085 competenter
904 1001 1066 1084 instructi,
1090 1004 1215 1066 servate
1229 1023 1286 1065 vos
1301 1000 1495 1087 Ecclesiam)
1505 1002 1551 1085 liei,

334 1105 366 1166 et
388 1102 531 1185 apostolo
554 1102 711 1166 exsultate
735 1103 910 1186 conjuncti.

321 1267 326 1276 ,
417 1205 447 1269 3.
486 1204 553 1268 Nos
575 1207 682 1268 autem
704 1203 847 1269 libellum
868 1204 1022 1287 misimus,
1047 1204 1105 1268 sub
1127 1227 1189 1290 quo
1210 1206 1238 1270 si
1261 1205 1332 1289 quis
1348 1205 1551 1270 communionem

331 1309 472 1369 vestram
494 1306 533 1371 de
556 1305 774 1371 Orientalibus
798 1305 920 1370 clericis
943 1306 1140 1390 poposcerit,
1172 1307 1211 1371 nd
1240 1330 1311 1371 eam
1333 1306 1433 1391 possit
1456 1306 1550 1385 admitti,

332 1409 506 1472 seemulum
535 1410 661 1493 quemi)
690 1412 723 1472 et
750 1409 789 1471 de
817 1406 973 1472 Thraciae
1001 1412 1033 1473 et
1061 1408 1211 1493 Scythiae
1239 1408 1420 1494 illyricique
1449 1408 1551 1493 pertibus

332 1511 382 1574 vel
404 1510 497 1594 Epiri
518 1511 634 1574 veteris
657 1512 710 1574 sed
730 1515 763 1575 et
785 1510 977 1595 seeuinlael)
1006 1510 1117 1594 Syriae
1144 1511 1262 1575 multos
1286 1510 1356 1594 jam
1384 1514 1552 1575 constetisse

332 1617 511 1697 susceptae,
542 1613 719 1698 gaudentes
743 1613 781 1676 ad
805 1616 892 1676 recta
915 1612 1074 1676 confluere
1106 1617 1138 1677 et
1160 1612 1253 1677 devia
1275 1611 1455 1677 declinasse.
1490 1610 1553 1675 l'nde

333 1715 392 1778 sub
402 1716 439 1800 ¹⁰)
468 1714 659 1799 repetitione
687 1714 890 1796 mandamaS,
929 1717 966 1778 ut
993 1715 1097 1779 omnis
1126 1737 1201 1779 cura
1230 1718 1264 1779 et
1290 1712 1462 1778 sollicitudo
1482 1711 1553 1777 onn'n

332 1815 491 1901 invigilet.
535 1816 657 1900 Jam¹¹)
680 1817 786 1881 nullus
809 1820 859 1880 est
884 1817 1091 1901 ignorantiae
1118 1817 1222 1899 locus,
1258 1815 1365 1881 utullus
1391 1819 1487 1880 utam
1505 1813 1553 1877 uu

332 1919 488 2004 plicitatis
511 1920 713 1984 excusatione
736 1919 920 2003 praeterita.
966 1919 1175 2004 scienciae)
1203 1940 1339 2003 peceare
1362 1916 1501 1983 confessio
1514 1920 1554 1979 en

401 2158 422 2224 ⁵)
439 2154 489 2209 Ed.
508 2166 721 2225 transpressores.
756 2157 772 2209 J
776 2159 782 2191 ¹
797 2159 814 2226 β
827 2157 873 2211 Ο10
891 2161 1124 2226 transgressoribus
1141 2157 1200 2224 (Ο10
1217 2157 1281 2212 add.
1301 2162 1336 2225 a).
1373 2155 1441 2210 Sunt
1454 2150 1558 2208 suunhi

332 2251 544 2311 transpressores
556 2241 683 2306 neamus,
703 2240 865 2295 Timotheus
882 2242 1014 2307 Aelurus,
1037 2243 1136 2300 Petrus
1152 2240 1370 2306 Alexandrinus,
1391 2240 1480 2294 Petrus
1492 2235 1557 2291 subs

333 2327 446 2392 chenus,
464 2324 512 2396 qui
530 2327 628 2395 utpote
646 2325 705 2380 vita
721 2325 809 2380 functi
826 2325 1043 2381 conversationis
1060 2328 1109 2381 sut
1131 2325 1316 2381 absolutionis
1333 2325 1394 2395 jam
1412 2337 1558 2394 capream

333 2414 422 2467 erant.

401 2500 422 2565 ⁶)
440 2496 484 2550 Ita
500 2497 517 2549 J
521 2499 525 2530 ¹
541 2496 605 2566 βΚ3
618 2496 664 2550 0¹⁰
675 2495 709 2562 ii,
727 2495 780 2549 nisi
797 2497 872 2564 quod
884 2497 900 2550 J
905 2499 910 2531 ¹
928 2502 1092 2565 perduoeerel
1110 2517 1140 2550 ne
1157 2503 1218 2559 iliis,
1236 2496 1273 2550 K⁸
1285 2507 1314 2550 ul
1330 2501 1402 2550 nullis
1417 2496 1465 2548 ete.
1488 2494 1507 2547 c'
1519 2506 1558 2557 stt

333 2602 363 2636 eo
380 2587 543 2650 perdures-ul
560 2586 630 2643 illos,
649 2593 675 2634 ul
694 2587 767 2635 nullis
784 2587 864 2636 raedis
881 2587 1015 2650 rraertiseru
1029 2601 1125 2635 uerienu
1137 2586 1280 2644 uincantur,
1299 2587 1347 2636 seri
1357 2581 1560 2642 salamani

333 2672 359 2721 in
377 2671 490 2720 deterius
506 2673 627 2734 pullulent
645 2671 782 2720 radicibus.

401 2772 422 2836 ⁷)
440 2769 484 2822 Ita
500 2768 587 2837 in2.
623 2767 665 2820 Al.
685 2767 728 2821 od.
747 2774 921 2822 electissima
940 2774 988 2822 Ilei
1005 2774 1117 2836 apiostoli
1132 2773 1314 2822 exhortatione
1327 2773 1468 2837 conpuncti.
1491 2762 1559 2832 iisqn-

333 2853 375 2908 nis
393 2852 572 2923 gaudendum
589 2852 691 2919 innuit,
711 2852 785 2920 quod
804 2870 866 2906 eum
884 2852 961 2907 Petri
979 2853 1044 2907 sede
1063 2853 1119 2907 sint
1136 2852 1271 2908 societate
1290 2851 1436 2922 conjuncti

401 2958 421 3024 Ε)
440 2956 484 3009 lta
495 2955 512 3009 J
515 2954 612 3024 ΙβΟῐῡς
631 2952 678 3008 alii
692 2971 757 3008 vero
772 2976 853 3024 picam.
881 2955 944 3008 Jam
953 2953 1102 3024 scripserat
1111 2954 1261 3011 Hormisds
1269 2954 1350 3025 epist.
1359 2960 1390 3008 19
1402 2952 1560 3007 adlohssnrn

333 3040 570 3110 Nicopolitenum:
590 3044 711 3093 Libellum
729 3046 881 3101 direximus,
904 3045 930 3093 in
948 3061 997 3110 quo
1015 3060 1060 3094 eos
1077 3052 1179 3109 opertet
1197 3043 1292 3094 debere
1309 3043 1474 3097 subscribere.
1488 3040 1561 3105 pili

333 3146 417 3181 omnes
433 3132 584 3180 sacerdotes
600 3136 739 3179 uestrarum
755 3131 879 3193 partium,
903 3131 946 3194 qui
967 3131 1003 3179 ari
1022 3131 1091 3179 sedis
1113 3131 1271 3194 apostolieae
1293 3131 1477 3179 communione·
1492 3122 1562 3174 m

333 3223 402 3274 sunl,
429 3216 455 3263 in
478 3216 565 3264 eadem
587 3215 749 3277 professione
769 3213 982 3277 subscripserunt.
1006 3208 1163 3264 -Deinde
1186 3211 1247 3278 bel
1270 3214 1302 3263 tle
1328 3213 1479 3263 Tbraeiael
1494 3208 1561 3259 Sde's·

335 3297 403 3351 Tres
421 3294 468 3349 alii
486 3307 511 3349 et
529 3301 561 3348 de
583 3298 692 3348 Thracia
710 3306 735 3348 el
753 3298 866 3362 Septicia.
901 3293 962 3348 Huc
980 3295 1102 3364 spectat,
1125 3293 1200 3363 qaod
1218 3293 1370 3349 Hormisda
1386 3292 1562 3364 epistilia!

334 3382 368 3436 de
381 3380 491 3450 Scythis
509 3378 652 3434 monachis
669 3379 778 3444 scribit,
797 3394 844 3432 eos
863 3378 1030 3434 discordiam
1048 3379 1123 3449 apud
1135 3380 1277 3434 Romanos
1294 3394 1462 3434 commorere
1473 3374 1563 3431 eom

333 3487 382 3536 per
400 3486 463 3535 praes
480 3471 613 3531 adjutorio
632 3469 682 3518 net
699 3470 731 3519 de
748 3468 895 3532 ropionibus
912 3484 998 3518 eorum
1015 3476 1053 3518 est
1070 3471 1146 3533 pulsa
1163 3470 1299 3520 dissensio.

401 3571 422 3635 ο)
441 3569 465 3622 c¹
484 3572 618 3621 seeundum
637 3588 709 3637 quam
727 3572 759 3620 de
777 3570 885 3635 Syriae·
908 3568 935 3619 θ’
953 3583 1010 3635 seq.
1029 3571 1164 3620 serrandum
1181 3571 1251 3636 quod
1267 3572 1300 3620 de
1318 3565 1411 3634 Syria,-
1426 3565 1446 3619 i¹
1460 3564 1564 3619 senta

335 3673 408 3722 quam
425 3656 526 3720 Spriee.
561 3651 623 3705 Duo
636 3668 698 3705 mss.
711 3658 845 3705 seeundum
863 3658 932 3720 quod
948 3657 979 3705 tle
992 3654 1095 3719 ,synna
1132 3652 1150 3720 β
1161 3651 1465 3715 cremauerunt,
1479 3644 1566 3703 sliidw

333 3743 468 3791 secundam
490 3739 604 3806 Spriarn,
627 3737 643 3789 J
647 3739 652 3771 ¹
671 3742 719 3790 sed
740 3749 765 3790 et
787 3743 818 3791 rie
839 3742 975 3790 sectandum
992 3742 1075 3789 siries.
1115 3735 1287 3804 Ambiguum
1304 3753 1361 3790 non
1378 3736 1431 3802 est,
1451 3729 1569 3803 legabm

335 3840 394 3876 esse
416 3828 543 3876 sectandae
566 3825 671 3889 Spriae,
695 3821 772 3891 cujus
798 3819 957 3890 provinciae
980 3820 1080 3875 multos
1102 3819 1167 3875 fidei
1190 3823 1220 3875 et
1241 3820 1428 3876 communioni
1448 3814 1570 3875 auum

335 3906 461 3961 addictos
483 3907 566 3960 fuisse
587 3904 660 3960 inira
682 3904 801 3975 epistola
818 3914 851 3960 :ill
875 3906 994 3960 docebit.
1036 3905 1212 3959 immodum
1235 3904 1469 3961 archimandritae
1489 3919 1518 3958 sc
1530 3916 1572 3953 me

334 3992 416 4046 naehi
440 3991 530 4046 eidem
548 3989 683 4061 epistolae
705 3991 864 4061 subscripti,
887 3989 1101 4060 professionem,
1124 4007 1209 4060 qnam
1231 3989 1576 4057 initiamentis·

334 4080 412 4131 libelli
432 4076 536 4130 habere
559 4077 696 4142 asserunt,
718 4076 791 4130 hunc
813 4075 937 4130 libellam
958 4074 987 4130 in
1010 4092 1044 4129 es
1065 4074 1209 4146 provincis
1231 4091 1287 4130 non
1309 4074 1452 4145 ignotum,
1477 4072 1578 4141 aaa

335 4159 565 4231 subscriptionem
584 4160 643 4229 ejus
660 4160 812 4230 expetitam
825 4159 886 4229 jam
903 4159 987 4215 fuisse
1005 4160 1100 4231 palem
1117 4159 1251 4214 indicant.

403 4267 434 4332 ¹⁰)
453 4265 477 4317 0¹
495 4280 550 4332 seq.
572 4283 623 4332 pro
644 4267 807 4331 subreptione
828 4269 987 4325 mandamus·
1014 4262 1197 4336 emendantur
1218 4280 1253 4316 ex
1270 4262 1394 4334 J¹⁰J¹³b
1411 4262 1441 4319 i².
1476 4262 1587 4319 Scribud

335 4350 363 4403 Jt
374 4351 402 4404 J⁹
413 4350 453 4403 Jtt·
464 4349 504 4401 J¹⁶
520 4353 694 4417 subreptione,
714 4351 741 4402 J¹
759 4354 957 4418 subreptionem,
980 4349 1017 4401 J¹¹
1036 4352 1081 4401 sub
1097 4354 1281 4416 praestitisse,
1300 4348 1342 4402 J¹²
1358 4352 1407 4403 sub
1425 4354 1591 4420 trepidem

404 4455 434 4520 ¹¹)
453 4454 479 4505 ci
501 4467 558 4518 seq.
578 4454 614 4504 Et
632 4460 659 4504 ut
674 4457 732 4517 jana
755 4456 835 4505 nullus
852 4457 886 4504 sil
908 4457 1069 4520 ipneranliue
1090 4456 1173 4511 loeus,
1196 4450 1296 4504 centra
1318 4448 1467 4508 J0t2¹i¹.
1503 4448 1595 4509 Dein&

336 4536 420 4592 eiiam
438 4536 455 4590 J
459 4539 478 4572 ¹²
490 4539 513 4590 c¹
528 4536 548 4588 ἰ*
566 4541 646 4589 nullus
664 4548 757 4593 relatur.
793 4536 910 4606 ,11βο10
927 4545 1042 4600 utemur,
1062 4551 1146 4604 quam
1163 4533 1329 4602 lectionem,
1351 4536 1511 4607 praemiat)
1527 4550 1561 4601 st,
1574 4537 1598 4591 ι’

334 4620 476 4692 praetulit.
513 4621 584 4675 Tum
603 4618 717 4690 quidam
734 4620 799 4674 libri
814 4627 978 4689 praeteritis,
995 4621 1112 4675 fortaese
1128 4639 1178 4689 pro
1195 4627 1361 4689 praeteritis.

404 4725 435 4790 ¹²)
454 4724 498 4777 Ita
515 4722 618 4792 0¹⁰pl
624 4725 639 4775 ¹.
679 4721 754 4776 Editi
772 4727 869 4778 Scienti
889 4743 999 4792 peccare
1021 4728 1168 4777 necessaria
1190 4726 1324 4789 confessio
1346 4737 1400 4783 est.
1441 4727 1605 4796 ansqm

336 4825 387 4878 pro
405 4813 532 4874 consessio
555 4821 593 4862 est
615 4807 759 4861 mallemus
777 4813 803 4861 in
821 4813 938 4874 eorrsenno
957 4820 1003 4866 est.
1039 4807 1099 4861 Hoc
1116 4807 1190 4861 enim
1207 4806 1262 4862 sibi
1279 4809 1358 4876 vult,
1377 4827 1449 4868 eum
1466 4814 1517 4885 qui
1530 4814 1605 4871 edus

337 4892 486 4961 delinquit,
504 4895 620 4965 peccato
638 4894 668 4947 et
685 4893 783 4967 culpae
800 4891 859 4948 sine
878 4892 1065 4949 controversia
1082 4908 1141 4953 esse
1159 4892 1325 4949 obnoxium.
