3450 5678
363 308 426 374 806
803 323 830 370 s.
847 319 1054 370 noauisnss
1075 318 1190 367 aaran

256 515 280 554 a
292 503 349 553 mr.
361 481 446 545 sicut
466 497 603 562 semper,
627 476 749 561 eripiet.
784 473 942 540 Libellum
963 473 1145 541 dilectionis
1162 477 1238 539 tuae
1253 475 1292 539 de
1308 472 1509 539 confessione
1525 480 1640 538 rectae

361 581 436 648 fidei
457 601 515 666 per
536 579 661 665 legatos
682 582 808 644 nostros
830 580 1009 643 remeantes
1032 577 1224 662 accepimus,
1248 576 1337 641 etin
1358 596 1397 640 eo
1411 575 1640 641 sinceritatem

362 688 437 749 tuae
457 677 676 747 fratemitatis'
696 680 901 767 agnovimus:
923 680 999 766 quia
1013 680 1097 765 quod
1111 683 1198 744 recte
1214 679 1324 762 credit,
1348 678 1407 743 sub
1422 678 1640 743 attestatione

363 785 493 872 publica
519 783 704 869 praedicare
730 803 798 848 non
826 782 959 847 distulit.
1004 780 1091 848 Data
1117 781 1167 847 111
1188 780 1299 846 Nonas
1322 779 1462 866 Aprilis,
1486 781 1639 868 Agapito

365 887 433 952 viro
449 885 632 952 clarissimo
655 884 795 950 consule.
1463 896 1470 908 ·

871 1071 1052 1176 Epistola
1077 1071 1135 1155 32.

226 1231 250 1270 a
264 1212 353 1291 llll·
380 1226 592 1297 Hormisdou
614 1241 725 1311 papae
747 1225 791 1293 ad
812 1224 1032 1293 orthodoxos
1054 1225 1365 1310 Constantinopoli
1387 1226 1626 1293 eonstltutos.

236 1280 347 1352 aApnl.
434 1368 468 1419 Ul
485 1383 538 1428 eos,
558 1368 601 1433 qui
617 1367 738 1432 mnodum
757 1366 984 1417 Calchedouensess
1003 1373 1029 1416 et
1047 1366 1141 1417 Leonis
1158 1368 1290 1431 epistolam
1311 1368 1343 1418 de
1356 1368 1411 1430 fide
1428 1367 1570 1432 recusans,

770 1459 919 1502 aversentur
941 1459 966 1502 et
981 1451 1092 1518 sapiant,
1110 1453 1235 1506 ramnes.

517 1583 727 1649 Hormisda
755 1584 881 1667 clero,
916 1583 1060 1669 populo
1093 1587 1132 1649 et
1162 1584 1367 1651 monachis
1399 1583 1644 1651 orthodoxis

611 1684 968 1771 Constantinopoli
992 1685 1324 1751 consistentibus.

249 1791 350 1917 lffi}
452 1809 479 1872 1.
518 1805 552 1872 Si
574 1807 613 1889 is,
637 1805 691 1890 qui
713 1805 845 1870 calicem
867 1826 968 1890 aquae
989 1804 1139 1891 frigidae,
1162 1807 1316 1870 mandata
1338 1806 1530 1893 evangeliea
1551 1829 1645 1874 seeu-

292 1902 299 1928 ’
346 1902 351 1914 ’
365 1914 428 1994 tus,
452 1907 615 1991 obtulerit,
638 1908 817 1972 mercedem
831 1906 908 1971 boni
923 1907 1078 1992 propositi
1093 1908 1163 1992 ipso
1177 1906 1327 1992 Domino,
1351 1910 1406 1994 qui
1419 1908 1502 1975 haec
1519 1910 1644 1995 docuit,

366 2011 557 2077 restituente
580 2009 799 2094 consequitur3
831 2030 940 2074 nonne
967 2010 1023 2095 qui
1044 2013 1138 2076 tanto
1164 2008 1282 2094 populo
1302 2009 1445 2075 fidelium
1467 2011 1647 2078 veritatem

367 2113 562 2178 annuntiare
584 2111 755 2195 distulerit,
775 2111 863 2196 juste
885 2132 1023 2196 poenam
1044 2112 1259 2177 damnationis
1274 2111 1434 2178 incurrit?
1466 2111 1560 2178 Hinc
1580 2118 1645 2197 est,

367 2215 452 2303 quod
465 2213 763 2281 interminationem
776 2214 920 2279 mandati
936 2214 1082 2280 coelestis
1098 2213 1265 2300 effugiens,
1279 2213 1376 2300 (quod
1387 2215 1490 2298 decet,
1508 2215 1647 2302 loquen-

368 2319 443 2383 dum
471 2321 521 2383 est
547 2317 584 2382 in
609 2315 660 2381 his
687 2336 768 2401 quae
795 2315 836 2380 ad
857 2316 961 2381 Deum
987 2316 1169 2402 pertinent,
1207 2338 1268 2382 nec
1294 2318 1481 2405 tacendum)
1516 2318 1647 2386 habeus

368 2440 491 2507 quoque
513 2421 638 2484 vestrae
660 2416 772 2483 salutis
794 2417 954 2503 affectum,
978 2419 1229 2484 admonitionem
1251 2440 1360 2484 eorum
1382 2442 1464 2506 quae
1484 2442 1647 2506 praesens

367 2521 542 2588 necessitas
568 2520 673 2606 poscit
701 2520 874 2605 assumpsi,
912 2541 1038 2603 omnes,
1067 2521 1182 2607 quibus
1210 2543 1304 2586 curae
1333 2524 1384 2587 est
1416 2522 1479 2587 fide
1512 2522 1646 2611 integra

369 2623 586 2691 marrianam
612 2622 803 2708 religionem
829 2643 971 2705 servare,
1004 2625 1205 2707 contestans,
1241 2627 1279 2689 ut
1304 2645 1373 2707 eos,
1407 2625 1464 2710 qui
1492 2630 1645 2693 sanctem

369 2725 661 2793 Galohedoneusem
684 2724 840 2809 synodum
862 2728 896 2789 et
917 2725 1003 2790 beati
1025 2724 1141 2791 Leonis
1168 2726 1207 2791 de
1234 2726 1297 2793 fide
1320 2725 1478 2792 catholiea
1503 2730 1643 2794 consem-

368 2831 441 2914 ptas
458 2826 609 2913 epistolas
625 2826 800 2910 declinant,
824 2826 938 2912 quibus
952 2830 1089 2912 possunt
1101 2828 1222 2893 viribus
1245 2831 1432 2893 aversentur
1447 2832 1481 2894 et
1493 2829 1642 2916 fugiant:

369 2930 498 3016 quando
519 2928 581 3014 ipsi
603 2931 690 3012 sunt,
714 2928 768 3013 qui
790 2928 980 3014 Eutychetis
1002 2933 1035 2994 st
1057 2929 1203 2995 Dioscori
1225 2930 1438 2998 Alexandrini
1461 2932 1514 2997 vel
1536 2933 1641 3018 potius

369 3031 510 3098 nefanda
532 3029 795 3095 Manichaeorum
825 3031 1018 3116 contagione
1043 3031 1174 3116 polluti,
1209 3032 1306 3097 verbo
1332 3033 1462 3119 quidem
1489 3033 1641 3100 adversus

371 3133 547 3199 constituta
572 3134 702 3217 patrum
729 3133 877 3198 videntur
904 3133 1023 3199 habere
1051 3136 1230 3217 certamen,
1263 3135 1359 3200 rebus
1388 3139 1498 3201 autem
1528 3140 1640 3203 contra

369 3236 627 3302 incarnationem
648 3234 779 3300 Domini
801 3236 901 3300 nostri
925 3236 1004 3301 Jesu
1026 3233 1146 3302 Christi
1168 3235 1332 3302 audenter
1351 3236 1542 3325 insurgunt.

454 3338 485 3402 2.
522 3336 765 3420 Recordamini,
795 3338 967 3421 carissimi,
997 3360 1078 3423 quae
1100 3338 1232 3403 fuerunt
1253 3337 1409 3405 Basilisco
1430 3339 1639 3425 palatinam&

372 3439 492 3506 archen
514 3438 690 3503 incubante
716 3441 859 3523 tentata,
894 3442 927 3504 et
952 3443 1133 3524 temporum
1162 3439 1288 3505 illorum
1316 3443 1391 3506 acta
1416 3441 1468 3507 vel
1494 3443 1568 3508 visa
1592 3440 1639 3507 rel

371 3542 481 3608 audita
513 3538 658 3605 recolite:
695 3562 792 3626 quam
824 3541 959 3606 scelesta
994 3545 1073 3607 tunc
1104 3541 1202 3607 fuerit
1232 3541 1392 3611 Timothei
1426 3550 1639 3631 oofflomento

371 3644 500 3727 Aeluri,
530 3664 625 3728 quam
646 3641 815 3728 impudens
837 3645 871 3709 et
891 3646 1094 3709 monstruosa
1115 3645 1349 3730 praesumptio,
1380 3650 1523 3732 quantus
1546 3650 1639 3714 etism

371 3769 428 3833 per
449 3745 635 3811 universum
660 3745 772 3810 orbem
797 3744 872 3810 fidei
900 3767 934 3810 se
963 3749 1087 3811 vestrae
1118 3746 1225 3812 fervor
1250 3746 1437 3819 ostenderit.
1488 3748 1640 3816 Probavit

371 3956 404 4007 82
438 3952 460 4018 ¹)
479 3948 561 4019 Vulg.
580 3956 711 4018 poladnae
734 3954 803 4014 oret,
826 3949 871 4004 vel
891 3955 1023 4018 prisciaco
1045 3956 1128 4007 salse.
1163 3950 1349 4006 Praetulimus
1368 3968 1431 4010 oum
1449 3952 1485 4008 G·
1504 3960 1642 4024 piudan

371 4040 478 4098 mles,
500 4032 621 4089 maxime
643 4035 794 4104 postquam
814 4034 888 4090 inira
905 4034 984 4107 epist.
1004 4040 1038 4090 50
1054 4052 1082 4088 n.
1100 4041 1114 4088 1
1133 4035 1232 4091 eodem
1254 4035 1387 4106 loquendi
1403 4037 1490 4094 modo
1511 4038 1642 4111 legimus

375 4125 471 4177 Possim
492 4138 536 4175 sos
559 4125 675 4174 aestimet
695 4124 787 4175 arctes
812 4125 914 4175 trottae
936 4125 1067 4190 accepisse
1090 4127 1184 4178 simios.
1223 4120 1276 4177 Hie
1292 4123 1390 4177 autem
1406 4122 1563 4181 Hormisds
1577 4122 1644 4180 mad

372 4204 425 4261 sibi
441 4203 513 4260 vult:
532 4210 589 4259 dias
606 4211 693 4275 repete
711 4210 840 4275 esperiae
857 4208 999 4260 Basiliscus
1016 4210 1113 4273 injuste
1128 4210 1283 4275 possideret.
1319 4205 1427 4263 Eodem
1443 4207 1592 4265 intellectu
1608 4216 1644 4263 tr·

372 4294 479 4346 mtstor
495 4296 569 4345 melas
588 4293 689 4346 statae
707 4294 844 4360 Dionysias
860 4306 879 4345 a
894 4288 1037 4345 Macrobio
1056 4289 1146 4345 dietm
1165 4292 1218 4345 est.
1252 4289 1295 4347 De
1312 4291 1399 4347 verbo
1420 4295 1549 4350 imbre
1564 4294 1644 4365 plan

374 4375 401 4431 in
418 4374 553 4447 Simplicii
570 4375 717 4447 epistolam
735 4381 751 4430 6
769 4376 825 4432 not.
840 4381 855 4430 7
873 4374 1075 4430 edisseruimus.
1115 4374 1203 4432 Porro
1225 4392 1298 4431 nuno
1314 4376 1466 4433 hormisda
1487 4376 1519 4433 in
1542 4392 1644 4435 mo·

373 4461 445 4516 riam
461 4462 588 4530 revocat,
606 4461 681 4531 quod
692 4461 825 4516 Basilisco
843 4461 963 4530 tyranno
976 4459 1125 4530 contigisse
1136 4462 1234 4517 nmrat
1244 4460 1381 4533 Evagdus
1397 4461 1465 4517 hist
1478 4463 1547 4519 secl.
1558 4463 1643 4531 HM.

378 4550 519 4603 melleus
537 4551 660 4609 Aelana,
678 4544 783 4615 inquit,
806 4566 878 4617 parea
900 4552 927 4600 in
948 4548 1033 4600 arbem
1050 4552 1147 4616 reptas
1163 4552 1284 4611 vemas.
1304 4552 1437 4618 musti
1454 4551 1597 4611 Ballione,
1616 4559 1644 4603 st

373 4639 515 4703 encyclicas
532 4639 632 4689 literas
649 4635 685 4685 ad
701 4650 785 4686 omnm
802 4634 893 4702 ubique
911 4638 1046 4701 episcopos
1063 4637 1185 4696 marnes,
1209 4641 1235 4687 et
1252 4652 1284 4687 es
1308 4650 1373 4707 με
1390 4636 1556 4689 Calchadone
1570 4646 1643 4705 μία

371 4723 478 4786 Μαι
495 4728 521 4773 et
538 4722 634 4774 Leonis
652 4725 740 4771 tomam
757 4721 913 4771 ammei
927 4721 1074 4784 adjiceres.
1109 4715 1214 4772 Verum
1229 4718 1263 4772 ut
1278 4715 1354 4773 idem
1370 4715 1493 4789 seriptor
1508 4717 1579 4773 fuid
1591 4722 1642 4773 ei

375 4803 469 4870 docet,
487 4818 551 4857 mox
567 4801 643 4857 idem
659 4802 794 4871 tyranms
812 4818 831 4857 a
846 4802 951 4872 populo
968 4802 1165 4872 monachisque
1183 4800 1279 4874 regim
1296 4802 1373 4861 urbis
1390 4804 1505 4858 coactus
1522 4810 1578 4866 ot.
1598 4803 1641 4857 tit

374 4889 449 4944 teras
459 4886 598 4958 prioribus
611 4885 771 4957 carmadas,
790 4887 889 4958 quibus
901 4885 1131 4943 calchedonensis
1142 4887 1264 4958 synodus
1277 4887 1505 4957 commanus,
1522 4886 1638 4944 mim
