3412 5664
265 118 308 185 92
612 129 747 178 nonina
770 128 922 177 cunnum
947 130 981 176 m
1005 126 1186 177 suutuacna

266 296 324 352 dire
340 312 453 370 prorsus
469 300 594 368 nequeat.
632 292 664 349 Et
685 292 748 348 huic
768 293 839 348 enim
860 289 999 347 reddenda
1019 292 1071 347 erit
1091 291 1175 347 ratio:
1205 290 1237 346 1⁰
1251 306 1302 347 cur
1315 286 1417 345 Romae
1438 286 1535 346 eodem

266 398 337 438 auno
351 383 422 437 iutra
437 377 484 435 xv
497 378 554 436 llal
571 377 735 435 Novembres
752 385 780 433 et
794 376 849 432 Vlll
864 375 926 432 idus
942 375 1062 448 ejusdem
1079 376 1182 432 mensis
1196 375 1266 432 duae
1280 373 1388 433 habitae
1402 375 1460 431 siut
1474 390 1535 449 per·

265 466 386 523 celebres
402 464 513 540 synodi,
544 464 577 520 2⁰
593 482 642 520 eur
663 480 746 538 quum
769 471 820 518 tam
842 463 978 537 proximae
999 461 1108 525 luerint,
1126 470 1179 517 tam
1195 459 1308 517 diversis
1323 465 1453 518 constent
1469 467 1535 516 tem·

267 569 319 627 qne
334 552 429 627 impari
445 567 557 607 numero
569 550 715 624 episeopis;
733 548 767 605 3ο
779 565 827 604 cur
841 548 912 604 idem
928 564 1014 603 annus
1030 548 1056 603 in
1071 546 1124 603 iilis
1139 546 1253 621 synodis
1266 563 1323 623 pou
1338 544 1437 603 eodem
1452 543 1535 603 modo

266 646 385 701 notetur,
401 636 491 692 sedin
508 653 558 692 una
570 643 638 709 post
653 635 947 703 eorrsuiotumdnicni,
963 635 991 688 in
1006 631 1089 688 altera
1105 633 1207 690 Flauio
1220 634 1327 690 Avieno
1335 634 1461 705 jurriore
1472 648 1534 689 mc.

267 740 309 781 es.
322 724 515 797 consignetur;
543 720 577 776 4ο
599 737 647 777 cur
667 727 748 776 notae
764 718 899 776 consulari
915 721 942 775 iu
958 733 1011 774 una
1026 716 1168 789 adjiciatur
1178 717 1292 775 indictio
1309 717 1386 782 salsae
1403 717 1433 773 lu
1448 716 1534 775 nitere

265 808 421 865 indictionis
438 807 538 862 mentio
555 805 628 861 nulia
643 803 702 868 data
733 806 767 863 5ο
783 822 831 861 eur
847 821 899 860 arna
913 804 1089 878 epistolarum
1105 803 1155 859 sub
1171 804 1292 878 priorum
1308 800 1468 877 pontificum
1484 818 1533 861 nn·

266 892 380 950 minibus
394 902 457 966 post
468 891 619 964 Symmachi
635 897 749 947 aetatem
765 888 941 946 consuetarum
954 889 1112 964 fragmentis
1127 896 1245 953 constet,
1260 888 1347 946 altera
1361 887 1394 944 ab
1410 888 1453 944 his
1467 904 1534 963 pum

265 981 313 1042 sit;
345 979 378 1035 6⁰
400 995 449 1035 cur
469 994 552 1051 quum
579 975 700 1050 synodus
720 976 782 1032 XV
796 975 864 1032 Kal.
888 976 1039 1032 Nouembr.
1060 981 1220 1047 praenotata
1241 978 1343 1048 quinto
1365 972 1398 1030 ab
1420 974 1535 1048 ipsemet

264 1062 370 1138 synodo
386 1062 546 1137 appelletur,
562 1079 617 1117 non
633 1069 746 1117 uocetur
761 1067 856 1130 secto,
874 1076 943 1134 quae
958 1059 1039 1134 paulo
1055 1069 1127 1133 post,
1142 1058 1170 1115 id
1185 1067 1228 1116 est
1247 1059 1321 1117 Vlli
1329 1059 1402 1117 Idus
1415 1058 1535 1117 Novem·

265 1152 339 1218 brea,
358 1146 445 1204 habita
466 1156 516 1210 est,
541 1147 589 1203 sed
611 1147 677 1203 baec
691 1147 817 1221 apellatio
837 1154 962 1202 serretur
981 1144 1191 1218 alterisynodo,
1213 1161 1281 1219 quae
1302 1146 1404 1220 pariter
1419 1143 1535 1220 lingitur

172 1296 173 1301 γ
264 1236 364 1291 habito
381 1241 508 1305 tempore
527 1233 697 1289 Theudorici
716 1236 794 1305 repis
813 1233 865 1288 suh
881 1231 1011 1287 die-Kal.
1029 1230 1145 1288 Octobr.
1162 1238 1228 1299 ete,
1250 1228 1329 1302 eujus
1344 1237 1388 1287 est
1403 1230 1458 1287 hoc
1470 1247 1536 1307 pro·

265 1321 396 1377 oeminm:
415 1318 506 1388 Quum
521 1323 549 1374 in
566 1336 653 1374 unum
668 1319 749 1389 opud
763 1319 788 1373 b.
802 1318 920 1373 Petrum
936 1319 1097 1390 apostolum
1117 1324 1222 1373 sarreia
1237 1323 1324 1373 sexto
1339 1316 1471 1390 synodus
1484 1332 1533 1373 ce·

265 1409 365 1462 eroarice
388 1424 405 1460 o
428 1405 452 1460 h.
471 1403 642 1477 Symmacho
659 1404 768 1459 Romae
788 1409 965 1477 congregata
987 1404 1159 1459 resedisset.-
1189 1402 1222 1458 7⁰
1244 1418 1293 1458 eur
1307 1409 1416 1476 praeter
1430 1416 1535 1459 momm

263 1500 291 1546 et
308 1491 372 1546 haee
387 1497 523 1563 postrema
544 1487 666 1562 synodus
687 1495 801 1545 aratum
823 1496 851 1544 et
878 1487 962 1543 altera
983 1490 1111 1561 quintam
1125 1504 1156 1542 sc
1176 1493 1328 1561 nurneupet;
1356 1484 1391 1544 8θ
1406 1502 1493 1560 quum
1507 1487 1535 1543 in

265 1574 351 1633 tribus
372 1573 530 1630 indubitatis
550 1573 662 1648 synodis
683 1572 734 1628 sub
750 1572 909 1647 Symmacho
932 1571 1073 1629 celebratis
1095 1588 1163 1628 unae
1184 1572 1312 1646 legantur
1326 1570 1458 1629 italorum
1479 1572 1536 1647 epi·

266 1676 411 1734 scoporum
427 1676 457 1715 ae
472 1658 692 1733 presbyterorum
708 1658 889 1714 Romanorum
910 1656 1132 1732 subscriptiones,
1156 1674 1205 1714 cur
1219 1659 1247 1714 iu
1262 1655 1366 1713 duabus
1380 1655 1445 1721 illis,
1467 1672 1536 1733 quas

264 1745 323 1801 sola
338 1744 433 1800 isidori
448 1745 603 1818 compilatio
619 1744 968 1819 repraesentat,·episcopis
984 1742 1056 1799 italis
1077 1742 1276 1799 admisceantur
1293 1741 1335 1799 vel
1349 1741 1537 1818 adjungentur

262 1829 439 1888 Orientalium
454 1827 676 1904 subscriptiones,
692 1830 784 1885 ethan
800 1828 908 1902 quidem
924 1827 1069 1902 utrobique
1085 1827 1338 1886 eCaiehedonensis
1349 1828 1461 1885 eoueilii
1471 1826 1537 1885 surb-

264 1913 456 1988 scriptionibus
469 1915 609 1988 repetitae.
633 1913 673 1969 db
689 1915 730 1970 his
745 1914 845 1979 aliisve,
862 1931 930 1988 quae
945 1931 996 1970 suo
1012 1914 1073 1970 loco
1090 1912 1186 1970 melius
1200 1912 1369 1988 exponenda,
1385 1912 1464 1971 uuila
1474 1930 1538 1973 eata

265 1998 385 2074 capiendi
401 2001 515 2055 occurrit
533 2000 582 2063 ria,
604 2000 656 2055 nisi
672 2005 702 2054 ut
717 1999 786 2084 dnap
800 1999 861 2054 illae
882 1998 989 2074 synodi,
1012 2016 1078 2072 quas
1095 1998 1214 2055 isidorus
1233 2002 1361 2073 quintum
1375 2006 1406 2056 et
1420 2006 1538 2057 sextam

265 2093 350 2147 vocat,
368 2093 395 2140 ot
409 2086 435 2140 in
453 2083 550 2159 quibus
567 2084 635 2140 idem
652 2085 762 2140 omnino
777 2085 857 2140 stilus
872 2084 1043 2160 dignoscitur
1057 2084 1183 2157 idemque
1198 2084 1346 2159 ingenium.
1367 2082 1401 2140 ab
1417 2084 1474 2141 hoc
1488 2085 1538 2143 lm·

264 2177 377 2244 postore
397 2168 529 2226 confictae
548 2169 680 2225 dieamtur.
712 2169 740 2225 ln
763 2171 803 2225 his
821 2178 910 2226 autem
932 2186 1046 2226 numero
1066 2169 1205 2245 signandis
1226 2187 1259 2226 eo
1281 2168 1385 2226 facilius
1401 2168 1538 2246 deceptus

264 2263 315 2318 est,
336 2255 409 2328 quod
430 2256 458 2310 in
479 2256 595 2329 antiquis
616 2254 785 2311 collectionis
795 2254 927 2312 'limiriaui
942 2253 1089 2318 codicibus,
1111 2271 1181 2329 quos
1202 2253 1375 2329 sequebatur,
1398 2254 1539 2331 synodum

264 2342 367 2397 Flauio
383 2341 488 2397 Avieno
503 2343 625 2413 juniore
645 2356 724 2397 coras.
745 2349 943 2415 praenotatam,
970 2357 1039 2414 quae
1066 2348 1191 2414 quartae
1210 2342 1344 2399 Polmori
1365 2338 1539 2412 suhjteteum

264 2432 331 2488 erat,
354 2425 416 2481 huie
435 2426 606 2499 praemissam
627 2432 760 2481 comeret.
792 2424 963 2500 Quapropter
985 2427 1036 2488 hic,
1058 2442 1127 2500 quae
1148 2425 1308 2501 Symmacho
1329 2422 1464 2509 pontillee
1478 2432 1538 2484 acte

263 2604 290 2653 et
305 2604 443 2652 auctorem
460 2594 567 2652 habeut.

283 2765 321 2826 In
341 2763 549 2849 Appendioom
571 2763 722 2841 epistolae
744 2764 763 2825 5
785 2781 840 2826 seu
861 2768 933 2826 eote
954 2766 1106 2843 quaedem
1128 2766 1169 2826 ad
1189 2765 1326 2842 synodos
1346 2763 1512 2829 &mun

568 2867 615 2943 11,
637 2866 686 2928 111
708 2869 740 2927 et
760 2867 803 2929 1v
824 2867 998 2943 Symmachi
1018 2867 1216 2946 parmenus
1312 2932 1320 2947 ,

124 2990 176 3059 [at.
192 2991 255 3060 Edi
353 2989 381 3045 1.
401 2988 572 3045 Monrrmemta
586 2989 728 3062 sequeutia
743 3006 776 3045 eu
791 2990 880 3053 unico,
897 2990 970 3063 quod
985 2998 1052 3047 tunc
1066 3000 1161 3047 uotum
1177 2997 1243 3054 erat,
1259 2988 1407 3065 exemplari
1422 2990 1533 3049 Colber·

264 3075 321 3129 tiuo
344 3081 401 3129 not.
420 3075 501 3133 1863
517 3074 642 3130 Nicolaus
658 3071 742 3129 Faber
762 3073 876 3131 exscribi
897 3075 973 3132 etad
993 3075 1153 3132 cardinalem
1168 3075 1311 3132 limonium
1331 3075 1404 3133 mitti
1419 3078 1529 3135 curavit

262 3157 287 3213 ls
303 3175 366 3214 vero
383 3158 444 3214 lieet
460 3161 556 3221 serius,
579 3176 658 3232 quam
675 3167 705 3214 ut
719 3176 786 3215 suus
802 3161 840 3215 eis
856 3159 933 3217 locus
948 3159 1005 3217 dari
1020 3170 1124 3235 posset,
1145 3162 1246 3237 scripta
1265 3160 1312 3217 illu
1331 3162 1480 3237 acceperit,
1501 3178 1529 3221 m

264 3250 352 3297 tamen
375 3242 504 3312 judicarit
530 3243 622 3318 digna,
645 3260 713 3317 quac
740 3243 772 3299 ad
800 3245 899 3302 calcem
927 3248 992 3303 tomi
1014 3248 1032 3305 6
1054 3245 1207 3322 appendicis
1234 3246 1261 3301 in
1291 3244 1403 3303 modurn
1424 3246 1528 3305 ederet.

263 3325 317 3382 Nee
339 3327 441 3383 mendis
463 3330 633 3401 ‹quaratumris
649 3328 834 3403 frequentibus
856 3330 986 3389 deterreri
1007 3333 1105 3407 potuit,
1128 3332 1272 3405 quominus
1294 3346 1326 3387 ea
1346 3330 1457 3406 publiea
1472 3333 1529 3391 luce

263 3410 385 3467 «irrumet.
415 3411 479 3469 Inde
500 3422 527 3469 et
547 3416 573 3470 in
594 3412 722 3488 anareis
743 3431 773 3470 ue
792 3414 940 3474 labbeanis
960 3418 1137 3475 conciliorum
1158 3414 1321 3474 editionibus
1342 3426 1528 3475 recusarunt

264 3496 357 3553 Utrum
378 3514 408 3554 ea
423 3500 503 3554 etiam
524 3499 567 3556 hic
581 3507 855 3573 repraesentaremus,
876 3500 923 3559 diu
938 3502 1078 3560 lluctuavit
1091 3502 1204 3559 animus.
1235 3500 1324 3570 Quum
1338 3508 1430 3559 temen
1445 3518 1529 3578 penes

263 3600 313 3639 nos
329 3581 426 3639 luisset
440 3585 528 3658 ipsum
543 3584 727 3659 archetypum,
743 3603 830 3661 eoque
846 3595 993 3662 conspecto
1004 3605 1067 3663 spes
1082 3587 1214 3645 adfuisset
1227 3585 1344 3644 maculas
1359 3604 1416 3646 nou
1431 3604 1530 3663 pauca

263 3667 445 3743 abstergendi,
461 3669 547 3726 labori
563 3686 618 3726 non
633 3670 797 3744 parcendum
812 3671 945 3736 duximus,
967 3691 1021 3748 quo
1037 3690 1092 3731 non
1107 3672 1242 3729 dimidiata
1257 3670 1400 3746 prodirent
1424 3672 1476 3731 seul
1490 3674 1532 3733 'm-

263 3755 382 3827 tegriora
397 3756 544 3829 superioris
560 3755 657 3829 synodi
669 3764 755 3831 gesta.
787 3757 821 3813 Ut
832 3759 912 3814 etiam
927 3759 981 3833 logi
996 3757 1165 3816 commodius
1180 3759 1283 3815 aesino
1298 3757 1388 3816 taedio
1400 3758 1532 3825 adama.

263 3839 374 3895 reumtis
390 3840 422 3895 ad
438 3842 587 3915 renarginem
602 3842 718 3915 imperiti
739 3842 838 3899 librarii
854 3844 967 3907 anerrdis,
992 3862 1021 3901 ea
1038 3862 1106 3919 quae
1121 3842 1283 3919 corrigenda
1297 3844 1383 3901 series
1397 3846 1534 3903 orationis

264 3922 364 3981 libratis
388 3925 541 4000 quibusque
561 3925 647 3983 verbis
668 3929 809 4001 persuasit,
843 3931 869 3985 in
892 3931 951 4004 ipso
971 3938 1102 3987 contextu
1122 3946 1183 3986 eum
1205 3927 1275 3987 hona
1295 3928 1432 3987 lectorum
1453 3932 1534 3989 venie

262 4017 489 4082 praetermorem
505 4013 659 4068 censuimus
675 4014 874 4088 praeponenda.
1374 4032 1379 4039 “

171 4099 248 4171 tihi]
349 4094 377 4151 2.
408 4094 490 4152 Nobis
506 4114 539 4153 eo
560 4097 647 4168 major
667 4098 759 4155 cariem
775 4108 948 4158 monumenta
964 4101 1008 4159 hio
1029 4099 1248 4175 repraesentandi
1269 4099 1355 4157 adfuit
1370 4102 1537 4169 necessitas,

262 4182 324 4253 quia
346 4198 400 4237 non
421 4182 510 4237 solum
530 4192 593 4257 post
608 4184 794 4240 coustantium
815 4185 899 4245 codex
921 4187 1030 4262 collegii
1050 4186 1208 4243 Parisiensis
1229 4186 1368 4243 societatis
1380 4184 1451 4244 iesu
1465 4186 1538 4247 linr-

262 4264 346 4322 duino
361 4266 463 4341 aliquas
479 4268 602 4342 praebuit
617 4269 827 4335 emendationes,
844 4271 891 4327 sed
907 4271 985 4328 nohis
1000 4274 1080 4329 etiam
1095 4273 1205 4328 tertium
1220 4271 1358 4347 exemplar
1371 4270 1538 4334 Vaticanum

263 4349 478 4427 lleginae1997
500 4354 652 4410 innumeras
674 4353 737 4410 ullas
757 4359 942 4414 correctiones
965 4356 1184 4422 subministravit,
1206 4357 1277 4414 unde
1297 4356 1407 4415 demum
1428 4358 1539 4435 atiqua-

263 4445 341 4493 tenus
357 4446 448 4494 textus
464 4439 605 4514 integritas
622 4442 746 4497 restituta
762 4448 812 4498 est.
840 4442 951 4499 liestaut
967 4452 1054 4500 tamen
1070 4445 1149 4499 etium
1165 4460 1238 4500 nune
1252 4441 1347 4500 menda
1361 4459 1420 4501 uon
1435 4460 1538 4521 μω,

263 4539 331 4595 quae
353 4525 440 4598 quarti
462 4525 582 4599 quintine
601 4525 702 4582 codicis
723 4543 803 4601 opem
827 4527 992 4603 elliagitent,
1016 4546 1139 4603 quaeque
1159 4528 1265 4587 felicior
1284 4536 1349 4604 post
1364 4545 1418 4586 nos
1433 4530 1540 4609 aliquis

262 4606 351 4665 editor
365 4609 518 4667 eliminasse
534 4610 672 4685 gaudebit.

346 4694 374 4750 3.
406 4694 491 4751 l’orro
512 4695 545 4751 de
566 4703 688 4772 tempore
708 4706 736 4754 et
751 4700 855 4756 rationo
876 4700 972 4757 horum
994 4709 1232 4759 monumentorum
1254 4701 1320 4759 haee
1340 4700 1475 4763 neurada.
1506 4704 1542 4769 in
