3450 5678
218 310 280 377 798
657 324 685 374 s.
702 323 910 374 normania
932 322 1046 372 aaran

110 506 136 544 a.
146 494 204 544 111.
218 480 416 564 acquiescat,
440 480 524 544 sicut
544 477 734 563 scripsistis,
758 478 827 561 ejus
849 477 1011 541 mandatis
1033 476 1227 542 salutaribus
1235 476 1260 559 ,'
1273 475 1364 561 cujus
1388 474 1497 542 famu·

173 608 176 615 -
217 582 302 645 latur
323 581 481 665 imperiis;
504 584 537 644 et
558 581 593 644 in
615 601 720 644 errore
743 579 935 643 declinando
957 601 1024 643 non
1047 583 1200 664 sequatur
1221 579 1496 659 admonitionem,

218 684 306 766 cujus
328 684 364 746 in
386 683 520 768 agendis
547 683 641 746 rebus
671 682 833 765 experitur
860 681 922 746 sibi
949 680 1060 745 utilem
1087 684 1292 764 potestatem.
1338 679 1438 744 Unde
1461 683 1499 745 et

217 782 338 868 majore
359 784 540 868 hujusmodi
562 783 707 848 homines
731 783 882 848 convenit
904 782 1117 847 detestatione
1139 782 1253 865 vitari,
1283 783 1377 867 quia,
1409 804 1496 867 quae

217 887 329 950 dooere
351 886 539 968 debuerunt,
564 908 623 950 nec
646 886 721 949 dum
744 885 784 949 ab
807 886 878 949 aliis
900 885 1105 949 instruuntur
1127 888 1311 949 assumunt:
1333 904 1497 968 spernen-

216 990 265 1051 tes
287 987 322 1050 in
344 986 394 1051 his
417 987 605 1072 imperantis
613 989 638 1074 6)
661 988 796 1071 monita,
819 987 990 1072 inquibus
1011 989 1141 1051 tantum
1163 1008 1230 1051 non
1252 986 1360 1050 timeri
1372 985 1496 1070 juben·

216 1092 270 1153 tur
290 1090 441 1174 imperia3
463 1093 497 1154 et
517 1090 717 1154 immemores
740 1089 916 1153 devotionis
939 1091 1052 1153 contra
1074 1090 1210 1151 salutem
1233 1088 1379 1170 animae,
1412 1109 1496 1173 quos

218 1195 422 1256 contumaees
444 1214 512 1256 esse
535 1193 677 1276 oportuit
704 1214 762 1275 pro
784 1191 898 1255 salute.
943 1190 1011 1254 Hos
1038 1191 1200 1254 mentibus
1228 1190 1364 1273 perditis
1394 1211 1496 1254 ausus

216 1293 352 1358 nutrivit
369 1294 481 1357 Acaoii
504 1316 573 1358 cum
596 1293 726 1378 perfidis
744 1294 860 1377 juncta
883 1293 1080 1356 communio:
1104 1295 1199 1376 atque
1221 1292 1292 1355 ideo
1315 1292 1495 1356 aestiman-

218 1395 276 1459 dus
299 1399 348 1458 est
369 1396 509 1460 auctiris
532 1396 646 1480 locat),
671 1395 760 1478 eujus
782 1395 912 1479 gravius
935 1397 1086 1478 peccatur
1101 1394 1257 1478 exemplo.
1294 1393 1388 1459 Nihil
1404 1395 1495 1459 enim

217 1497 297 1561 vitia
319 1497 422 1581 magis
451 1520 547 1582 quam
574 1488 713 1561 imitatio
740 1497 844 1578 fovet,
877 1497 952 1560 dum
980 1496 1153 1560 creduntur
1183 1518 1250 1560 non
1276 1496 1496 1581 improbanda

218 1620 297 1680 esse,
321 1598 464 1682 adquae
487 1598 541 1663 alii
563 1621 687 1683 quoque
710 1599 858 1662 videntur
880 1599 1040 1662 accedere.
1079 1598 1218 1682 Fragilis
1241 1600 1345 1662 estet
1369 1599 1495 1668 caduca

217 1699 413 1764 mortalitas:
442 1700 495 1763 vix
516 1700 659 1764 nefariae
688 1700 900 1784 cogitationes
928 1700 1004 1764 dum
1032 1699 1285 1784 comprimuntur
1313 1700 1492 1765 intereunt.

217 1801 312 1866 Jacet
334 1803 462 1885 saepe⁸)
493 1823 601 1866 semen
624 1802 755 1866 noxiam
782 1801 984 1865 subteriore
1012 1824 1072 1866 nec
1094 1802 1216 1866 deficit:
1245 1801 1347 1865 latum
1376 1802 1495 1886 pandit

218 1903 479 1988 delinquentibus
494 1903 627 1986 atlitum,
645 1904 699 1987 qni
710 1903 824 1988 jungit
839 1924 912 1967 cum
930 1905 1090 1986 pravitate
1107 1925 1307 1968 eonsensum.
1343 1903 1491 1988 Utinam,

217 2006 428 2070 invictissime
460 2005 651 2089 imperator,
692 2004 778 2068 inter
811 2004 881 2088 ipsa
915 2004 1108 2089 apostolicae
1146 2005 1361 2071 districtionis
1396 2006 1492 2071 initia

219 2106 401 2172 Orientales
428 2106 580 2171 ecclesiae
608 2106 721 2170 Aeacii
750 2106 902 2190 contagia
928 2106 1071 2170 nefanda
1105 2108 1277 2172 vitassent!
1329 2107 1407 2172 Non
1435 2130 1492 2193 per

104 964 206 1025 Matth.

118 1038 206 1099 1018.

218 2208 334 2273 multos
356 2230 444 2272 error
465 2208 520 2272 ille
542 2208 639 2272 noxia
661 2229 786 2272 venena
807 2207 1026 2292 diffuderat⁹);
1049 2208 1119 2291 ipsa
1141 2230 1265 2293 quoque
1280 2214 1391 2275 erecta
1405 2232 1491 2275 nunc

218 2311 355 2374 fortasse
378 2309 594 2375 Alexandriae
627 2314 706 2374 tunc
733 2309 815 2374 colla
843 2309 1051 2393 cecidissent,
1085 2309 1160 2373 dum
1188 2310 1370 2394 perculsam
1400 2312 1489 2397 perti·

219 2411 304 2475 diam
333 2434 423 2475 suam
448 2412 484 2476 in
512 2411 718 2476 damnatione
747 2411 917 2476 imitatoris
945 2414 1151 2496 agnosceret,
1189 2414 1221 2476 et
1253 2411 1426 2497 displicere
1456 2412 1487 2478 in

111 2594 114 2599 ¹
220 2512 427 2597 complicibus
450 2534 484 2579 se
506 2513 638 2579 videret.
684 2513 746 2578 Sed
773 2514 847 2578 dum
869 2512 952 2576 male
974 2512 1089 2576 nutriti
1111 2508 1261 2577 foventur
1283 2536 1409 2580 errores
1416 2566 1425 2599 ,
1456 2518 1486 2578 et

219 2636 389 2698 pravorum
399 2617 436 2702 ¹⁰)
461 2638 634 2680 consensus
654 2615 779 2680 inutilis
795 2615 957 2700 aequitate
972 2614 1162 2699 corrigenda
1177 2615 1411 2700 dissimulatur,
1434 2638 1485 2702 per

218 2717 442 2800 impunitatem
465 2718 648 2803 sequacium
675 2718 761 2781 mala
788 2717 940 2802 dogmata
969 2716 1197 2801 multiplicavit
1224 2722 1403 2783 auctorum.
1446 2717 1481 2782 llt

219 2842 275 2884 vos
297 2819 434 2905 quidem,
459 2820 487 2883 si
509 2820 625 2905 placet,
649 2820 728 2884 adeo
739 2803 776 2904 ¹¹¹)
793 2819 968 2884 efficaciter
981 2819 1157 2903 imperetis,
1181 2841 1244 2904 quo
1260 2818 1480 2885 commendetis

286 3011 307 3075 1)
326 3007 463 3061 Nimirum
480 3006 545 3062 fidei
558 3005 659 3073 causis,
677 3005 705 3059 in
724 3004 824 3073 quibus
836 3005 936 3060 Christi
954 3005 1081 3075 discipuli
1094 3023 1175 3075 reges
1192 3008 1221 3060 et
1237 3006 1382 3077 praesides
1394 3006 1480 3062 docea-

219 3094 265 3146 tur
287 3111 342 3147 non
364 3093 463 3148 timere
487 3091 596 3160 (Matth.
622 3098 666 3152 10,
690 3097 723 3145 26
742 3093 771 3145 et
787 3095 839 3158 28).
885 3092 929 3145 lta
951 3090 1100 3146 Hormisda
1122 3090 1375 3146 Alexandrinorum
1398 3088 1483 3161 arguit

220 3177 434 3243 contumaciam,
460 3177 490 3230 nt
509 3178 537 3229 et
555 3193 588 3230 ex
607 3175 720 3245 obliquo
737 3175 937 3245 imperatorem
954 3177 1079 3242 moueat,
1101 3175 1193 3246 ipsum
1214 3177 1311 3245 iniquo
1333 3176 1426 3232 11111110
1442 3172 1492 3231 mi·

219 3261 294 3316 nime
311 3263 384 3317 ferre
402 3262 518 3328 debere,
536 3261 558 3315 si
577 3261 644 3329 quid
662 3260 687 3315 ei
706 3262 804 3314 eontra
820 3260 938 3314 salutem
956 3260 1065 3314 animae
1082 3259 1267 3331 praecipienti
1279 3278 1336 3316 non
1348 3264 1504 3332 pareatut·

286 3351 308 3414 ⁷)
327 3347 358 3400 Id
376 3349 432 3402 est:
449 3346 516 3400 licet
533 3346 722 3414 Eutychianae
740 3344 862 3400 haeresis
881 3347 978 3400 auctor
995 3362 1051 3399 non
1069 3347 1118 3412 sit,
1135 3364 1186 3416 pro
1205 3348 1320 3401 auctore
1332 3353 1427 3401 tamea
1443 3347 1517 3400 1ιῖ

219 3432 327 3486 bendus
344 3435 398 3492 est.
417 3431 483 3501 quia
502 3431 628 3501 exemplo
645 3446 695 3485 suo
714 3429 784 3485 alios
802 3429 912 3484 induxit
929 3430 965 3484 ad
982 3429 1162 3500 peccandum.
1209 3427 1213 3434 '

286 3517 375 3585 1)Ε(1.
395 3517 477 3571 omitt
506 3536 600 3585 stupe,¹
621 3533 741 3586 moxque
763 3519 809 3570 1111
831 3534 922 3569 errore
1005 3521 1238 3585 derelinquentibus
1257 3537 1375 3583 ...11111
1398 3512 1547 3587 infr*

219 3606 306 3658 litate.

287 3690 309 3754 ⁹)
327 3687 394 3740 bcc
412 3691 568 3755 diffunderet
639 3696 697 3741 trine
770 3690 966 3741 Alexandrinae
979 3692 1101 3740 eeclesiae
1176 3700 1403 3755 agnoscerent
1422 3664 1559 3743 aad*

219 3783 284 3828 rent.
303 3803 335 3810 -
353 3772 417 3826 Jam
434 3772 584 3842 respondet
600 3771 750 3825 Hormisda
767 3770 864 3837 adid,
883 3770 958 3841 quod
976 3770 1137 3826 Anastasius
1155 3770 1235 3841 epist.
1252 3777 1282 3825 to
1300 3780 1358 3826 nr
1376 3759 1559 3843 scrip-⁴

219 3858 275 3910 rat:
295 3862 348 3911 Pro
366 3861 414 3910 tae
431 3877 509 3911 causa
527 3869 681 3912 attestantur
697 3860 769 3910 notis
780 3863 855 3911 etiam
868 3861 968 3910 divinae
983 3862 1085 3910 litterae
1097 3862 1133 3911 att
1145 3861 1334 3911 Ateeantrtan
1350 3877 1402 3911 nos
1416 3852 1559 3913 κί’·

218 3948 267 3996 seat
283 3947 407 3996 multoties
425 3947 568 3995 destinatae
586 3943 638 3996 etc.

290 4029 319 4093 ¹⁰)
338 4026 369 4079 In
386 4025 507 4080 henotici
525 4025 699 4096 susceptione
721 4026 753 4081 fit
773 4047 910 4095 praaornn
928 4046 1065 4081 comenses
1082 4032 1192 4080 institis:
1210 4026 1277 4096 quia
1294 4025 1362 4081 dum
1380 4010 1559 4083 (ΜΨ

220 4111 341 4166 donense
360 4110 505 4166 canalium
523 4110 639 4179 rejicere
656 4129 708 4182 per
725 4111 793 4166 illud
811 4112 850 4166 eis
866 4111 1052 4183 permittitur,
1070 4110 1139 4165 nihil
1156 4113 1211 4178 est,
1229 4125 1285 4180 quo
1302 4109 1559 4180 Eutychiae&

219 4212 328 4251 errores
346 4195 486 4266 deponere
505 4195 566 4265 jam
589 4199 732 4266 cogantur.
772 4196 878 4251 Deinde
903 4194 1048 4251 exitiosam
1069 4194 1247 4266 imperatoris
1265 4212 1336 4265 erga
1357 4197 1410 4251 hos
1426 4189 1559 4250 Μ’

220 4280 321 4336 reticos
332 4279 525 4346 tolerantiam,
545 4297 600 4351 quo
615 4280 739 4336 debitam
752 4280 847 4350 regiae
859 4281 1001 4352 majestati
1012 4280 1197 4336 reverentiam
1210 4280 1249 4334 nil
1261 4279 1369 4346 laedat,
1386 4272 1559 4336 titan-11

219 4371 366 4435 aequitatis,
385 4365 438 4420 hoc
456 4368 511 4432 est,
529 4365 552 4419 si
569 4366 647 4436 loqui
663 4365 705 4421 ita
720 4365 816 4429 liceat,
835 4365 1062 4437 aequanimitatis
1079 4383 1129 4421 seu
1146 4364 1368 4435 longanimitate
1379 4354 1559 4420 nonis-35

219 4450 318 4505 donat:
340 4451 388 4505 sed
411 4467 445 4505 ne
468 4450 535 4519 quid
553 4450 707 4506 adulationi
725 4450 792 4507 dare
810 4451 949 4518 videatur,
972 4453 1044 4507 hanc
1061 4468 1117 4506 non
1136 4449 1313 4521 probandam
1336 4450 1386 4505 sed
1406 4443 1559 4505 eorl*

219 4536 341 4605 gandam
359 4537 449 4591 docet.

289 4620 372 4689 1Ι1111
396 4643 412 4675 a
431 4627 487 4677 Deo
509 4628 651 4691 efficaciter
673 4628 802 4692 imperetis
824 4643 872 4692 pato
894 4628 1072 4677 rarrtrtnndatis
1094 4633 1202 4677 oestrum
1224 4634 1249 4676 et
1272 4627 1320 4680 de:
1343 4622 1407 4676 bec
1422 4620 1559 4673 ειν*

219 4711 360 4772 efficaciter
383 4713 535 4776 impetretis,
558 4715 911 4763 1111111111111111111111111111111.Ι
939 4707 1118 4762 Cottstantius
1136 4707 1258 4762 correxit
1278 4728 1329 4776 qno
1347 4695 1559 4762 ΨΜ

219 4791 311 4845 nescio
335 4809 370 4846 an
392 4795 549 4848 necessaria
572 4793 714 4848 eorrectio.
760 4793 798 4847 Ut
821 4811 855 4847 ne
877 4793 905 4846 iu
928 4810 1034 4847 cassum
1057 4794 1196 4864 imperata
1218 4811 1269 4847 sna
1285 4793 1357 4847 verti
1377 4772 1559 4845 siuet-fflt

220 4893 283 4930 cnm
301 4877 437 4934 hortatur.
