3450 5678
1250 113 1257 146 l

259 329 453 378 EPISTOLAE
470 319 520 377 23.
538 317 588 375 24.
611 351 650 358 -
672 328 816 377 NOTITIA
832 327 943 376 EPIST.
960 327 1032 376 NON
1046 327 1216 377 EXS'PAN'I'.
1233 329 1375 376 N.I-V1.
1421 313 1484 379 735

217 491 362 547 abstinere
376 492 546 563 deleyerint‚
571 493 600 546 ui
618 496 646 546 et
660 493 750 545 armis
770 493 799 546 in
813 492 1041 561 praevaricatae
1056 493 1259 546 communionis
1274 493 1420 548 consortia
1434 492 1482 546 de·

218 578 350 632 testanda
366 574 477 648 (Symm.
494 576 574 649 epist.
590 574 629 630 10
650 592 677 629 a.
693 574 752 646 11).
785 572 860 641 Ouod
877 570 985 648 quidem
1006 591 1068 631 raon
1084 583 1146 648 post
1162 575 1235 631 initia
1250 573 1424 649 pontificatus
1440 577 1482 630 sui

217 660 317 717 lactum
333 677 393 716 csse
408 661 466 734 ipsc
481 659 656 734 Symmachus
672 660 769 714 innuit.

821 785 880 851 111.

217 916 293 954 anno
309 897 371 955 500
385 905 456 954 aest.
475 904 559 967 temp.
589 896 690 953 deonii
703 896 883 952 Arelatensis
898 896 938 951 ad
952 895 1153 969 Symmachum
1173 897 1208 952 de
1228 898 1394 970 differentia
1411 916 1481 971 qua-

366 985 431 1037 dam
446 985 523 1038 inter
538 985 679 1038 ecclesias
694 983 892 1038 Arelatensem
908 987 935 1036 ct
956 981 1141 1038 Viennensem
1157 982 1257 1038 oborta
1274 985 1386 1039 relatio.

224 1098 225 1101 ’
301 1084 361 1139 blon
376 1093 439 1158 post
454 1082 577 1138 sedatum
593 1083 707 1156 primum
724 1082 838 1138 schisma
853 1100 902 1157 per
916 1082 1100 1138 Crescentium
1122 1081 1308 1157 presbyterum
1329 1082 1435 1139 litterae
1450 1083 1482 1139 ab

217 1170 319 1225 Aeonio
335 1168 485 1225 Arelatensi
501 1169 628 1241 episcopo
644 1167 754 1246 Romam
769 1166 871 1223 delatae
887 1175 959 1231 sunt,
976 1166 1073 1242 quibus
1088 1171 1233 1224 luctamen
1248 1167 1482 1224 interdrclalen-

216 1270 275 1309 sem
290 1262 317 1310 et
333 1254 518 1310 Viennensem
533 1255 685 1309 ecclesiam
701 1255 819 1326 aliquod
837 1254 873 1308 de
894 1254 1062 1309 ordinandis
1083 1256 1226 1324 episeopis
1245 1257 1276 1309 in
1297 1256 1398 1310 uicims
1412 1257 1486 1311 oriri

217 1338 402 1395 nuntiabatur:
423 1341 473 1394 illa
490 1353 522 1392 re
538 1339 668 1394 uidelicet
680 1335 825 1410 faciente,
852 1338 929 1411 quod
943 1345 1063 1394 sanctae
1085 1339 1296 1394 recordationis
1310 1337 1484 1395 Anastasius

216 1440 282 1497 papa
306 1431 439 1479 tractans
459 1423 658 1493 confusionem
674 1425 845 1493 prouinciae
866 1425 965 1495 aliqua
981 1430 1084 1479 contro
1106 1429 1230 1481 ueterem
1251 1424 1482 1480 consuetudinem

209 1510 336 1580 jusserit
351 1510 509 1565 obseruari.
540 1506 688 1580 Rescripsit
703 1507 878 1581 Symmachus
894 1509 996 1581 antiqui
1013 1506 1083 1578 juris
1104 1516 1232 1564 strenuus
1248 1517 1367 1564 assertor
1382 1507 1415 1563 lll
1426 1507 1481 1563 Cal.

217 1590 339 1649 Octobris
361 1593 421 1648 anui
444 1591 506 1651 500
526 1591 616 1666 (epist.
629 1590 668 1663 3).
720 1591 807 1659 Quare
828 1609 911 1666 quum
937 1594 1063 1667 proprius
1090 1593 1272 1649 internuntius
1298 1592 1402 1648 litteras
1424 1593 1482 1648 illas

215 1679 312 1734 Aeonii
334 1677 530 1740 transtulisset,
551 1679 623 1751 ipsas
645 1678 686 1732 vix
707 1678 781 1752 prius
803 1679 905 1733 aestivo
927 1686 1048 1751 tempure
1071 1676 1191 1748 ejusdem
1211 1679 1273 1734 anui
1293 1679 1406 1752 scriptas
1422 1694 1482 1733 esse

215 1763 359 1819 constabit.

818 1855 876 1922 iv.

215 1971 288 2023 anni
300 1967 360 2025 501
377 1969 465 2023 initio.
505 1966 669 2040 Symmachi
688 1969 728 2024 ad
751 1949 956 2024 Theodericum
977 1983 1072 2042 reyem
1094 1969 1130 2023 de
1150 1970 1354 2042 conyreyunda
1373 1970 1481 2041 synoda

365 2054 482 2108 litterae
496 2056 694 2109 assentientes.

300 2152 387 2221 Ouum
402 2155 479 2210 initio
494 2155 555 2209 auni
572 2153 631 2212 501
654 2153 799 2210 arlvcrsan'i
819 2148 969 2229 Symmachi
990 2153 1080 2210 ‹lenuo
1101 2156 1255 2230 conspirare
1279 2155 1434 2229 coepissent
1454 2163 1481 2209 et

215 2238 285 2314 apud
301 2238 499 2295 Theocloricum
515 2255 609 2313 regem
625 2255 730 2294 ornnem
751 2238 864 2313 lapidem
880 2248 1020 2295 moverent
1040 2240 1138 2314 hicque
1159 2239 1192 2295 de
1208 2239 1360 2314 colligenda
1375 2239 1480 2314 syuodo

215 2324 348 2399 cogitaret
364 2339 432 2397 quae
447 2340 503 2379 rem
519 2333 707 2398 cognosceret,
722 2327 785 2395 ipse
800 2341 913 2398 quoque
928 2342 1010 2397 papa
1035 2328 1063 2381 in
1085 2327 1246 2399 colliyenda
1259 2327 1367 2397 synodo
1383 2327 1480 2382 uolun-

215 2416 302 2465 tatem
317 2424 399 2465 suam
413 2411 519 2465 litteris
534 2410 733 2465 demonstrare
749 2410 911 2483 properavit.
951 2408 1023 2477 Ouae
1045 2427 1128 2483 quum
1148 2410 1285 2485 praelatus
1307 2427 1353 2466 ren
1375 2411 1402 2466 iu
1417 2426 1481 2465 cou-

215 2502 328 2568 gregata
342 2511 410 2550 moa
420 2501 489 2565 post
501 2494 686 2566 festivitatem
706 2494 858 2568 paschalem
873 2495 935 2550 anni
950 2495 1009 2550 501
1027 2494 1133 2568 syuodo
1154 2496 1289 2569 episeopis
1306 2494 1360 2566 jam
1381 2512 1481 2569 propo·

215 2587 293 2634 neret
307 2577 418 2652 (Symm.
436 2579 543 2652 epist.b
559 2597 586 2635 u.
596 2577 635 2653 2),
651 2579 755 2635 litteras
770 2578 828 2634 illas
843 2580 912 2635 circa
925 2580 998 2635 initia
1011 2581 1073 2635 anui
1083 2579 1142 2637 501
1156 2582 1269 2654 scriptas
1285 2573 1346 2636 esse
1361 2589 1479 2655 apparet.

832 2705 873 2772 V.

215 2834 293 2873 anno
309 2816 368 2874 501
386 2821 458 2874 circ.
474 2820 535 2874 init.
566 2817 642 2874 Auiti
660 2817 830 2873 Viennensis
843 2820 973 2889 episcopi
986 2819 1026 2874 ad
1039 2816 1238 2890 Symmachum
1251 2835 1361 2891 papam
1377 2825 1480 2873 contra

365 2904 441 2960 sedis
456 2919 526 2959 suae
541 2904 758 2959 deminutionem
775 2905 932 2973 exceptio.-

299 3005 376 3060 Anuo
391 3004 452 3062 501
475 3021 498 3059 a.
515 3003 542 3060 d.
558 3003 591 3058 lll
612 3003 674 3060 ldus
690 3002 819 3059 Octobres
841 3003 1015 3078 Symmachus
1036 3020 1103 3078 papa
1129 3004 1161 3060 ad
1182 3006 1289 3060 Avitum
1304 3005 1480 3061 Viennensem

215 3090 268 3145 hoe
283 3089 363 3145 modo
379 3091 500 3163 scripsit:
523 3089 586 3146 Non
602 3091 699 3146 debuit
714 3091 864 3145 caritatem
885 3097 962 3145 tuam
977 3090 1140 3162 offendere,
1165 3091 1243 3164 quod
1261 3091 1301 3145 ad
1310 3090 1437 3162 fratrem
1454 3098 1481 3145 et

215 3178 415 3247 coepiscopum
430 3181 560 3232 nostrum
576 3177 712 3232 Aeonium
732 3190 827 3246 nuper
842 3178 1055 3247 rescripsimus.
1087 3174 1152 3230 Non
1167 3178 1239 3231 enim
1249 3178 1317 3248 juri
1331 3182 1379 3231 tua
1390 3190 1479 3248 prae-

208 3262 375 3334 judicatum
387 3260 447 3333 suit
463 3269 513 3321 etc.
535 3259 646 3333 (Symm.
664 3261 743 3333 epist.
756 3258 796 3331 5).
843 3259 916 3315 Unde
937 3247 1030 3315 Avitus
1050 3261 1198 3334 generatim
1219 3261 1320 3316 certior
1341 3260 1425 3314 lactus
1447 3258 1481 3314 de

213 3362 297 3420 papae
318 3344 433 3418 epistola
455 3345 488 3400 ad
509 3347 641 3401 beoniam
663 3345 765 3400 directa
785 3343 896 3419 (Symm.
919 3345 998 3418 epist.
1015 3343 1059 3417 3).
1087 3361 1156 3419 quae
1176 3346 1305 3401 haustasii
1331 3344 1480 3399 decessoris

213 3444 373 3486 concessum
394 3430 564 3504 privilegium
586 3432 613 3486 iu
629 3431 814 3504 quaestionem
829 3446 925 3486 vocare
940 3430 1091 3493 videretur,
1121 3429 1191 3504 apud
1212 3430 1287 3486 illum
1309 3437 1402 3486 contra
1423 3445 1482 3484 mu·

215 3508 309 3571 nuisse
323 3514 438 3578 videtur,
454 3532 489 3571 ue
504 3515 574 3572 sedis
590 3531 654 3571 suae
665 3514 728 3586 jura
742 3516 938 3572 minuerentur.
1021 3516 1024 3521 ’

815 3642 874 3710 VI.

214 3771 293 3811 anno
308 3752 379 3812 502.
410 3755 537 3812 Libellus
551 3755 798 3811 schismaticorum
813 3756 954 3812 aduersus
969 3756 1107 3827 synodum
1121 3755 1295 3827 Palmarem,
1319 3755 1371 3812 sub
1386 3755 1482 3812 tituto.-

367 3841 547 3896 adaersus
568 3841 740 3913 synodum
762 3840 1012 3900 absolutionis
1033 3843 1270 3914 inconyruue.

301 3941 330 3998 1.
361 3939 448 4009 Quum
468 3941 590 4015 synodus
607 3941 733 3998 Palmaris
754 3941 943 4015 Symmachum
965 3940 996 3996 ab
1016 3941 1098 3997 illatis
1119 3941 1349 3999 criminationibus
1369 3958 1483 4016 prorsus

213 4028 359 4083 immunem
373 4033 402 4082 et
417 4043 500 4084 uumn
516 4026 665 4100 legitimum
680 4025 835 4101 poutihecm
851 4025 1022 4089 declarasset.
1045 4026 1186 4083 adversarii
1208 4027 1327 4084 libellum
1343 4029 1484 4084 aduersus

213 4113 352 4185 synodum
366 4113 553 4169 absolutionis
567 4116 745 4187 ineonyruae
761 4111 915 4186 vulgamus.
946 4109 1031 4178 Quem
1043 4109 1181 4168 Ennodius
1198 4121 1263 4170 tunc
1278 4113 1483 4170 diaconus'lici·

214 4198 313 4259 nensis.
329 4197 370 4252 vir
384 4199 453 4253 vitae
468 4198 623 4270 integritate
638 4215 693 4254 non
709 4199 798 4254 minus
814 4213 894 4271 quam
910 4197 1080 4270 eloquentiae
1095 4196 1173 4253 laude
1188 4199 1350 4273 conspicuus
1366 4206 1393 4254 et
1407 4197 1483 4271 Syrn-

213 4282 309 4338 macho
325 4282 352 4337 iu
366 4283 460 4356 primis
483 4299 568 4346 carus.
594 4285 689 4340 libello
710 4286 890 4356 apolayetico
910 4282 1058 4338 minutatim
1075 4281 1260 4357 gradatimque
1275 4283 1425 4343 insistendo
1440 4300 1483 4339 rc·

214 4367 318 4429 lutaris,
334 4366 406 4423 unde
422 4366 542 4438 ejusdem
557 4369 786 4425 incriminatioues
802 4369 867 4424 satis
883 4367 961 4441 plane
977 4366 1107 4442 colligere
1122 4366 1194 4424 licet.

296 4451 415 4508 Primum
428 4453 514 4527 igitur
529 4452 723 4510 obtrudebaut:
746 4472 804 4511 non
820 4469 917 4510 omnes
931 4454 1099 4510 sacerdotes
1114 4458 1192 4528 repis
1211 4455 1252 4511 ad
1264 4455 1416 4511 comediam
1431 4454 1481 4509 ad·

213 4541 295 4594 sciuit
310 4542 481 4610 auctoritas,
497 4556 552 4596 nce
567 4555 663 4596 omnes
676 4543 706 4595 in
715 4542 900 4613 Judieatione
915 4547 1069 4612 senserunt
1083 4537 1137 4612 (ed.
1154 4538 1290 4596 Sirmond.
1308 4539 1394 4614 Opera
1411 4539 1482 4593 varia

213 4623 232 4687 l,
246 4622 328 4695 974).
358 4625 550 4683 Adversarius
565 4626 636 4682 euim
648 4642 747 4698 papae
755 4627 881 4683 Romani
893 4626 952 4680 dici
965 4641 1023 4681 non
1037 4624 1169 4682 debuisse
1183 4624 1318 4690 volebant,
1335 4627 1385 4699 qui
1392 4640 1480 4697 prae·

213 4709 320 4782 metum
337 4712 463 4782 prolatis
480 4712 665 4784 petitionibus
685 4712 880 4781 accusabant,
904 4725 986 4784 quum
1008 4717 1098 4767 tamen
1119 4727 1167 4768 eos
1187 4707 1241 4768 isto
1261 4714 1374 4768 nomine
1390 4726 1481 4782 prae·

213 4802 299 4869 cepta
314 4799 394 4869 reyia
410 4814 468 4853 non
485 4804 637 4854 uocassent
652 4795 684 4851 ad
698 4797 842 4869 synodum.
885 4796 977 4852 Testis
992 4802 1035 4852 est
1048 4797 1182 4854 Romana
1198 4800 1307 4867 ciuitas,
1332 4795 1482 4870 emphatice

212 4879 355 4943 addebant,
378 4885 404 4938 si
417 4900 514 4939 omnes
528 4886 658 4956 episcopi
670 4898 755 4940 senes
768 4891 797 4940 et
811 4883 918 4940 debitas
933 4891 1136 4942 conuenerunt.
1173 4881 1273 4938 Deinde
1295 4883 1403 4938 iteratas
1418 4897 1482 4938 con·
