3450 5678
230 304 295 371 364
707 324 734 371 s.
751 321 891 373 cannen
914 321 1029 372 rurae

121 490 215 539 auca
228 477 401 542 festatiouc
424 476 579 541 bellorum
601 478 651 542 vol
675 477 762 542 nulla
785 478 913 561 penitus
935 476 985 542 vel
1008 477 1125 562 exigua
1147 479 1383 558 remanserunt,
1407 476 1504 545 mini·

229 580 327 667 steria
350 583 559 646 renoventur:
590 584 748 664 quatenus
770 580 821 644 his
843 579 911 645 Deo
933 560 1073 664 propitio
1094 580 1264 663 restitutis,
1293 579 1328 644 in
1350 578 1505 647 ecclesia·

229 684 318 748 stiois
341 682 494 768 gradibus
522 683 735 769 subrogandis
763 704 922 748 canonum
950 685 1158 766 paternorum
1191 685 1282 748 vetus
1309 682 1416 748 forma
1438 704 1505 750 ser·

229 790 338 870 vetur3
372 808 432 852 nee
456 788 568 850 contra
590 808 643 851 eos
666 785 732 849 ulla
753 785 879 849 ratione
905 784 1107 869 praevaleat,
1135 784 1219 869 quod
1241 805 1301 869 pro
1322 784 1505 851 accidentis

228 889 372 956 defectus
394 887 533 955 remedio
555 887 750 973 providetur,
776 910 842 953 non
864 887 1015 953 adversus
1037 887 1120 952 scita
1141 887 1299 972 majorum
1320 908 1407 953 nora
1428 887 1505 975 lege

228 990 482 1077 proponitur⁴⁰):
511 991 625 1057 ceteris
653 991 797 1057 eeclesiis
825 991 867 1058 ab
893 990 955 1056 hac
977 989 1144 1056 occasione
1167 989 1385 1074 cessantibus,
1419 1012 1504 1076 qnae

228 1117 292 1159 non
315 1093 411 1158 simili
435 1093 523 1158 clade
545 1097 688 1160 vastatas
709 1094 881 1178 pristinam
900 1092 1058 1159 faciendis
1075 1092 1332 1159 ordinationibus
1347 1093 1506 1161 eonvenit

227 1200 337 1261 tenere
359 1196 564 1261 sententiam.
603 1195 671 1273 Quo
693 1197 798 1282 magis
819 1195 882 1262 hac
903 1196 1147 1281 opportunitate
1170 1196 1368 1279 commoniti,
1391 1196 1504 1263 obser·

227 1299 371 1366 vantium
399 1300 655 1365 venerandorum
683 1321 842 1364 canonum
864 1299 1055 1384 propensius
1077 1299 1325 1385 delegamusu),
1356 1297 1504 1385 singulo

226 1427 297 1469 rum
320 1403 478 1487 graduum
506 1402 719 1469 conscientias
748 1402 972 1485 admonentes,
1000 1423 1042 1466 ne
1070 1403 1104 1466 in
1131 1401 1262 1466 illicitos
1289 1422 1504 1487 prorumpere

226 1506 401 1572 moliantur
433 1526 594 1588 excessus,
632 1503 740 1590 nec⁴²)
773 1505 823 1570 fas
856 1526 924 1571 csse
958 1504 1099 1571 confidat
1122 1504 1264 1590 ‚quisque
1295 1503 1503 1590 pontificum,

227 1609 387 1695 bigamoS,
424 1611 481 1673 aut
508 1608 659 1693 conjugia
686 1607 857 1673 sortientes
886 1607 926 1672 ab
949 1606 1020 1672 aliis
1043 1606 1211 1686 derelicta,
1245 1607 1312 1672 eive
1338 1607 1505 1692 quoslibet

225 1711 346 1797 post⁴³)
369 1710 613 1795 poenitentiam,
636 1709 686 1774 vel
709 1710 779 1774 sine
800 1709 928 1792 litteris,
958 1710 1008 1774 vel
1032 1730 1163 1795 corpore
1185 1708 1324 1794 vitiatos,
1349 1709 1402 1775 vel
1427 1732 1505 1777 con·

226 1810 424 1895 ditionarios,
448 1814 505 1877 aut
527 1812 633 1877 curiae
655 1812 919 1897 publicarumque
941 1834 1047 1877 rernm
1067 1812 1203 1878 nexibus
1224 1812 1420 1897 implicatos,
1446 1817 1506 1881 aut

226 1917 345 2004 passim
368 1915 457 1981 nulla
478 1915 631 1999 temporis
655 1915 862 2000 congruentis
880 1915 1166 2001 exspectatione⁴⁴)
1186 1915 1356 1999 discussos,
1379 1914 1505 1981 divinis

225 2020 398 2084 servituros
421 2018 583 2102 applicare
605 2018 781 2103 mysteriis;
814 2018 967 2103 neque⁴⁵)
989 2039 1048 2102 pro
1070 2038 1127 2082 suo
1149 2016 1244 2083 libitu
1253 2017 1330 2102 jura
1344 2017 1505 2084 studeant

226 2122 331 2188 aliena
345 2120 529 2206 pervadere,
547 2120 665 2205 absque
678 2120 966 2205 sedisapostolicae
977 2121 1067 2205 justa
1082 2120 1292 2205 dispositione
1307 2120 1504 2187 mandante.

154 2228 213 2298 lV.
310 2225 342 2289 4.
371 2221 528 2288 Basilicas
549 2223 676 2294 noviter
697 2223 864 2289 institutas
886 2245 952 2288 non
974 2224 1085 2308 petitis
1107 2247 1145 2288 ex
1160 2245 1249 2289 more
1262 2223 1507 2309 praeceptioni·

224 2327 331 2413 husu)
354 2326 500 2391 dedicare
522 2348 588 2392 non
610 2326 760 2392 audeant.
805 2324 879 2391 Non
902 2325 1047 2391 ambiant
1068 2325 1198 2393 sibimet
1219 2325 1384 2417 vindicare
1409 2326 1506 2394 cleri·

226 2452 279 2496 oos
301 2430 470 2515 potestatis
493 2428 627 2496 alienae.

168 2538 208 2604 V.
307 2532 337 2599 5.
354 2529 564 2615 Baptizandis
578 2532 869 2617 consignandisque
880 2531 1027 2598 fidelibus
1033 2532 1074 2618 ΙΙ)
1081 2532 1186 2617 pretia
1198 2531 1288 2597 nulla
1298 2533 1505 2619 praefigant,

225 2659 286 2702 nec
307 2634 506 2700 illationibus
529 2634 724 2719 quibuslibet
745 2635 904 2720 impositis
927 2635 1091 2721 exagitare
1115 2634 1248 2719 cupiant
1272 2638 1505 2702 renascentes:

110 2726 209 2863 lffih
222 2739 374 2824 quoniam
397 2738 480 2822 quod
508 2736 610 2823 gratis
639 2738 835 2823 accepimuS,
870 2737 973 2824 gratis
1004 2738 1080 2803 dare
1108 2737 1308 2802 mandamur.
1353 2736 1401 2803 Et
1431 2739 1507 2805 ideo

223 2841 306 2908 nihil
335 2864 355 2906 a
383 2840 555 2925 praedictis
588 2862 718 2924 prorsus
749 2831 877 2926 exigere
906 2841 1097 2924 moliantur,
1136 2828 1210 2926 quo'
1225 2840 1276 2904 vel
1303 2844 1506 2925 paupertate

226 2946 362 3030 cogente
384 2943 540 3027 deterriti,
564 2942 613 3006 vel
634 2944 859 3029 indignatione
881 2944 1021 3009 revocati
1043 2943 1273 3028 redemptionis
1288 2965 1366 3009 suae
1382 2966 1505 3009 causas

226 3047 313 3112 adire
336 3045 530 3130 despiciant:
564 3048 686 3110 certum
714 3044 886 3130 habentes,
921 3046 1004 3130 quod
1032 3047 1086 3131 qui
1114 3045 1277 3131 prohibita
1302 3044 1505 3130 deprehensi

226 3149 348 3214 fuerint
370 3148 551 3232 admisisse,
582 3148 633 3212 vel
657 3149 824 3213 commissa
846 3171 912 3213 non
935 3151 1041 3233 potius
1069 3172 1128 3214 sua
1149 3152 1264 3235 sponte
1286 3148 1503 3233 correxerint,

226 3251 403 3338 periculum
424 3251 560 3318 subituri
583 3251 705 3337 proprii
727 3252 794 3317 sint
814 3250 955 3318 honoris.

293 3460 325 3526 ΙΙ)
344 3457 424 3512 Solus
444 3458 470 3511 tl'
490 3467 681 3525 proponuntur,
699 3456 906 3526 refragantibus
918 3473 980 3511 mee.
996 3456 1026 3511 et
1042 3455 1132 3512 editis.
1161 3453 1270 3511 Deinde
1281 3454 1319 3509 D'
1331 3454 1441 3510 omittit
1452 3460 1502 3517 dr

226 3560 344 3611 moxque
366 3536 673 3612 priclinnnsneientibna
695 3548 880 3597 ordinationem
897 3549 1012 3598 convenit
1033 3547 1125 3597 deinde
1148 3547 1344 3597 reverendum
1362 3562 1500 3597 enam

226 3632 387 3696 (serenetur
405 3628 489 3683 etiam
507 3628 552 3695 D¹,
564 3628 591 3683 d¹
609 3631 689 3694 sacen
706 3627 787 3696 legit3
806 3627 836 3682 (ΙΙ
848 3627 928 3683 addit
939 3633 1091 3696 cognoscitis
1108 3630 1173 3697 post
1184 3629 1318 3698 vatam).
1348 3626 1503 3698 Sequimur

227 3715 258 3769 B'
273 3715 306 3768 ΕΙ
318 3714 352 3767 pa
364 3713 404 3768 ΙΙῃ
417 3714 443 3768 Η
455 3714 471 3768 J
478 3714 500 3769 0
520 3715 548 3769 et
566 3713 635 3769 alios
654 3712 751 3768 editos.
987 3782 992 3788 ἡ

294 3802 326 3868 ⁴¹)
344 3800 380 3854 Da
392 3800 428 3854 Ι)7
439 3800 476 3854 D⁹
488 3799 522 3852 ΓΙ
534 3799 575 3853 Fr
588 3799 616 3854 d¹
630 3798 659 3853 d¹
672 3803 811 3869 diligerere.
839 3798 964 3854 Aliorum
981 3798 1106 3853 codicum
1120 3798 1215 3866 (ctiam
1228 3798 1260 3852 B¹
1274 3798 1312 3854 ΗΙ
1323 3797 1385 3867 ΗΙΙ)
1401 3797 1503 3855 leobio-

226 3903 289 3942 uom
308 3887 400 3940 firmat
416 3885 484 3939 illud
503 3901 563 3954 cap.
579 3891 609 3940 13
627 3890 696 3955 qnod
712 3904 758 3938 nce
775 3891 916 3939 neretoritar
934 3889 1018 3938 divina
1036 3890 1144 3954 defepat.

293 3973 326 4039 ΙΙ)
344 3972 379 4025 D¹
398 3969 490 4041 prima
511 3987 606 4024 mauu:
629 3991 659 4025 ne
681 3975 793 4037 forsitan
817 3990 874 4025 erse
895 3975 1008 4036 confidat
1029 3977 1133 4040 quiaque
1154 3977 1300 4040 pontificare
1321 3972 1435 4039 ὥρων
1452 3982 1502 4024 aare

225 4064 345 4126 conjugia
363 4063 485 4119 sentiens,
505 4055 577 4110 unde
594 4056 666 4110 forte
679 4055 707 4110 d¹
721 4077 752 4110 ne
766 4061 879 4123 forsitan
891 4062 942 4109 rint
958 4062 1049 4125 pirique
1060 4061 1205 4126 pontificum
1216 4059 1309 4125 equas
1318 4065 1364 4110 ael
1375 4061 1502 4124 conj-m

224 4151 376 4199 sortientes:
405 4142 493 4207 malo,
511 4157 596 4208 quum
613 4158 669 4196 nou
687 4141 722 4195 dc
740 4141 916 4212 pontificibus
934 4140 984 4195 sed
1001 4140 1037 4196 de
1055 4139 1132 4195 laicis
1149 4139 1311 4196 ordinandis
1328 4139 1375 4196 lric
1391 4138 1501 4211 agitur.

293 4230 325 4295 ΙΙ)
345 4229 383 4281 0¹⁰
399 4232 592 4296 poenirentiam,
610 4227 815 4297 refragantibus
832 4244 894 4281 nus.
914 4228 944 4281 et
960 4225 1022 4281 aliie
1040 4225 1129 4282 editis.

293 4315 326 4381 ⁴⁴)
345 4313 382 4368 ΗΙ
400 4311 521 4366 secunda
538 4329 623 4367 manu
641 4312 691 4367 sed
709 4311 825 4381 antiqua
842 4319 1039 4369 examinatione

293 4399 326 4459 ΙΙ)
344 4397 373 4451 (ΙΙ
388 4402 425 4451 Ne
438 4403 482 4468 qur·
493 4408 539 4452 err.
554 4397 583 4451 et
593 4397 655 4466 jam
671 4398 761 4453 totum
774 4398 811 4453 ad
826 4415 902 4468 sequ.
917 4415 976 4469 cap.
993 4398 1029 4452 lV
1042 4397 1138 4468 (ipsius
1150 4398 1200 4466 ΙΙΙ)
1212 4397 1313 4465 refert,
1329 4413 1414 4453 remu
1429 4413 1503 4455 nne

226 4487 255 4539 ct
266 4483 301 4537 ΕΙ
318 4483 499 4552 suffragante.
527 4482 634 4537 Deinde
647 4483 683 4537 D⁸
698 4489 872 4552 praendere,
891 4500 1011 4553 moxque
1028 4484 1066 4538 ΗΙ
1083 4483 1176 4555 prima
1193 4500 1277 4538 manu
1294 4487 1501 4553 ἅιριιιισιίοιε.

293 4569 326 4636 ΙΙ)
344 4566 407 4623 Scil.
425 4573 494 4623 sedis
511 4573 682 4637 apostolicae,
706 4571 738 4624 ut
753 4569 827 4624 infra
844 4588 904 4641 cap.
918 4576 952 4624 26
969 4574 1063 4640 utrque
1080 4579 1223 4638 praecepto
1240 4574 1311 4624 redis
1325 4574 1500 4639 nportnb‘m,

225 4653 345 4722 Moxque
363 4670 405 4708 oc
423 4653 530 4708 addunt
546 4659 662 4724 episcopi
679 4656 905 4725 (portentione),
924 4654 983 4708 sine
1001 4654 1168 4710 auctoritato
1187 4672 1249 4709 mss.

293 4741 325 4803 ΙΙ)
344 4754 379 4793 oc
397 4739 505 4794 addunt
514 4743 673 4809 presbyteri,
692 4740 900 4811 refragantibus
912 4758 975 4795 mss.
1000 4739 1107 4795 Deinde
1119 4739 1155 4794 D’
1168 4746 1285 4809 carpere.
1303 4755 1427 4808 moxque
1438 4740 1505 4812 plu·

225 4840 270 4877 res
285 4839 348 4876 mss.
368 4823 394 4876 H
407 4824 451 4890 (ΙΙΙ
465 4825 502 4879 ΗΙ
514 4825 562 4893 Hs)
580 4830 732 4879 nondumne.
757 4825 894 4882 d¹aute1n
911 4832 1048 4896 accepimus
1107 4829 1169 4880 nibil
1182 4845 1304 4895 prorsus.
1323 4840 1358 4882 ee
1374 4824 1502 4898 denique

224 4906 259 4965 ΒΙ
278 4928 370 4964 camos
386 4913 517 4971 mutere.
