<?xml version="1.0" encoding="UTF-8"?>
<!DOCTYPE html PUBLIC "-//W3C//DTD XHTML 1.0 Transitional//EN"
    "http://www.w3.org/TR/xhtml1/DTD/xhtml1-transitional.dtd">
<html xmlns="http://www.w3.org/1999/xhtml" xml:lang="en" lang="en">
 <head>
  <title>
</title>
<meta http-equiv="Content-Type" content="text/html;charset=utf-8" />
  <meta name='ocr-system' content='tesseract 3.04.00' />
  <meta name='ocr-capabilities' content='ocr_page ocr_carea ocr_par ocr_line ocrx_word'/>
</head>
<body>
  <div class='ocr_page' id='page_1' title='image "./epistolaeromano00cousgoog/epistolaeromano00cousgoog_0987.png"; bbox 0 0 3412 5664; ppageno 0'>
   <div class='ocr_carea' id='block_1_1' title="bbox 314 318 1144 383">
    <p class='ocr_par' dir='ltr' id='par_1_1' title="bbox 314 318 1144 383">
     <span class='ocr_line' id='line_1_1' title="bbox 314 318 1144 383; baseline 0.001 -2"><span class='ocrx_word' id='word_1_1' title='bbox 314 318 377 382; x_wconf 71' lang='grc'>946</span> <span class='ocrx_word' id='word_1_2' title='bbox 755 333 783 382; x_wconf 90' lang='lat' dir='ltr'>s.</span> <span class='ocrx_word' id='word_1_3' title='bbox 798 329 1006 383; x_wconf 77' lang='lat' dir='ltr'>aoamsnas</span> <span class='ocrx_word' id='word_1_4' title='bbox 1028 333 1144 382; x_wconf 70' lang='lat' dir='ltr'>aaran</span> 
     </span>
    </p>
   </div>
   <div class='ocr_carea' id='block_1_2' title="bbox 207 485 1555 659">
    <p class='ocr_par' dir='ltr' id='par_1_2' title="bbox 207 485 1555 659">
     <span class='ocr_line' id='line_1_2' title="bbox 207 485 1553 573; baseline 0.006 -26"><span class='ocrx_word' id='word_1_5' title='bbox 207 498 300 552; x_wconf 64' lang='lat' dir='ltr'>anto.</span> <span class='ocrx_word' id='word_1_6' title='bbox 314 487 512 573; x_wconf 81' lang='lat' dir='ltr'>praedicavit</span> <span class='ocrx_word' id='word_1_7' title='bbox 534 485 637 551; x_wconf 90' lang='lat' dir='ltr'>Deum</span> <span class='ocrx_word' id='word_1_8' title='bbox 659 485 818 570; x_wconf 85' lang='lat' dir='ltr'><strong>Verbum,</strong></span> <span class='ocrx_word' id='word_1_9' title='bbox 849 490 882 552; x_wconf 91' lang='lat' dir='ltr'>et</span> <span class='ocrx_word' id='word_1_10' title='bbox 902 486 1060 552; x_wconf 85' lang='lat' dir='ltr'>Dominus</span> <span class='ocrx_word' id='word_1_11' title='bbox 1081 490 1194 553; x_wconf 88' lang='lat' dir='ltr'>noster</span> <span class='ocrx_word' id='word_1_12' title='bbox 1215 487 1313 553; x_wconf 85' lang='lat' dir='ltr'>Jesus</span> <span class='ocrx_word' id='word_1_13' title='bbox 1335 486 1472 554; x_wconf 75' lang='lat' dir='ltr'>Christus</span> <span class='ocrx_word' id='word_1_14' title='bbox 1490 512 1553 556; x_wconf 85' lang='lat' dir='ltr'>uum</span> 
     </span>
     <span class='ocr_line' id='line_1_3' title="bbox 313 587 1555 659; baseline 0.002 -5"><span class='ocrx_word' id='word_1_15' title='bbox 313 593 362 655; x_wconf 88' lang='lat' dir='ltr'>est</span> <span class='ocrx_word' id='word_1_16' title='bbox 384 611 422 654; x_wconf 87' lang='lat' dir='ltr'>ex</span> <span class='ocrx_word' id='word_1_17' title='bbox 444 592 558 654; x_wconf 84' lang='lat' dir='ltr'>sancta</span> <span class='ocrx_word' id='word_1_18' title='bbox 580 592 613 653; x_wconf 89' lang='lat' dir='ltr'>et</span> <span class='ocrx_word' id='word_1_19' title='bbox 634 587 776 659; x_wconf 80' lang='lat' dir='ltr'>unius³³l</span> <span class='ocrx_word' id='word_1_20' title='bbox 799 589 956 653; x_wconf 76' lang='lat' dir='ltr'>essentiae</span> <span class='ocrx_word' id='word_1_21' title='bbox 978 588 1148 654; x_wconf 64' lang='lat' dir='ltr'>trinitate.</span> <span class='ocrx_word' id='word_1_22' title='bbox 1195 589 1229 654; x_wconf 81' lang='lat' dir='ltr'>si</span> <span class='ocrx_word' id='word_1_23' title='bbox 1253 591 1342 655; x_wconf 89' lang='lat' dir='ltr'>enim</span> <span class='ocrx_word' id='word_1_24' title='bbox 1363 613 1456 655; x_wconf 90' lang='lat' dir='ltr'>unum</span> <span class='ocrx_word' id='word_1_25' title='bbox 1473 590 1555 657; x_wconf 86' lang='lat' dir='ltr'>Deum</span> 
     </span>
    </p>
   </div>
   <div class='ocr_carea' id='block_1_3' title="bbox 763 662 770 674">
    <p class='ocr_par' dir='ltr' id='par_1_3' title="bbox 763 662 770 674">
     <span class='ocr_line' id='line_1_4' title="bbox 763 662 770 674; baseline 0 0"><span class='ocrx_word' id='word_1_26' title='bbox 763 662 770 674; x_wconf 79' lang='grc' dir='ltr'><strong><em>Ι</em></strong></span> 
     </span>
    </p>
   </div>
   <div class='ocr_carea' id='block_1_4' title="bbox 195 690 1558 2609">
    <p class='ocr_par' dir='ltr' id='par_1_4' title="bbox 195 690 1558 2609">
     <span class='ocr_line' id='line_1_5' title="bbox 311 690 1555 775; baseline 0.002 -19"><span class='ocrx_word' id='word_1_27' title='bbox 311 694 346 756; x_wconf 92' lang='lat' dir='ltr'>in</span> <span class='ocrx_word' id='word_1_28' title='bbox 368 692 471 756; x_wconf 87' lang='lat' dir='ltr'>tribus</span> <span class='ocrx_word' id='word_1_29' title='bbox 494 690 722 772; x_wconf 74' lang='lat' dir='ltr'>subsistentiis,</span> <span class='ocrx_word' id='word_1_30' title='bbox 745 691 829 754; x_wconf 91' lang='lat' dir='ltr'>sicut</span> <span class='ocrx_word' id='word_1_31' title='bbox 850 690 972 755; x_wconf 88' lang='lat' dir='ltr'>dictum</span> <span class='ocrx_word' id='word_1_32' title='bbox 990 694 1049 773; x_wconf 86' lang='lat' dir='ltr'>est,</span> <span class='ocrx_word' id='word_1_33' title='bbox 1074 691 1260 775; x_wconf 81' lang='lat' dir='ltr'>accipimus,</span> <span class='ocrx_word' id='word_1_34' title='bbox 1285 690 1384 756; x_wconf 89' lang='lat' dir='ltr'>Pater</span> <span class='ocrx_word' id='word_1_35' title='bbox 1398 695 1493 757; x_wconf 87' lang='lat' dir='ltr'>autem</span> <span class='ocrx_word' id='word_1_36' title='bbox 1504 715 1555 759; x_wconf 87' lang='lat' dir='ltr'>aon</span> 
     </span>
     <span class='ocr_line' id='line_1_6' title="bbox 313 791 1555 879; baseline 0 -21"><span class='ocrx_word' id='word_1_37' title='bbox 313 797 361 858; x_wconf 90' lang='lat' dir='ltr'>est</span> <span class='ocrx_word' id='word_1_38' title='bbox 383 794 586 876; x_wconf 82' lang='lat' dir='ltr'>incarnatus,</span> <span class='ocrx_word' id='word_1_39' title='bbox 615 813 676 858; x_wconf 84' lang='lat' dir='ltr'>nac</span> <span class='ocrx_word' id='word_1_40' title='bbox 698 792 835 877; x_wconf 78' lang='lat' dir='ltr'>Spiritus</span> <span class='ocrx_word' id='word_1_41' title='bbox 857 795 1005 858; x_wconf 85' lang='lat' dir='ltr'>sanctus:</span> <span class='ocrx_word' id='word_1_42' title='bbox 1032 791 1120 856; x_wconf 91' lang='lat' dir='ltr'>Deus</span> <span class='ocrx_word' id='word_1_43' title='bbox 1142 792 1289 858; x_wconf 88' lang='lat' dir='ltr'>Verbum</span> <span class='ocrx_word' id='word_1_44' title='bbox 1311 793 1487 858; x_wconf 87' lang='lat' dir='ltr'>incarnatus</span> <span class='ocrx_word' id='word_1_45' title='bbox 1509 800 1555 879; x_wconf 86' lang='lat' dir='ltr'>est,</span> 
     </span>
     <span class='ocr_line' id='line_1_7' title="bbox 312 893 1556 962; baseline 0.002 -3"><span class='ocrx_word' id='word_1_46' title='bbox 312 899 345 959; x_wconf 93' lang='lat' dir='ltr'>et</span> <span class='ocrx_word' id='word_1_47' title='bbox 366 894 460 960; x_wconf 90' lang='lat' dir='ltr'>homo</span> <span class='ocrx_word' id='word_1_48' title='bbox 482 894 588 960; x_wconf 83' lang='lat' dir='ltr'>factus</span> <span class='ocrx_word' id='word_1_49' title='bbox 611 898 660 959; x_wconf 89' lang='lat' dir='ltr'>est</span> <span class='ocrx_word' id='word_1_50' title='bbox 681 916 764 959; x_wconf 89' lang='lat' dir='ltr'>unus</span> <span class='ocrx_word' id='word_1_51' title='bbox 786 916 826 958; x_wconf 89' lang='lat' dir='ltr'>ex</span> <span class='ocrx_word' id='word_1_52' title='bbox 847 897 962 960; x_wconf 89' lang='lat' dir='ltr'>sancta</span> <span class='ocrx_word' id='word_1_53' title='bbox 989 897 1022 958; x_wconf 88' lang='lat' dir='ltr'>et</span> <span class='ocrx_word' id='word_1_54' title='bbox 1046 894 1140 959; x_wconf 89' lang='lat' dir='ltr'>unius</span> <span class='ocrx_word' id='word_1_55' title='bbox 1169 893 1332 960; x_wconf 85' lang='lat' dir='ltr'>essentiae</span> <span class='ocrx_word' id='word_1_56' title='bbox 1352 894 1499 961; x_wconf 83' lang='lat' dir='ltr'>Trinitate</span> <span class='ocrx_word' id='word_1_57' title='bbox 1521 918 1556 962; x_wconf 80' lang='lat' dir='ltr'>se</span> 
     </span>
     <span class='ocr_line' id='line_1_8' title="bbox 313 994 1555 1081; baseline 0.002 -21"><span class='ocrx_word' id='word_1_58' title='bbox 313 996 451 1060; x_wconf 88' lang='lat' dir='ltr'>cundum</span> <span class='ocrx_word' id='word_1_59' title='bbox 472 996 638 1061; x_wconf 86' lang='lat' dir='ltr'>filiationis</span> <span class='ocrx_word' id='word_1_60' title='bbox 652 996 892 1080; x_wconf 78' lang='lat' dir='ltr'>proprietatem.</span> <span class='ocrx_word' id='word_1_61' title='bbox 931 994 985 1061; x_wconf 87' lang='lat' dir='ltr'>Sic</span> <span class='ocrx_word' id='word_1_62' title='bbox 998 996 1046 1060; x_wconf 86' lang='lat' dir='ltr'>ita</span> <span class='ocrx_word' id='word_1_63' title='bbox 1061 995 1238 1060; x_wconf 85' lang='lat' dir='ltr'>secundum</span> <span class='ocrx_word' id='word_1_64' title='bbox 1258 997 1438 1081; x_wconf 84' lang='lat' dir='ltr'>praedictas</span> <span class='ocrx_word' id='word_1_65' title='bbox 1451 1001 1555 1063; x_wconf 73' lang='lat' dir='ltr'>sanda</span> 
     </span>
     <span class='ocr_line' id='line_1_9' title="bbox 195 1096 1557 1182; baseline 0.004 -22"><span class='ocrx_word' id='word_1_66' title='bbox 195 1154 201 1169; x_wconf 81' lang='grc'><em>,</em></span> <span class='ocrx_word' id='word_1_67' title='bbox 312 1103 447 1182; x_wconf 88' lang='lat' dir='ltr'>quatuor</span> <span class='ocrx_word' id='word_1_68' title='bbox 474 1098 610 1182; x_wconf 82' lang='lat' dir='ltr'>synodos</span> <span class='ocrx_word' id='word_1_69' title='bbox 639 1098 819 1181; x_wconf 87' lang='lat' dir='ltr'>credentes,</span> <span class='ocrx_word' id='word_1_70' title='bbox 850 1097 930 1182; x_wconf 63' lang='lat' dir='ltr'>etV)</span> <span class='ocrx_word' id='word_1_71' title='bbox 959 1096 1133 1163; x_wconf 88' lang='lat' dir='ltr'>secundam</span> <span class='ocrx_word' id='word_1_72' title='bbox 1161 1096 1223 1163; x_wconf 90' lang='lat' dir='ltr'>Dei</span> <span class='ocrx_word' id='word_1_73' title='bbox 1251 1097 1354 1163; x_wconf 85' lang='lat' dir='ltr'>Verbi</span> <span class='ocrx_word' id='word_1_74' title='bbox 1382 1099 1557 1165; x_wconf 66' lang='lat' dir='ltr'>nativitatem</span> 
     </span>
     <span class='ocr_line' id='line_1_10' title="bbox 312 1198 1557 1287; baseline 0.001 -23"><span class='ocrx_word' id='word_1_75' title='bbox 312 1198 487 1264; x_wconf 90' lang='lat' dir='ltr'>secundum</span> <span class='ocrx_word' id='word_1_76' title='bbox 510 1221 637 1265; x_wconf 89' lang='lat' dir='ltr'>carnem</span> <span class='ocrx_word' id='word_1_77' title='bbox 654 1198 801 1264; x_wconf 88' lang='lat' dir='ltr'>confiteri</span> <span class='ocrx_word' id='word_1_78' title='bbox 822 1220 888 1263; x_wconf 92' lang='lat' dir='ltr'>non</span> <span class='ocrx_word' id='word_1_79' title='bbox 903 1199 1077 1283; x_wconf 87' lang='lat' dir='ltr'>renuimus,</span> <span class='ocrx_word' id='word_1_80' title='bbox 1101 1199 1201 1287; x_wconf 91' lang='lat' dir='ltr'>(unde</span> <span class='ocrx_word' id='word_1_81' title='bbox 1217 1200 1347 1286; x_wconf 87' lang='lat' dir='ltr'>proprie</span> <span class='ocrx_word' id='word_1_82' title='bbox 1362 1199 1422 1265; x_wconf 85' lang='lat' dir='ltr'>Dei</span> <span class='ocrx_word' id='word_1_83' title='bbox 1442 1201 1557 1287; x_wconf 79' lang='lat' dir='ltr'>genitrix</span> 
     </span>
     <span class='ocr_line' id='line_1_11' title="bbox 312 1300 1558 1387; baseline 0.002 -22"><span class='ocrx_word' id='word_1_84' title='bbox 312 1305 425 1366; x_wconf 88' lang='lat' dir='ltr'>sancta</span> <span class='ocrx_word' id='word_1_85' title='bbox 447 1300 549 1386; x_wconf 86' lang='lat' dir='ltr'>Virgo</span> <span class='ocrx_word' id='word_1_86' title='bbox 571 1324 639 1367; x_wconf 89' lang='lat' dir='ltr'>esse</span> <span class='ocrx_word' id='word_1_87' title='bbox 663 1301 817 1383; x_wconf 89' lang='lat' dir='ltr'>creditur,</span> <span class='ocrx_word' id='word_1_88' title='bbox 847 1304 1013 1386; x_wconf 87' lang='lat' dir='ltr'>tamquam</span> <span class='ocrx_word' id='word_1_89' title='bbox 1035 1323 1115 1387; x_wconf 89' lang='lat' dir='ltr'>quae</span> <span class='ocrx_word' id='word_1_90' title='bbox 1137 1305 1257 1367; x_wconf 86' lang='lat' dir='ltr'>natura</span> <span class='ocrx_word' id='word_1_91' title='bbox 1279 1305 1314 1367; x_wconf 91' lang='lat' dir='ltr'>et</span> <span class='ocrx_word' id='word_1_92' title='bbox 1335 1302 1466 1368; x_wconf 85' lang='lat' dir='ltr'>veritate</span> <span class='ocrx_word' id='word_1_93' title='bbox 1483 1303 1558 1368; x_wconf 80' lang='lat' dir='ltr'>anim</span> 
     </span>
     <span class='ocr_line' id='line_1_12' title="bbox 312 1401 1556 1490; baseline 0.001 -23"><span class='ocrx_word' id='word_1_94' title='bbox 312 1403 469 1468; x_wconf 87' lang='lat' dir='ltr'>essentiae</span> <span class='ocrx_word' id='word_1_95' title='bbox 491 1402 582 1468; x_wconf 87' lang='lat' dir='ltr'>Patri</span> <span class='ocrx_word' id='word_1_96' title='bbox 590 1404 630 1490; x_wconf 85' lang='grc'>33)</span> <span class='ocrx_word' id='word_1_97' title='bbox 654 1402 770 1468; x_wconf 84' lang='lat' dir='ltr'>Filium</span> <span class='ocrx_word' id='word_1_98' title='bbox 793 1401 896 1466; x_wconf 91' lang='lat' dir='ltr'>Deum</span> <span class='ocrx_word' id='word_1_99' title='bbox 917 1401 1061 1468; x_wconf 82' lang='lat' dir='ltr'>Verbum</span> <span class='ocrx_word' id='word_1_100' title='bbox 1083 1424 1141 1488; x_wconf 91' lang='lat' dir='ltr'>per</span> <span class='ocrx_word' id='word_1_101' title='bbox 1166 1407 1321 1469; x_wconf 85' lang='lat' dir='ltr'>naturam</span> <span class='ocrx_word' id='word_1_102' title='bbox 1342 1403 1556 1481; x_wconf 76' lang='lat' dir='ltr'>immutabilem</span> 
     </span>
     <span class='ocr_line' id='line_1_13' title="bbox 312 1504 1558 1589; baseline 0.002 -20"><span class='ocrx_word' id='word_1_103' title='bbox 312 1526 351 1569; x_wconf 84' lang='lat' dir='ltr'>ex</span> <span class='ocrx_word' id='word_1_104' title='bbox 377 1505 447 1589; x_wconf 84' lang='lat' dir='ltr'>ipsa</span> <span class='ocrx_word' id='word_1_105' title='bbox 474 1504 596 1570; x_wconf 83' lang='lat' dir='ltr'>lactum</span> <span class='ocrx_word' id='word_1_106' title='bbox 622 1504 801 1587; x_wconf 90' lang='lat' dir='ltr'>hominem,</span> <span class='ocrx_word' id='word_1_107' title='bbox 831 1505 926 1568; x_wconf 80' lang='lat' dir='ltr'>enixa</span> <span class='ocrx_word' id='word_1_108' title='bbox 953 1506 1033 1587; x_wconf 79' lang='lat' dir='ltr'>est):</span> <span class='ocrx_word' id='word_1_109' title='bbox 1061 1507 1095 1569; x_wconf 86' lang='lat' dir='ltr'>ct</span> <span class='ocrx_word' id='word_1_110' title='bbox 1121 1505 1201 1570; x_wconf 87' lang='lat' dir='ltr'>duas</span> <span class='ocrx_word' id='word_1_111' title='bbox 1229 1508 1364 1571; x_wconf 88' lang='lat' dir='ltr'>naturas</span> <span class='ocrx_word' id='word_1_112' title='bbox 1396 1504 1430 1569; x_wconf 91' lang='lat' dir='ltr'>in</span> <span class='ocrx_word' id='word_1_113' title='bbox 1455 1504 1558 1572; x_wconf 80' lang='lat' dir='ltr'>Christo</span> 
     </span>
     <span class='ocr_line' id='line_1_14' title="bbox 311 1605 1557 1692; baseline 0 -22"><span class='ocrx_word' id='word_1_114' title='bbox 311 1607 415 1692; x_wconf 74' lang='grc' dir='ltr'>ροτ33)</span> <span class='ocrx_word' id='word_1_115' title='bbox 443 1607 616 1671; x_wconf 87' lang='lat' dir='ltr'>essentiam</span> <span class='ocrx_word' id='word_1_116' title='bbox 642 1606 692 1671; x_wconf 90' lang='lat' dir='ltr'>vel</span> <span class='ocrx_word' id='word_1_117' title='bbox 719 1605 935 1671; x_wconf 87' lang='lat' dir='ltr'>substantiam</span> <span class='ocrx_word' id='word_1_118' title='bbox 960 1606 1068 1671; x_wconf 89' lang='lat' dir='ltr'>unitas</span> <span class='ocrx_word' id='word_1_119' title='bbox 1097 1606 1291 1673; x_wconf 84' lang='lat' dir='ltr'>confitentes</span> <span class='ocrx_word' id='word_1_120' title='bbox 1321 1607 1405 1673; x_wconf 72' lang='lat' dir='ltr'>siem</span> <span class='ocrx_word' id='word_1_121' title='bbox 1430 1607 1462 1672; x_wconf 89' lang='lat' dir='ltr'>ia</span> <span class='ocrx_word' id='word_1_122' title='bbox 1484 1607 1557 1671; x_wconf 87' lang='lat' dir='ltr'>anius</span> 
     </span>
     <span class='ocr_line' id='line_1_15' title="bbox 311 1707 1556 1794; baseline 0 -21"><span class='ocrx_word' id='word_1_123' title='bbox 311 1730 449 1793; x_wconf 90' lang='lat' dir='ltr'>persona</span> <span class='ocrx_word' id='word_1_124' title='bbox 470 1709 521 1773; x_wconf 92' lang='lat' dir='ltr'>vel</span> <span class='ocrx_word' id='word_1_125' title='bbox 543 1708 739 1791; x_wconf 88' lang='lat' dir='ltr'>substantia,</span> <span class='ocrx_word' id='word_1_126' title='bbox 769 1729 872 1793; x_wconf 90' lang='lat' dir='ltr'>neque</span> <span class='ocrx_word' id='word_1_127' title='bbox 893 1707 1008 1772; x_wconf 89' lang='lat' dir='ltr'>harum</span> <span class='ocrx_word' id='word_1_128' title='bbox 1035 1707 1257 1773; x_wconf 83' lang='lat' dir='ltr'>diversitatem</span> <span class='ocrx_word' id='word_1_129' title='bbox 1279 1709 1331 1774; x_wconf 91' lang='lat' dir='ltr'>vel</span> <span class='ocrx_word' id='word_1_130' title='bbox 1357 1709 1556 1794; x_wconf 84' lang='lat' dir='ltr'>proprictotem</span> 
     </span>
     <span class='ocr_line' id='line_1_16' title="bbox 312 1809 1556 1897; baseline 0 -23"><span class='ocrx_word' id='word_1_131' title='bbox 312 1814 386 1894; x_wconf 93' lang='lat' dir='ltr'>post</span> <span class='ocrx_word' id='word_1_132' title='bbox 407 1810 584 1876; x_wconf 89' lang='lat' dir='ltr'>unitionem</span> <span class='ocrx_word' id='word_1_133' title='bbox 612 1809 801 1893; x_wconf 83' lang='lat' dir='ltr'>auferimus,</span> <span class='ocrx_word' id='word_1_134' title='bbox 831 1831 891 1874; x_wconf 90' lang='lat' dir='ltr'>nec</span> <span class='ocrx_word' id='word_1_135' title='bbox 919 1831 973 1874; x_wconf 89' lang='lat' dir='ltr'>eas</span> <span class='ocrx_word' id='word_1_136' title='bbox 999 1809 1141 1875; x_wconf 88' lang='lat' dir='ltr'>dividere</span> <span class='ocrx_word' id='word_1_137' title='bbox 1168 1810 1204 1874; x_wconf 91' lang='lat' dir='ltr'>in</span> <span class='ocrx_word' id='word_1_138' title='bbox 1231 1810 1357 1875; x_wconf 87' lang='lat' dir='ltr'>duabus</span> <span class='ocrx_word' id='word_1_139' title='bbox 1383 1810 1556 1897; x_wconf 86' lang='lat' dir='ltr'>personiset</span> 
     </span>
     <span class='ocr_line' id='line_1_17' title="bbox 312 1910 1556 1998; baseline 0 -22"><span class='ocrx_word' id='word_1_140' title='bbox 312 1912 502 1977; x_wconf 87' lang='lat' dir='ltr'>substantiis</span> <span class='ocrx_word' id='word_1_141' title='bbox 529 1933 588 1997; x_wconf 90' lang='lat' dir='ltr'>per</span> <span class='ocrx_word' id='word_1_142' title='bbox 614 1910 793 1977; x_wconf 88' lang='lat' dir='ltr'>unitionem</span> <span class='ocrx_word' id='word_1_143' title='bbox 815 1933 923 1976; x_wconf 91' lang='lat' dir='ltr'>sumus</span> <span class='ocrx_word' id='word_1_144' title='bbox 951 1911 1066 1976; x_wconf 84' lang='lat' dir='ltr'>edocti.</span> <span class='ocrx_word' id='word_1_145' title='bbox 1117 1911 1340 1998; x_wconf 82' lang='lat' dir='ltr'>Eumdemque</span> <span class='ocrx_word' id='word_1_146' title='bbox 1371 1913 1480 1978; x_wconf 87' lang='lat' dir='ltr'>scimus</span> <span class='ocrx_word' id='word_1_147' title='bbox 1506 1912 1556 1976; x_wconf 90' lang='lat' dir='ltr'>mi·</span> 
     </span>
     <span class='ocr_line' id='line_1_18' title="bbox 313 2013 1555 2100; baseline -0.001 -22"><span class='ocrx_word' id='word_1_148' title='bbox 313 2015 459 2099; x_wconf 85' lang='lat' dir='ltr'>genitum</span> <span class='ocrx_word' id='word_1_149' title='bbox 481 2013 598 2078; x_wconf 89' lang='lat' dir='ltr'>Filium</span> <span class='ocrx_word' id='word_1_150' title='bbox 621 2013 682 2078; x_wconf 92' lang='lat' dir='ltr'>Dei</span> <span class='ocrx_word' id='word_1_151' title='bbox 704 2016 737 2078; x_wconf 92' lang='lat' dir='ltr'>et</span> <span class='ocrx_word' id='word_1_152' title='bbox 759 2018 835 2078; x_wconf 87' lang='lat' dir='ltr'>ante</span> <span class='ocrx_word' id='word_1_153' title='bbox 862 2013 1120 2079; x_wconf 83' lang='lat' dir='ltr'>incarnationem</span> <span class='ocrx_word' id='word_1_154' title='bbox 1143 2014 1213 2099; x_wconf 88' lang='lat' dir='ltr'>ejus</span> <span class='ocrx_word' id='word_1_155' title='bbox 1240 2016 1386 2099; x_wconf 86' lang='lat' dir='ltr'>etpost,</span> <span class='ocrx_word' id='word_1_156' title='bbox 1413 2015 1485 2100; x_wconf 76' lang='grc' dir='ltr'>ἰᾶ33)</span> <span class='ocrx_word' id='word_1_157' title='bbox 1508 2016 1555 2079; x_wconf 85' lang='lat' dir='ltr'>est:</span> 
     </span>
     <span class='ocr_line' id='line_1_19' title="bbox 311 2115 1553 2201; baseline -0.001 -21"><span class='ocrx_word' id='word_1_158' title='bbox 311 2115 414 2181; x_wconf 91' lang='lat' dir='ltr'>Deum</span> <span class='ocrx_word' id='word_1_159' title='bbox 444 2116 538 2181; x_wconf 91' lang='lat' dir='ltr'>simul</span> <span class='ocrx_word' id='word_1_160' title='bbox 567 2119 599 2181; x_wconf 89' lang='lat' dir='ltr'>et</span> <span class='ocrx_word' id='word_1_161' title='bbox 626 2115 804 2199; x_wconf 88' lang='lat' dir='ltr'>hominem,</span> <span class='ocrx_word' id='word_1_162' title='bbox 833 2115 1018 2199; x_wconf 85' lang='lat' dir='ltr'>passibilem</span> <span class='ocrx_word' id='word_1_163' title='bbox 1047 2136 1160 2198; x_wconf 89' lang='lat' dir='ltr'>carne,</span> <span class='ocrx_word' id='word_1_164' title='bbox 1194 2115 1426 2201; x_wconf 89' lang='lat' dir='ltr'>impassibilem</span> <span class='ocrx_word' id='word_1_165' title='bbox 1450 2115 1553 2196; x_wconf 77' lang='lat' dir='ltr'>deitate,</span> 
     </span>
     <span class='ocr_line' id='line_1_20' title="bbox 312 2216 1555 2303; baseline -0.001 -22"><span class='ocrx_word' id='word_1_166' title='bbox 312 2217 588 2302; x_wconf 89' lang='lat' dir='ltr'>circumscriptum</span> <span class='ocrx_word' id='word_1_167' title='bbox 611 2238 752 2302; x_wconf 89' lang='lat' dir='ltr'>corpore,</span> <span class='ocrx_word' id='word_1_168' title='bbox 776 2238 842 2282; x_wconf 91' lang='lat' dir='ltr'>non</span> <span class='ocrx_word' id='word_1_169' title='bbox 865 2216 1141 2301; x_wconf 90' lang='lat' dir='ltr'>circumscriptum</span> <span class='ocrx_word' id='word_1_170' title='bbox 1158 2216 1287 2303; x_wconf 85' lang='lat' dir='ltr'>spiritu,</span> <span class='ocrx_word' id='word_1_171' title='bbox 1312 2217 1346 2282; x_wconf 93' lang='lat' dir='ltr'>id</span> <span class='ocrx_word' id='word_1_172' title='bbox 1360 2221 1555 2283; x_wconf 65' lang='lat' dir='ltr'>munaum</span> 
     </span>
     <span class='ocr_line' id='line_1_21' title="bbox 311 2317 1554 2404; baseline -0.002 -19"><span class='ocrx_word' id='word_1_173' title='bbox 311 2322 344 2385; x_wconf 91' lang='lat' dir='ltr'>et</span> <span class='ocrx_word' id='word_1_174' title='bbox 365 2319 544 2402; x_wconf 89' lang='lat' dir='ltr'>coelestem,</span> <span class='ocrx_word' id='word_1_175' title='bbox 568 2341 662 2404; x_wconf 90' lang='lat' dir='ltr'>quem</span> <span class='ocrx_word' id='word_1_176' title='bbox 684 2317 822 2383; x_wconf 91' lang='lat' dir='ltr'>mundus</span> <span class='ocrx_word' id='word_1_177' title='bbox 844 2322 881 2383; x_wconf 90' lang='lat' dir='ltr'>ut</span> <span class='ocrx_word' id='word_1_178' title='bbox 902 2318 1064 2384; x_wconf 90' lang='lat' dir='ltr'>hominem</span> <span class='ocrx_word' id='word_1_179' title='bbox 1087 2319 1174 2404; x_wconf 89' lang='lat' dir='ltr'>cepit</span> <span class='ocrx_word' id='word_1_180' title='bbox 1195 2323 1229 2385; x_wconf 87' lang='lat' dir='ltr'>et</span> <span class='ocrx_word' id='word_1_181' title='bbox 1247 2323 1287 2385; x_wconf 87' lang='lat' dir='ltr'>ut</span> <span class='ocrx_word' id='word_1_182' title='bbox 1300 2319 1405 2385; x_wconf 88' lang='lat' dir='ltr'>Deum</span> <span class='ocrx_word' id='word_1_183' title='bbox 1419 2319 1554 2385; x_wconf 80' lang='lat' dir='ltr'>matinen</span> 
     </span>
     <span class='ocr_line' id='line_1_22' title="bbox 310 2420 1554 2506; baseline 0 -21"><span class='ocrx_word' id='word_1_184' title='bbox 310 2442 376 2485; x_wconf 91' lang='lat' dir='ltr'>uon</span> <span class='ocrx_word' id='word_1_185' title='bbox 397 2422 514 2505; x_wconf 87' lang='lat' dir='ltr'>potuit,</span> <span class='ocrx_word' id='word_1_186' title='bbox 537 2421 704 2486; x_wconf 86' lang='lat' dir='ltr'>mortalem</span> <span class='ocrx_word' id='word_1_187' title='bbox 727 2422 760 2485; x_wconf 87' lang='lat' dir='ltr'>et</span> <span class='ocrx_word' id='word_1_188' title='bbox 775 2420 999 2504; x_wconf 87' lang='lat' dir='ltr'>immortalem,</span> <span class='ocrx_word' id='word_1_189' title='bbox 1022 2442 1180 2506; x_wconf 90' lang='lat' dir='ltr'>nusquam</span> <span class='ocrx_word' id='word_1_190' title='bbox 1196 2425 1387 2487; x_wconf 86' lang='lat' dir='ltr'>naturarum</span> <span class='ocrx_word' id='word_1_191' title='bbox 1401 2420 1554 2486; x_wconf 81' lang='lat' dir='ltr'>diversitate</span> 
     </span>
     <span class='ocr_line' id='line_1_23' title="bbox 310 2521 1554 2609; baseline -0.001 -23"><span class='ocrx_word' id='word_1_192' title='bbox 310 2522 437 2587; x_wconf 87' lang='lat' dir='ltr'>sublata</span> <span class='ocrx_word' id='word_1_193' title='bbox 446 2523 502 2609; x_wconf 78' lang='grc'>33),</span> <span class='ocrx_word' id='word_1_194' title='bbox 537 2544 639 2609; x_wconf 90' lang='lat' dir='ltr'>neque</span> <span class='ocrx_word' id='word_1_195' title='bbox 666 2521 845 2587; x_wconf 88' lang='lat' dir='ltr'>dividentes</span> <span class='ocrx_word' id='word_1_196' title='bbox 871 2544 929 2607; x_wconf 91' lang='lat' dir='ltr'>per</span> <span class='ocrx_word' id='word_1_197' title='bbox 956 2523 1129 2588; x_wconf 89' lang='lat' dir='ltr'>essentiam</span> <span class='ocrx_word' id='word_1_198' title='bbox 1156 2523 1348 2589; x_wconf 88' lang='lat' dir='ltr'>unitionem.</span> <span class='ocrx_word' id='word_1_199' title='bbox 1396 2522 1462 2589; x_wconf 89' lang='lat' dir='ltr'>Hoc</span> <span class='ocrx_word' id='word_1_200' title='bbox 1489 2521 1554 2587; x_wconf 89' lang='lat' dir='ltr'>enin</span> 
     </span>
    </p>
   </div>
   <div class='ocr_carea' id='block_1_5' title="bbox 308 2759 1598 4937">
    <p class='ocr_par' dir='ltr' id='par_1_5' title="bbox 309 2759 1598 3084">
     <span class='ocr_line' id='line_1_24' title="bbox 377 2759 1598 2837; baseline -0.002 -22"><span class='ocrx_word' id='word_1_201' title='bbox 377 2763 410 2830; x_wconf 90' lang='grc'>33)</span> <span class='ocrx_word' id='word_1_202' title='bbox 429 2762 453 2815; x_wconf 90' lang='grc' dir='ltr'>ο3</span> <span class='ocrx_word' id='word_1_203' title='bbox 471 2759 517 2815; x_wconf 88' lang='lat' dir='ltr'>hio</span> <span class='ocrx_word' id='word_1_204' title='bbox 535 2761 564 2815; x_wconf 88' lang='lat' dir='ltr'>ct</span> <span class='ocrx_word' id='word_1_205' title='bbox 580 2759 653 2815; x_wconf 81' lang='lat' dir='ltr'>infra</span> <span class='ocrx_word' id='word_1_206' title='bbox 671 2771 696 2815; x_wconf 84' lang='lat' dir='ltr'>et</span> <span class='ocrx_word' id='word_1_207' title='bbox 713 2780 776 2815; x_wconf 83' lang='lat' dir='ltr'>anna</span> <span class='ocrx_word' id='word_1_208' title='bbox 793 2767 904 2814; x_wconf 81' lang='lat' dir='ltr'>essentia</span> <span class='ocrx_word' id='word_1_209' title='bbox 926 2763 1067 2816; x_wconf 77' lang='lat' dir='ltr'>Trinitatis.</span> <span class='ocrx_word' id='word_1_210' title='bbox 1103 2759 1218 2815; x_wconf 80' lang='lat' dir='ltr'><strong>G¹Hh¹</strong></span> <span class='ocrx_word' id='word_1_211' title='bbox 1235 2763 1262 2815; x_wconf 86' lang='lat' dir='ltr'>a&#39;</span> <span class='ocrx_word' id='word_1_212' title='bbox 1282 2767 1356 2815; x_wconf 82' lang='lat' dir='ltr'>antus</span> <span class='ocrx_word' id='word_1_213' title='bbox 1373 2769 1476 2816; x_wconf 81' lang='lat' dir='ltr'>essentta</span> <span class='ocrx_word' id='word_1_214' title='bbox 1493 2763 1555 2813; x_wconf 65' lang='lat' dir='ltr'>tue</span> <span class='ocrx_word' id='word_1_215' title='bbox 1595 2828 1598 2837; x_wconf 34' lang='grc' dir='ltr'>Ι</span> 
     </span>
     <span class='ocr_line' id='line_1_25' title="bbox 311 2844 1553 2916; baseline 0 -18"><span class='ocrx_word' id='word_1_216' title='bbox 311 2853 384 2900; x_wconf 78' lang='lat' dir='ltr'>tatis:</span> <span class='ocrx_word' id='word_1_217' title='bbox 405 2844 480 2913; x_wconf 90' lang='lat' dir='ltr'>quod</span> <span class='ocrx_word' id='word_1_218' title='bbox 497 2848 573 2899; x_wconf 84' lang='lat' dir='ltr'>recte</span> <span class='ocrx_word' id='word_1_219' title='bbox 592 2845 851 2900; x_wconf 64' lang='lat' dir='ltr'>caementatum.</span> <span class='ocrx_word' id='word_1_220' title='bbox 877 2845 969 2916; x_wconf 88' lang='lat' dir='ltr'>Prope</span> <span class='ocrx_word' id='word_1_221' title='bbox 987 2845 1061 2901; x_wconf 84' lang='lat' dir='ltr'>enim</span> <span class='ocrx_word' id='word_1_222' title='bbox 1079 2847 1186 2900; x_wconf 86' lang='lat' dir='ltr'>certum</span> <span class='ocrx_word' id='word_1_223' title='bbox 1201 2847 1254 2913; x_wconf 87' lang='lat' dir='ltr'>est,</span> <span class='ocrx_word' id='word_1_224' title='bbox 1272 2862 1404 2916; x_wconf 65' lang='lat' dir='ltr'>mecum</span> <span class='ocrx_word' id='word_1_225' title='bbox 1420 2845 1553 2916; x_wconf 71' lang='lat' dir='ltr'>praerato</span> 
     </span>
     <span class='ocr_line' id='line_1_26' title="bbox 309 2924 1554 3000; baseline 0.001 -16"><span class='ocrx_word' id='word_1_226' title='bbox 309 2930 386 2985; x_wconf 80' lang='lat' dir='ltr'>lissa:</span> <span class='ocrx_word' id='word_1_227' title='bbox 410 2926 442 2985; x_wconf 73' lang='grc' dir='ltr'>ἐκ</span> <span class='ocrx_word' id='word_1_228' title='bbox 462 2932 514 2999; x_wconf 78' lang='grc' dir='ltr'>τῆς</span> <span class='ocrx_word' id='word_1_229' title='bbox 537 2925 623 2999; x_wconf 78' lang='grc' dir='ltr'><em>ἁγίας</em></span> <span class='ocrx_word' id='word_1_230' title='bbox 646 2931 697 2984; x_wconf 80' lang='lat' dir='ltr'>nal</span> <span class='ocrx_word' id='word_1_231' title='bbox 720 2924 878 2999; x_wconf 84' lang='grc' dir='ltr'><em>ὁμοοοσίοο</em></span> <span class='ocrx_word' id='word_1_232' title='bbox 900 2926 1026 3000; x_wconf 77' lang='grc' dir='ltr'>τριάδος.</span> <span class='ocrx_word' id='word_1_233' title='bbox 1072 2929 1132 2985; x_wconf 85' lang='grc' dir='ltr'>Ηοο</span> <span class='ocrx_word' id='word_1_234' title='bbox 1152 2929 1338 3000; x_wconf 86' lang='lat' dir='ltr'>praecipuum</span> <span class='ocrx_word' id='word_1_235' title='bbox 1360 2931 1401 2985; x_wconf 83' lang='lat' dir='ltr'>est</span> <span class='ocrx_word' id='word_1_236' title='bbox 1421 2928 1554 3000; x_wconf 77' lang='lat' dir='ltr'>capitulum.</span> 
     </span>
     <span class='ocr_line' id='line_1_27' title="bbox 310 3013 1553 3084; baseline -0.002 -16"><span class='ocrx_word' id='word_1_237' title='bbox 310 3015 385 3084; x_wconf 92' lang='lat' dir='ltr'>quod</span> <span class='ocrx_word' id='word_1_238' title='bbox 404 3013 588 3069; x_wconf 89' lang='lat' dir='ltr'>decidendum</span> <span class='ocrx_word' id='word_1_239' title='bbox 605 3014 729 3069; x_wconf 85' lang='lat' dir='ltr'>Justinus</span> <span class='ocrx_word' id='word_1_240' title='bbox 750 3017 779 3069; x_wconf 89' lang='lat' dir='ltr'>et</span> <span class='ocrx_word' id='word_1_241' title='bbox 796 3014 968 3070; x_wconf 87' lang='lat' dir='ltr'>Justinianas</span> <span class='ocrx_word' id='word_1_242' title='bbox 986 3016 1030 3070; x_wconf 85' lang='lat' dir='ltr'>tot</span> <span class='ocrx_word' id='word_1_243' title='bbox 1047 3014 1083 3069; x_wconf 82' lang='lat' dir='ltr'>ad</span> <span class='ocrx_word' id='word_1_244' title='bbox 1095 3014 1275 3069; x_wconf 84' lang='lat' dir='ltr'>Hormisdam</span> <span class='ocrx_word' id='word_1_245' title='bbox 1292 3015 1394 3070; x_wconf 81' lang='lat' dir='ltr'>litteris</span> <span class='ocrx_word' id='word_1_246' title='bbox 1409 3013 1553 3084; x_wconf 71' lang='lat' dir='ltr'>flagitarunt</span> 
     </span>
    </p>

    <p class='ocr_par' dir='ltr' id='par_1_6' title="bbox 378 3097 1553 3169">
     <span class='ocr_line' id='line_1_28' title="bbox 378 3097 1553 3169; baseline -0.003 -17"><span class='ocrx_word' id='word_1_247' title='bbox 378 3101 410 3166; x_wconf 86' lang='lat'>³⁴)</span> <span class='ocrx_word' id='word_1_248' title='bbox 428 3098 477 3152; x_wconf 88' lang='lat' dir='ltr'>H¹⁰</span> <span class='ocrx_word' id='word_1_249' title='bbox 495 3099 584 3153; x_wconf 83' lang='lat' dir='ltr'>omitt.</span> <span class='ocrx_word' id='word_1_250' title='bbox 598 3109 623 3152; x_wconf 86' lang='lat' dir='ltr'>ct</span> <span class='ocrx_word' id='word_1_251' title='bbox 634 3105 778 3156; x_wconf 84' lang='lat' dir='ltr'>secundam.</span> <span class='ocrx_word' id='word_1_252' title='bbox 807 3099 874 3153; x_wconf 84' lang='lat' dir='ltr'>Mox</span> <span class='ocrx_word' id='word_1_253' title='bbox 886 3099 929 3154; x_wconf 86' lang='lat' dir='ltr'>ed.</span> <span class='ocrx_word' id='word_1_254' title='bbox 943 3104 993 3154; x_wconf 77' lang='lat' dir='ltr'>aa·</span> <span class='ocrx_word' id='word_1_255' title='bbox 1010 3105 1081 3168; x_wconf 75' lang='lat' dir='ltr'>sirpo</span> <span class='ocrx_word' id='word_1_256' title='bbox 1097 3105 1215 3169; x_wconf 70' lang='lat' dir='ltr'>aenitrioe</span> <span class='ocrx_word' id='word_1_257' title='bbox 1226 3118 1296 3161; x_wconf 87' lang='lat' dir='ltr'>esse,</span> <span class='ocrx_word' id='word_1_258' title='bbox 1317 3102 1413 3155; x_wconf 80' lang='lat' dir='ltr'>contra</span> <span class='ocrx_word' id='word_1_259' title='bbox 1423 3117 1483 3154; x_wconf 80' lang='lat' dir='ltr'>mas.</span> <span class='ocrx_word' id='word_1_260' title='bbox 1493 3097 1516 3152; x_wconf 85' lang='lat' dir='ltr'>b¹</span> <span class='ocrx_word' id='word_1_261' title='bbox 1527 3100 1553 3150; x_wconf 77' lang='grc' dir='ltr'>ο3.</span> 
     </span>
    </p>

    <p class='ocr_par' dir='ltr' id='par_1_7' title="bbox 310 3182 1556 3585">
     <span class='ocr_line' id='line_1_29' title="bbox 378 3182 1555 3256; baseline 0.001 -18"><span class='ocrx_word' id='word_1_262' title='bbox 378 3188 410 3252; x_wconf 82' lang='lat'>³⁵)</span> <span class='ocrx_word' id='word_1_263' title='bbox 429 3186 452 3238; x_wconf 90' lang='lat' dir='ltr'>c¹</span> <span class='ocrx_word' id='word_1_264' title='bbox 471 3186 497 3238; x_wconf 79' lang='lat' dir='ltr'>c’</span> <span class='ocrx_word' id='word_1_265' title='bbox 515 3201 578 3238; x_wconf 91' lang='lat' dir='ltr'>cum</span> <span class='ocrx_word' id='word_1_266' title='bbox 594 3201 658 3238; x_wconf 87' lang='lat' dir='ltr'>mss.</span> <span class='ocrx_word' id='word_1_267' title='bbox 682 3190 784 3248; x_wconf 70' lang='lat' dir='ltr'>Patris,</span> <span class='ocrx_word' id='word_1_268' title='bbox 808 3185 843 3239; x_wconf 88' lang='lat' dir='ltr'>al.</span> <span class='ocrx_word' id='word_1_269' title='bbox 865 3190 947 3240; x_wconf 67' lang='lat' dir='ltr'>Patri.</span> <span class='ocrx_word' id='word_1_270' title='bbox 982 3182 1065 3238; x_wconf 85' lang='lat' dir='ltr'>Haud</span> <span class='ocrx_word' id='word_1_271' title='bbox 1083 3182 1232 3239; x_wconf 88' lang='lat' dir='ltr'>obscurum</span> <span class='ocrx_word' id='word_1_272' title='bbox 1251 3186 1307 3252; x_wconf 86' lang='lat' dir='ltr'>est,</span> <span class='ocrx_word' id='word_1_273' title='bbox 1329 3202 1428 3256; x_wconf 78' lang='lat' dir='ltr'>graece</span> <span class='ocrx_word' id='word_1_274' title='bbox 1444 3182 1555 3239; x_wconf 70' lang='lat' dir='ltr'>cxslit&#39;ne</span> 
     </span>
     <span class='ocr_line' id='line_1_30' title="bbox 310 3264 1555 3341; baseline -0.002 -17"><span class='ocrx_word' id='word_1_275' title='bbox 310 3264 465 3338; x_wconf 77' lang='grc' dir='ltr'><em>ὁμοούσιοο</em></span> <span class='ocrx_word' id='word_1_276' title='bbox 487 3270 525 3341; x_wconf 83' lang='grc' dir='ltr'>τῷ</span> <span class='ocrx_word' id='word_1_277' title='bbox 549 3272 644 3336; x_wconf 78' lang='grc' dir='ltr'><strong><em>πατρί.</em></strong></span> <span class='ocrx_word' id='word_1_278' title='bbox 684 3268 788 3324; x_wconf 84' lang='lat' dir='ltr'>Totmn</span> <span class='ocrx_word' id='word_1_279' title='bbox 809 3269 883 3324; x_wconf 91' lang='lat' dir='ltr'>hunc</span> <span class='ocrx_word' id='word_1_280' title='bbox 904 3269 997 3325; x_wconf 88' lang='lat' dir='ltr'>locam</span> <span class='ocrx_word' id='word_1_281' title='bbox 1015 3269 1055 3322; x_wconf 91' lang='lat' dir='ltr'>sic</span> <span class='ocrx_word' id='word_1_282' title='bbox 1072 3267 1182 3339; x_wconf 87' lang='lat' dir='ltr'>planius</span> <span class='ocrx_word' id='word_1_283' title='bbox 1198 3268 1320 3325; x_wconf 87' lang='lat' dir='ltr'>reddere</span> <span class='ocrx_word' id='word_1_284' title='bbox 1341 3268 1469 3325; x_wconf 75' lang='lat' dir='ltr'>liculnet:</span> <span class='ocrx_word' id='word_1_285' title='bbox 1488 3278 1555 3337; x_wconf 71' lang='lat' dir='ltr'>apsa</span> 
     </span>
     <span class='ocr_line' id='line_1_31' title="bbox 311 3356 1556 3424; baseline 0 -16"><span class='ocrx_word' id='word_1_286' title='bbox 311 3375 375 3424; x_wconf 81' lang='lat' dir='ltr'>qaae</span> <span class='ocrx_word' id='word_1_287' title='bbox 393 3358 546 3407; x_wconf 80' lang='lat' dir='ltr'>naturaliter</span> <span class='ocrx_word' id='word_1_288' title='bbox 563 3365 589 3408; x_wconf 86' lang='lat' dir='ltr'>et</span> <span class='ocrx_word' id='word_1_289' title='bbox 606 3373 665 3408; x_wconf 81' lang='lat' dir='ltr'>cere</span> <span class='ocrx_word' id='word_1_290' title='bbox 683 3358 918 3409; x_wconf 72' lang='lat' dir='ltr'>consubstantialem</span> <span class='ocrx_word' id='word_1_291' title='bbox 936 3358 1027 3408; x_wconf 81' lang='lat' dir='ltr'>Patris</span> <span class='ocrx_word' id='word_1_292' title='bbox 1041 3359 1118 3421; x_wconf 71' lang='lat' dir='ltr'>filiun</span> <span class='ocrx_word' id='word_1_293' title='bbox 1130 3359 1210 3408; x_wconf 76' lang='lat' dir='ltr'>Deam</span> <span class='ocrx_word' id='word_1_294' title='bbox 1226 3359 1253 3408; x_wconf 84' lang='lat' dir='ltr'>V</span> <span class='ocrx_word' id='word_1_295' title='bbox 1251 3358 1338 3410; x_wconf 77' lang='lat' dir='ltr'>estana</span> <span class='ocrx_word' id='word_1_296' title='bbox 1349 3356 1508 3409; x_wconf 63' lang='lat' dir='ltr'>metite·</span> <span class='ocrx_word' id='word_1_297' title='bbox 1519 3370 1556 3421; x_wconf 71' lang='lat' dir='ltr'>ptr</span> 
     </span>
     <span class='ocr_line' id='line_1_32' title="bbox 310 3429 1556 3508; baseline 0 -16"><span class='ocrx_word' id='word_1_298' title='bbox 310 3451 426 3492; x_wconf 83' lang='lat' dir='ltr'>naturam</span> <span class='ocrx_word' id='word_1_299' title='bbox 443 3450 469 3492; x_wconf 86' lang='lat' dir='ltr'>et</span> <span class='ocrx_word' id='word_1_300' title='bbox 486 3458 522 3492; x_wconf 73' lang='lat' dir='ltr'>ea</span> <span class='ocrx_word' id='word_1_301' title='bbox 538 3459 566 3492; x_wconf 86' lang='lat' dir='ltr'>se</span> <span class='ocrx_word' id='word_1_302' title='bbox 582 3444 678 3505; x_wconf 80' lang='lat' dir='ltr'>factam</span> <span class='ocrx_word' id='word_1_303' title='bbox 699 3443 818 3495; x_wconf 77' lang='lat' dir='ltr'>bominem</span> <span class='ocrx_word' id='word_1_304' title='bbox 836 3445 915 3494; x_wconf 76' lang='lat' dir='ltr'>enixa</span> <span class='ocrx_word' id='word_1_305' title='bbox 933 3451 979 3493; x_wconf 84' lang='lat' dir='ltr'>eet.</span> <span class='ocrx_word' id='word_1_306' title='bbox 999 3429 1032 3478; x_wconf 62' lang='lat' dir='ltr'>-ss</span> <span class='ocrx_word' id='word_1_307' title='bbox 1048 3438 1115 3494; x_wconf 83' lang='lat' dir='ltr'>Mox</span> <span class='ocrx_word' id='word_1_308' title='bbox 1132 3443 1159 3493; x_wconf 71' lang='lat' dir='ltr'>c&#39;</span> <span class='ocrx_word' id='word_1_309' title='bbox 1176 3455 1232 3508; x_wconf 85' lang='lat' dir='ltr'>seq.</span> <span class='ocrx_word' id='word_1_310' title='bbox 1256 3444 1367 3495; x_wconf 75' lang='lat' dir='ltr'>Vestras</span> <span class='ocrx_word' id='word_1_311' title='bbox 1390 3451 1479 3494; x_wconf 64' lang='lat' dir='ltr'>aava</span> <span class='ocrx_word' id='word_1_312' title='bbox 1493 3443 1556 3493; x_wconf 62' lang='lat' dir='ltr'>tw</span> 
     </span>
     <span class='ocr_line' id='line_1_33' title="bbox 310 3524 724 3585; baseline 0.012 -10"><span class='ocrx_word' id='word_1_313' title='bbox 310 3528 422 3585; x_wconf 76' lang='lat' dir='ltr'>labilem.</span> <span class='ocrx_word' id='word_1_314' title='bbox 441 3524 478 3577; x_wconf 85' lang='grc' dir='ltr'>Η3</span> <span class='ocrx_word' id='word_1_315' title='bbox 495 3527 724 3581; x_wconf 82' lang='lat' dir='ltr'>incommutatttem.</span> 
     </span>
    </p>

    <p class='ocr_par' dir='ltr' id='par_1_8' title="bbox 308 3607 1556 4526">
     <span class='ocr_line' id='line_1_34' title="bbox 378 3607 1555 3681; baseline 0.002 -19"><span class='ocrx_word' id='word_1_316' title='bbox 378 3613 410 3677; x_wconf 85' lang='grc'>33)</span> <span class='ocrx_word' id='word_1_317' title='bbox 429 3607 481 3673; x_wconf 85' lang='lat' dir='ltr'>Qui</span> <span class='ocrx_word' id='word_1_318' title='bbox 499 3608 572 3663; x_wconf 90' lang='lat' dir='ltr'>hanc</span> <span class='ocrx_word' id='word_1_319' title='bbox 594 3607 658 3663; x_wconf 86' lang='lat' dir='ltr'>fidei</span> <span class='ocrx_word' id='word_1_320' title='bbox 676 3607 876 3664; x_wconf 85' lang='lat' dir='ltr'>confessionem</span> <span class='ocrx_word' id='word_1_321' title='bbox 895 3608 1107 3675; x_wconf 85' lang='lat' dir='ltr'>concinnarunt,</span> <span class='ocrx_word' id='word_1_322' title='bbox 1130 3625 1232 3678; x_wconf 78' lang='lat' dir='ltr'>graece</span> <span class='ocrx_word' id='word_1_323' title='bbox 1251 3608 1339 3664; x_wconf 88' lang='lat' dir='ltr'>dubio</span> <span class='ocrx_word' id='word_1_324' title='bbox 1356 3609 1450 3681; x_wconf 85' lang='lat' dir='ltr'>procul</span> <span class='ocrx_word' id='word_1_325' title='bbox 1466 3607 1555 3678; x_wconf 59' lang='lat' dir='ltr'>script</span> 
     </span>
     <span class='ocr_line' id='line_1_35' title="bbox 309 3689 1555 3764; baseline -0.002 -18"><span class='ocrx_word' id='word_1_326' title='bbox 309 3695 374 3747; x_wconf 91' lang='lat' dir='ltr'>runt</span> <span class='ocrx_word' id='word_1_327' title='bbox 393 3689 442 3747; x_wconf 75' lang='lat' dir='ltr'>ded</span> <span class='ocrx_word' id='word_1_328' title='bbox 461 3695 512 3762; x_wconf 73' lang='grc' dir='ltr'>τῆς</span> <span class='ocrx_word' id='word_1_329' title='bbox 531 3690 646 3763; x_wconf 78' lang='grc' dir='ltr'><em>οὐσίας,</em></span> <span class='ocrx_word' id='word_1_330' title='bbox 671 3693 713 3747; x_wconf 90' lang='lat' dir='ltr'>his</span> <span class='ocrx_word' id='word_1_331' title='bbox 735 3693 827 3749; x_wconf 87' lang='lat' dir='ltr'>verbis</span> <span class='ocrx_word' id='word_1_332' title='bbox 851 3694 920 3748; x_wconf 87' lang='lat' dir='ltr'>duas</span> <span class='ocrx_word' id='word_1_333' title='bbox 944 3693 1045 3748; x_wconf 80' lang='lat' dir='ltr'>Christi</span> <span class='ocrx_word' id='word_1_334' title='bbox 1068 3696 1183 3749; x_wconf 87' lang='lat' dir='ltr'>naturas</span> <span class='ocrx_word' id='word_1_335' title='bbox 1204 3714 1256 3764; x_wconf 80' lang='lat' dir='ltr'>per</span> <span class='ocrx_word' id='word_1_336' title='bbox 1276 3699 1439 3750; x_wconf 62' lang='lat' dir='ltr'>satem</span> <span class='ocrx_word' id='word_1_337' title='bbox 1455 3711 1504 3749; x_wconf 85' lang='lat' dir='ltr'>non</span> <span class='ocrx_word' id='word_1_338' title='bbox 1518 3708 1555 3762; x_wconf 80' lang='lat' dir='ltr'>per</span> 
     </span>
     <span class='ocr_line' id='line_1_36' title="bbox 310 3777 1556 3851; baseline -0.001 -20"><span class='ocrx_word' id='word_1_339' title='bbox 310 3785 428 3833; x_wconf 70' lang='lat' dir='ltr'>(recidens</span> <span class='ocrx_word' id='word_1_340' title='bbox 446 3777 538 3832; x_wconf 85' lang='lat' dir='ltr'>unitas</span> <span class='ocrx_word' id='word_1_341' title='bbox 554 3779 726 3848; x_wconf 89' lang='lat' dir='ltr'>profitentes.</span> <span class='ocrx_word' id='word_1_342' title='bbox 763 3779 904 3849; x_wconf 84' lang='lat' dir='ltr'>Interpres</span> <span class='ocrx_word' id='word_1_343' title='bbox 922 3781 1017 3834; x_wconf 89' lang='lat' dir='ltr'>autem</span> <span class='ocrx_word' id='word_1_344' title='bbox 1034 3779 1120 3834; x_wconf 86' lang='lat' dir='ltr'>latine</span> <span class='ocrx_word' id='word_1_345' title='bbox 1139 3779 1306 3835; x_wconf 81' lang='lat' dir='ltr'>convertens</span> <span class='ocrx_word' id='word_1_346' title='bbox 1326 3800 1377 3851; x_wconf 79' lang='lat' dir='ltr'>per</span> <span class='ocrx_word' id='word_1_347' title='bbox 1394 3787 1515 3835; x_wconf 68' lang='lat' dir='ltr'>caesenas</span> <span class='ocrx_word' id='word_1_348' title='bbox 1527 3780 1556 3830; x_wconf 79' lang='lat' dir='ltr'>sd</span> 
     </span>
     <span class='ocr_line' id='line_1_37' title="bbox 309 3862 1553 3936; baseline 0.003 -21"><span class='ocrx_word' id='word_1_349' title='bbox 309 3868 485 3925; x_wconf 75' lang='lat' dir='ltr'>substantiam,</span> <span class='ocrx_word' id='word_1_350' title='bbox 505 3862 656 3934; x_wconf 79' lang='lat' dir='ltr'>ancipitem</span> <span class='ocrx_word' id='word_1_351' title='bbox 668 3880 698 3917; x_wconf 91' lang='lat' dir='ltr'>se</span> <span class='ocrx_word' id='word_1_352' title='bbox 711 3880 771 3918; x_wconf 88' lang='lat' dir='ltr'>esse</span> <span class='ocrx_word' id='word_1_353' title='bbox 788 3865 904 3934; x_wconf 86' lang='lat' dir='ltr'>probat,</span> <span class='ocrx_word' id='word_1_354' title='bbox 924 3865 988 3919; x_wconf 85' lang='lat' dir='ltr'>utra</span> <span class='ocrx_word' id='word_1_355' title='bbox 1006 3881 1039 3919; x_wconf 85' lang='lat' dir='ltr'>ex</span> <span class='ocrx_word' id='word_1_356' title='bbox 1051 3862 1105 3918; x_wconf 90' lang='lat' dir='ltr'>illis</span> <span class='ocrx_word' id='word_1_357' title='bbox 1116 3863 1233 3919; x_wconf 85' lang='lat' dir='ltr'>vocibus</span> <span class='ocrx_word' id='word_1_358' title='bbox 1250 3880 1356 3934; x_wconf 67' lang='lat' dir='ltr'>gesem</span> <span class='ocrx_word' id='word_1_359' title='bbox 1368 3864 1456 3936; x_wconf 69' lang='lat' dir='ltr'>aptas</span> <span class='ocrx_word' id='word_1_360' title='bbox 1467 3877 1553 3933; x_wconf 73' lang='lat' dir='ltr'>respon·</span> 
     </span>
     <span class='ocr_line' id='line_1_38' title="bbox 310 3947 1552 4020; baseline 0.002 -19"><span class='ocrx_word' id='word_1_361' title='bbox 310 3948 397 4002; x_wconf 89' lang='lat' dir='ltr'>deret.</span> <span class='ocrx_word' id='word_1_362' title='bbox 434 3947 536 4002; x_wconf 85' lang='lat' dir='ltr'>Similis</span> <span class='ocrx_word' id='word_1_363' title='bbox 555 3947 614 4018; x_wconf 85' lang='lat' dir='ltr'>ejus</span> <span class='ocrx_word' id='word_1_364' title='bbox 632 3948 802 4018; x_wconf 82' lang='lat' dir='ltr'>perplexitas</span> <span class='ocrx_word' id='word_1_365' title='bbox 819 3949 939 4020; x_wconf 87' lang='lat' dir='ltr'>apparet</span> <span class='ocrx_word' id='word_1_366' title='bbox 955 3949 985 4003; x_wconf 91' lang='lat' dir='ltr'>in</span> <span class='ocrx_word' id='word_1_367' title='bbox 1003 3966 1050 4016; x_wconf 89' lang='lat' dir='ltr'>eo,</span> <span class='ocrx_word' id='word_1_368' title='bbox 1074 3948 1150 4019; x_wconf 90' lang='lat' dir='ltr'>quod</span> <span class='ocrx_word' id='word_1_369' title='bbox 1167 3962 1233 4002; x_wconf 79' lang='lat' dir='ltr'>mox</span> <span class='ocrx_word' id='word_1_370' title='bbox 1250 3948 1368 4019; x_wconf 88' lang='lat' dir='ltr'>subjicit</span> <span class='ocrx_word' id='word_1_371' title='bbox 1388 3956 1414 4004; x_wconf 79' lang='lat' dir='ltr'>s&#39;s</span> <span class='ocrx_word' id='word_1_372' title='bbox 1428 3956 1496 4003; x_wconf 66' lang='lat' dir='ltr'>ssia</span> <span class='ocrx_word' id='word_1_373' title='bbox 1508 3964 1552 4016; x_wconf 74' lang='lat' dir='ltr'>ptr·</span> 
     </span>
     <span class='ocr_line' id='line_1_39' title="bbox 308 4032 1551 4104; baseline -0.002 -17"><span class='ocrx_word' id='word_1_374' title='bbox 308 4054 373 4087; x_wconf 79' lang='lat' dir='ltr'>sona</span> <span class='ocrx_word' id='word_1_375' title='bbox 390 4039 428 4086; x_wconf 83' lang='lat' dir='ltr'>oet</span> <span class='ocrx_word' id='word_1_376' title='bbox 445 4037 593 4087; x_wconf 75' lang='lat' dir='ltr'>substantia.</span> <span class='ocrx_word' id='word_1_377' title='bbox 629 4032 712 4087; x_wconf 89' lang='lat' dir='ltr'>Haud</span> <span class='ocrx_word' id='word_1_378' title='bbox 729 4035 835 4089; x_wconf 89' lang='lat' dir='ltr'>temere</span> <span class='ocrx_word' id='word_1_379' title='bbox 854 4033 927 4089; x_wconf 88' lang='lat' dir='ltr'>enim</span> <span class='ocrx_word' id='word_1_380' title='bbox 945 4034 1145 4104; x_wconf 86' lang='lat' dir='ltr'>conjectemus,</span> <span class='ocrx_word' id='word_1_381' title='bbox 1164 4050 1228 4088; x_wconf 87' lang='lat' dir='ltr'>cum</span> <span class='ocrx_word' id='word_1_382' title='bbox 1246 4033 1275 4088; x_wconf 90' lang='lat' dir='ltr'>in</span> <span class='ocrx_word' id='word_1_383' title='bbox 1293 4050 1398 4104; x_wconf 74' lang='lat' dir='ltr'>graeco</span> <span class='ocrx_word' id='word_1_384' title='bbox 1413 4038 1510 4089; x_wconf 81' lang='lat' dir='ltr'>tantvm</span> <span class='ocrx_word' id='word_1_385' title='bbox 1523 4046 1551 4084; x_wconf 82' lang='lat' dir='ltr'>re</span> 
     </span>
     <span class='ocr_line' id='line_1_40' title="bbox 308 4111 1550 4189; baseline -0.002 -14"><span class='ocrx_word' id='word_1_386' title='bbox 308 4118 413 4189; x_wconf 88' lang='lat' dir='ltr'>perisse</span> <span class='ocrx_word' id='word_1_387' title='bbox 432 4115 469 4182; x_wconf 80' lang='grc' dir='ltr'>ὡς</span> <span class='ocrx_word' id='word_1_388' title='bbox 487 4114 518 4174; x_wconf 79' lang='grc' dir='ltr'>ἐν</span> <span class='ocrx_word' id='word_1_389' title='bbox 537 4113 601 4181; x_wconf 72' lang='lat' dir='ltr'>tede</span> <span class='ocrx_word' id='word_1_390' title='bbox 620 4114 785 4174; x_wconf 76' lang='grc' dir='ltr'><em>ὑποστάσει.</em></span> <span class='ocrx_word' id='word_1_391' title='bbox 819 4118 899 4173; x_wconf 89' lang='lat' dir='ltr'>Unde</span> <span class='ocrx_word' id='word_1_392' title='bbox 916 4119 960 4186; x_wconf 89' lang='lat' dir='ltr'>fit,</span> <span class='ocrx_word' id='word_1_393' title='bbox 977 4119 1009 4172; x_wconf 91' lang='lat' dir='ltr'>ut</span> <span class='ocrx_word' id='word_1_394' title='bbox 1026 4118 1125 4174; x_wconf 86' lang='lat' dir='ltr'>eodem</span> <span class='ocrx_word' id='word_1_395' title='bbox 1142 4123 1301 4174; x_wconf 68' lang='lat' dir='ltr'>substantae</span> <span class='ocrx_word' id='word_1_396' title='bbox 1313 4120 1423 4175; x_wconf 81' lang='lat' dir='ltr'>nomine</span> <span class='ocrx_word' id='word_1_397' title='bbox 1434 4111 1550 4174; x_wconf 54' lang='lat' dir='ltr'>neam</span> 
     </span>
     <span class='ocr_line' id='line_1_41' title="bbox 310 4199 1548 4274; baseline 0.001 -15"><span class='ocrx_word' id='word_1_398' title='bbox 310 4207 338 4259; x_wconf 90' lang='lat' dir='ltr'>et</span> <span class='ocrx_word' id='word_1_399' title='bbox 355 4199 514 4260; x_wconf 76' lang='grc' dir='ltr'><em>ὑπόστασιν</em></span> <span class='ocrx_word' id='word_1_400' title='bbox 531 4203 714 4271; x_wconf 84' lang='lat' dir='ltr'>Graecorum,</span> <span class='ocrx_word' id='word_1_401' title='bbox 739 4220 791 4258; x_wconf 88' lang='lat' dir='ltr'>nec</span> <span class='ocrx_word' id='word_1_402' title='bbox 812 4219 868 4257; x_wconf 91' lang='lat' dir='ltr'>non</span> <span class='ocrx_word' id='word_1_403' title='bbox 890 4209 1025 4258; x_wconf 71' lang='lat' dir='ltr'>ementium</span> <span class='ocrx_word' id='word_1_404' title='bbox 1047 4221 1080 4259; x_wconf 84' lang='lat' dir='ltr'>sc</span> <span class='ocrx_word' id='word_1_405' title='bbox 1099 4224 1237 4273; x_wconf 71' lang='lat' dir='ltr'>personam</span> <span class='ocrx_word' id='word_1_406' title='bbox 1253 4204 1417 4260; x_wconf 79' lang='lat' dir='ltr'>Latinorum</span> <span class='ocrx_word' id='word_1_407' title='bbox 1433 4200 1548 4274; x_wconf 69' lang='lat' dir='ltr'>expuat</span> 
     </span>
     <span class='ocr_line' id='line_1_42' title="bbox 310 4282 1548 4359; baseline -0.004 -16"><span class='ocrx_word' id='word_1_408' title='bbox 310 4305 398 4358; x_wconf 91' lang='lat' dir='ltr'>eoque</span> <span class='ocrx_word' id='word_1_409' title='bbox 421 4290 504 4358; x_wconf 87' lang='lat' dir='ltr'>pacto</span> <span class='ocrx_word' id='word_1_410' title='bbox 528 4288 583 4342; x_wconf 89' lang='lat' dir='ltr'>duo</span> <span class='ocrx_word' id='word_1_411' title='bbox 605 4287 742 4343; x_wconf 88' lang='lat' dir='ltr'>vocabula</span> <span class='ocrx_word' id='word_1_412' title='bbox 764 4305 836 4359; x_wconf 85' lang='lat' dir='ltr'>quas</span> <span class='ocrx_word' id='word_1_413' title='bbox 862 4288 1036 4358; x_wconf 79' lang='lat' dir='ltr'>distinguere</span> <span class='ocrx_word' id='word_1_414' title='bbox 1057 4289 1175 4345; x_wconf 81' lang='lat' dir='ltr'>intereat</span> <span class='ocrx_word' id='word_1_415' title='bbox 1196 4289 1360 4345; x_wconf 80' lang='lat' dir='ltr'>confandat.</span> <span class='ocrx_word' id='word_1_416' title='bbox 1399 4288 1501 4343; x_wconf 80' lang='lat' dir='ltr'>llnlleat</span> <span class='ocrx_word' id='word_1_417' title='bbox 1516 4282 1548 4337; x_wconf 73' lang='lat' dir='ltr'>n</span> 
     </span>
     <span class='ocr_line' id='line_1_43' title="bbox 309 4372 1546 4446; baseline 0.002 -20"><span class='ocrx_word' id='word_1_418' title='bbox 309 4374 447 4443; x_wconf 80' lang='lat' dir='ltr'>theologi:</span> <span class='ocrx_word' id='word_1_419' title='bbox 471 4385 496 4428; x_wconf 86' lang='lat' dir='ltr'>et</span> <span class='ocrx_word' id='word_1_420' title='bbox 513 4379 578 4428; x_wconf 84' lang='lat' dir='ltr'>duas</span> <span class='ocrx_word' id='word_1_421' title='bbox 595 4385 703 4427; x_wconf 83' lang='lat' dir='ltr'>naturas</span> <span class='ocrx_word' id='word_1_422' title='bbox 720 4379 746 4426; x_wconf 83' lang='lat' dir='ltr'>in</span> <span class='ocrx_word' id='word_1_423' title='bbox 766 4377 866 4429; x_wconf 79' lang='lat' dir='ltr'>Gllrtsto</span> <span class='ocrx_word' id='word_1_424' title='bbox 882 4378 1085 4429; x_wconf 80' lang='lat' dir='ltr'>substantialiter</span> <span class='ocrx_word' id='word_1_425' title='bbox 1101 4385 1189 4445; x_wconf 61' lang='lat' dir='ltr'>amate</span> <span class='ocrx_word' id='word_1_426' title='bbox 1212 4381 1238 4428; x_wconf 85' lang='lat' dir='ltr'>r&#39;n</span> <span class='ocrx_word' id='word_1_427' title='bbox 1256 4383 1357 4430; x_wconf 74' lang='lat' dir='ltr'>unitate</span> <span class='ocrx_word' id='word_1_428' title='bbox 1377 4392 1493 4446; x_wconf 68' lang='lat' dir='ltr'>mosae</span> <span class='ocrx_word' id='word_1_429' title='bbox 1509 4372 1546 4421; x_wconf 53' lang='grc' dir='ltr'>ἃ·</span> 
     </span>
     <span class='ocr_line' id='line_1_44' title="bbox 309 4466 524 4526; baseline 0 -15"><span class='ocrx_word' id='word_1_430' title='bbox 309 4471 350 4512; x_wconf 81' lang='lat' dir='ltr'>tna</span> <span class='ocrx_word' id='word_1_431' title='bbox 368 4466 524 4526; x_wconf 82' lang='lat' dir='ltr'>confitentes.</span> 
     </span>
    </p>

    <p class='ocr_par' dir='ltr' id='par_1_9' title="bbox 309 4537 1545 4699">
     <span class='ocr_line' id='line_1_45' title="bbox 377 4537 1545 4613; baseline 0 -16"><span class='ocrx_word' id='word_1_432' title='bbox 377 4546 409 4612; x_wconf 83' lang='grc'>33)</span> <span class='ocrx_word' id='word_1_433' title='bbox 427 4545 471 4599; x_wconf 82' lang='lat' dir='ltr'>lta</span> <span class='ocrx_word' id='word_1_434' title='bbox 487 4561 559 4597; x_wconf 80' lang='lat' dir='ltr'>mss..</span> <span class='ocrx_word' id='word_1_435' title='bbox 601 4544 639 4596; x_wconf 81' lang='lat' dir='ltr'>At</span> <span class='ocrx_word' id='word_1_436' title='bbox 655 4543 729 4597; x_wconf 78' lang='lat' dir='ltr'>H⁶a¹</span> <span class='ocrx_word' id='word_1_437' title='bbox 755 4550 814 4598; x_wconf 80' lang='lat' dir='ltr'>item</span> <span class='ocrx_word' id='word_1_438' title='bbox 836 4547 914 4598; x_wconf 83' lang='lat' dir='ltr'>Deam</span> <span class='ocrx_word' id='word_1_439' title='bbox 932 4548 1031 4613; x_wconf 68' lang='lat' dir='ltr'>attidem</span> <span class='ocrx_word' id='word_1_440' title='bbox 1048 4550 1132 4607; x_wconf 63' lang='lat' dir='ltr'>mmet,</span> <span class='ocrx_word' id='word_1_441' title='bbox 1156 4547 1186 4599; x_wconf 81' lang='lat' dir='ltr'>et</span> <span class='ocrx_word' id='word_1_442' title='bbox 1206 4544 1284 4600; x_wconf 70' lang='lat' dir='ltr'>infra</span> <span class='ocrx_word' id='word_1_443' title='bbox 1301 4551 1366 4602; x_wconf 72' lang='lat' dir='ltr'>tden</span> <span class='ocrx_word' id='word_1_444' title='bbox 1387 4558 1510 4600; x_wconf 70' lang='lat' dir='ltr'>terrem:</span> <span class='ocrx_word' id='word_1_445' title='bbox 1525 4537 1545 4591; x_wconf 71' lang='lat' dir='ltr'>b&#39;</span> 
     </span>
     <span class='ocr_line' id='line_1_46' title="bbox 309 4629 1307 4699; baseline 0.008 -19"><span class='ocrx_word' id='word_1_446' title='bbox 309 4635 373 4682; x_wconf 87' lang='lat' dir='ltr'>idem</span> <span class='ocrx_word' id='word_1_447' title='bbox 392 4635 470 4685; x_wconf 77' lang='lat' dir='ltr'>Deum</span> <span class='ocrx_word' id='word_1_448' title='bbox 487 4634 560 4682; x_wconf 72' lang='grc' dir='ltr'><em>οἰοιοῖ</em></span> <span class='ocrx_word' id='word_1_449' title='bbox 577 4629 612 4695; x_wconf 76' lang='lat'>(0¹</span> <span class='ocrx_word' id='word_1_450' title='bbox 627 4629 652 4682; x_wconf 85' lang='grc' dir='ltr'>ο3</span> <span class='ocrx_word' id='word_1_451' title='bbox 669 4631 809 4697; x_wconf 51' lang='lat' dir='ltr'>natricem</span> <span class='ocrx_word' id='word_1_452' title='bbox 829 4629 864 4683; x_wconf 76' lang='lat' dir='ltr'>al.</span> <span class='ocrx_word' id='word_1_453' title='bbox 884 4634 993 4683; x_wconf 83' lang='lat' dir='ltr'>cumdem</span> <span class='ocrx_word' id='word_1_454' title='bbox 1012 4632 1090 4683; x_wconf 82' lang='lat' dir='ltr'>Deam</span> <span class='ocrx_word' id='word_1_455' title='bbox 1109 4635 1207 4699; x_wconf 76' lang='lat' dir='ltr'>quidm</span> <span class='ocrx_word' id='word_1_456' title='bbox 1224 4636 1307 4689; x_wconf 74' lang='lat' dir='ltr'>simul.</span> 
     </span>
    </p>

    <p class='ocr_par' dir='ltr' id='par_1_10' title="bbox 308 4712 1547 4937">
     <span class='ocr_line' id='line_1_47' title="bbox 377 4712 1546 4785; baseline 0.003 -20"><span class='ocrx_word' id='word_1_457' title='bbox 377 4715 409 4781; x_wconf 82' lang='grc'>33)</span> <span class='ocrx_word' id='word_1_458' title='bbox 428 4713 471 4766; x_wconf 88' lang='lat' dir='ltr'>lta</span> <span class='ocrx_word' id='word_1_459' title='bbox 488 4713 516 4766; x_wconf 87' lang='lat' dir='ltr'>h¹</span> <span class='ocrx_word' id='word_1_460' title='bbox 536 4730 599 4767; x_wconf 85' lang='lat' dir='ltr'>eum</span> <span class='ocrx_word' id='word_1_461' title='bbox 617 4729 681 4766; x_wconf 85' lang='lat' dir='ltr'>mss.</span> <span class='ocrx_word' id='word_1_462' title='bbox 719 4712 752 4766; x_wconf 75' lang='grc'>63</span> <span class='ocrx_word' id='word_1_463' title='bbox 767 4715 793 4767; x_wconf 77' lang='lat' dir='ltr'>a¹</span> <span class='ocrx_word' id='word_1_464' title='bbox 812 4730 888 4782; x_wconf 89' lang='lat' dir='ltr'>sequ.</span> <span class='ocrx_word' id='word_1_465' title='bbox 907 4720 964 4781; x_wconf 74' lang='lat' dir='ltr'>ejas</span> <span class='ocrx_word' id='word_1_466' title='bbox 981 4717 1068 4767; x_wconf 76' lang='lat' dir='ltr'>ablata</span> <span class='ocrx_word' id='word_1_467' title='bbox 1139 4720 1262 4772; x_wconf 72' lang='lat' dir='ltr'>antonem.</span> <span class='ocrx_word' id='word_1_468' title='bbox 1298 4717 1337 4770; x_wconf 83' lang='grc' dir='ltr'>Η·</span> <span class='ocrx_word' id='word_1_469' title='bbox 1349 4716 1472 4785; x_wconf 82' lang='lat' dir='ltr'>corrupte</span> <span class='ocrx_word' id='word_1_470' title='bbox 1485 4716 1546 4765; x_wconf 71' lang='lat' dir='ltr'>diver</span> 
     </span>
     <span class='ocr_line' id='line_1_48' title="bbox 308 4800 1547 4875; baseline 0.004 -28"><span class='ocrx_word' id='word_1_471' title='bbox 308 4805 399 4850; x_wconf 75' lang='lat' dir='ltr'>n&#39;tntes</span> <span class='ocrx_word' id='word_1_472' title='bbox 415 4802 515 4851; x_wconf 80' lang='lat' dir='ltr'>sublata</span> <span class='ocrx_word' id='word_1_473' title='bbox 583 4802 730 4852; x_wconf 80' lang='lat' dir='ltr'>diuidendes</span> <span class='ocrx_word' id='word_1_474' title='bbox 746 4806 900 4875; x_wconf 63' lang='lat' dir='ltr'>presentiam</span> <span class='ocrx_word' id='word_1_475' title='bbox 917 4805 943 4852; x_wconf 84' lang='lat' dir='ltr'>in</span> <span class='ocrx_word' id='word_1_476' title='bbox 961 4806 1080 4854; x_wconf 73' lang='lat' dir='ltr'>unitione.</span> <span class='ocrx_word' id='word_1_477' title='bbox 1100 4832 1129 4840; x_wconf 92' lang='lat'>-</span> <span class='ocrx_word' id='word_1_478' title='bbox 1148 4800 1315 4855; x_wconf 68' lang='lat' dir='ltr'>aceruatim</span> <span class='ocrx_word' id='word_1_479' title='bbox 1332 4800 1474 4855; x_wconf 64' lang='lat' dir='ltr'>damur:</span> <span class='ocrx_word' id='word_1_480' title='bbox 1488 4811 1547 4865; x_wconf 61' lang='grc' dir='ltr'>κβ</span> 
     </span>
     <span class='ocr_line' id='line_1_49' title="bbox 309 4887 817 4937; baseline 0.004 -3"><span class='ocrx_word' id='word_1_481' title='bbox 309 4889 449 4936; x_wconf 72' lang='lat' dir='ltr'>cliotdcntcs</span> <span class='ocrx_word' id='word_1_482' title='bbox 466 4887 655 4937; x_wconf 74' lang='lat' dir='ltr'>serbstnnttnlem</span> <span class='ocrx_word' id='word_1_483' title='bbox 676 4889 817 4937; x_wconf 72' lang='lat' dir='ltr'>unitionem.</span> 
     </span>
    </p>
   </div>
   <div class='ocr_carea' id='block_1_6' title="bbox 0 0 1710 5664">
    <p class='ocr_par' dir='ltr' id='par_1_11' title="bbox 0 0 1710 5664">
     <span class='ocr_line' id='line_1_50' title="bbox 0 0 1710 5664; baseline 0 1"><span class='ocrx_word' id='word_1_484' title='bbox 0 0 1710 5664; x_wconf 95' lang='lat' dir='ltr'> </span> 
     </span>
    </p>
   </div>
  </div>
 </body>
</html>
