3412 5664
668 348 861 397 nrrsronarr
885 338 903 394 5
925 348 1112 396 arrsunrx.
1464 333 1523 399 th

256 502 399 567 motibus
420 502 517 565 turba
539 504 732 566 concuteret,
784 501 845 567 Sed
873 523 939 566 non
966 502 1145 585 optavimus
1169 502 1371 567 commissum
1393 507 1524 567 sanctae
1537 530 1561 567 a.
1573 518 1629 567 501.

259 604 521 689 congregationis
550 605 689 668 examini
718 605 777 667 sub
803 604 865 667 hac
894 603 1040 687 protrahi
1070 604 1223 669 dilatione
1250 606 1433 689 negotium,
1467 627 1526 669 nec

257 706 480 770 universitatis
512 706 634 770 animos
667 706 796 791 gravius
830 706 1027 790 praejudicio
1059 707 1198 789 pendere
1230 729 1416 791 suspensos:
1452 708 1526 791 quia

258 829 321 872 nec
341 809 570 894 tranquillitati
593 809 680 872 urbis
703 807 898 872 definitionis
926 830 1030 890 mora,
1059 830 1119 872 nec
1146 808 1336 872 sacerdotali
1363 810 1527 893 proposito

257 911 422 974 sententia
443 914 552 995 potest
574 911 743 976 convenire
766 910 951 974 discordiae.

344 1013 374 1075 2.
399 1011 533 1099 Moleste
540 1013 566 1099 ⁴)
582 1013 682 1097 igitur
698 1015 831 1096 accepta
849 1012 1045 1095 confusione,
1062 1034 1143 1095 quae
1157 1016 1236 1076 nata
1254 1017 1313 1095 est,
1338 1016 1526 1077 ceterorum-

256 1116 355 1199 que⁵)
378 1113 531 1195 discessu,
554 1116 629 1198 quia
650 1117 781 1200 propter
802 1115 940 1197 turbam,
965 1134 1045 1197 quam
1068 1116 1123 1176 aut
1146 1136 1221 1177 casu
1243 1117 1299 1177 aut
1315 1114 1391 1177 vitio
1407 1114 1525 1198 aliquo-

257 1237 328 1279 rum
352 1216 506 1301 contigit,
530 1217 647 1281 iterata
669 1239 749 1301 quae
773 1219 946 1300 coeperunt
966 1214 1121 1300 reliquere
1140 1215 1277 1298 judicia,
1313 1216 1380 1300 (qui
1403 1218 1523 1298 tamen,

256 1318 386 1403 siquid
408 1318 567 1405 decorat)
591 1321 696 1402 potins
721 1319 933 1403 cogitassent,
958 1317 1102 1401 exemplo
1126 1320 1229 1380 vestro
1250 1317 1285 1380 in
1304 1316 1388 1380 Urbe
1411 1317 1525 1381 reside-

256 1424 348 1503 rent,
383 1423 606 1504 exspectantes
635 1421 673 1484 de
701 1420 767 1502 his,
797 1442 878 1504 quae
900 1420 967 1483 illic
988 1419 1092 1500 facta,
1127 1418 1165 1481 de
1193 1422 1302 1482 nostra
1325 1420 1525 1503 prouidentia

254 1520 408 1586 ordinare
430 1522 632 1607 remediun1):
656 1544 753 1605 quum
775 1522 809 1585 in
831 1521 948 1585 multas
971 1542 1004 1585 se
1026 1520 1094 1583 rias
1111 1519 1264 1604 cogitatio
1280 1524 1390 1585 nostra
1406 1522 1524 1605 disper-

254 1624 395 1709 geren),
419 1624 460 1687 ad
482 1623 568 1689 hunc
590 1647 623 1688 se
645 1624 807 1688 tramitem
830 1623 956 1688 consilii
978 1644 1053 1687 cura
1077 1622 1250 1705 convertit,
1280 1626 1316 1685 ut
1337 1644 1462 1686 rursum
1485 1625 1524 1687 ad

255 1724 476 1789 Kalendarum
510 1724 746 1810 Septembrium
779 1724 863 1789 diem
896 1725 1040 1789 eumdem
1073 1723 1288 1788 censuerimus
1325 1726 1524 1789 sacerdotum

252 1848 427 1891 nnmerum
449 1827 629 1910 convenire,
653 1827 707 1911 qui
729 1827 846 1890 dudum
867 1826 974 1890 fuerat
994 1828 1135 1890 vocatus.
1171 1824 1293 1911 Erigor)
1315 1826 1525 1911 ingravanter

252 1928 467 1993 sanctitatem
494 1932 634 1994 vestram
665 1928 858 2012 reliquorum
893 1929 1108 2012 praesentiam
1142 1927 1291 1991 convenit
1322 1929 1455 2012 operiri,
1488 1932 1526 1992 ut

252 2052 441 2117 compresso
461 2030 599 2095 tumultu
628 2035 660 2095 et
683 2029 878 2095 dissensione
906 2031 1068 2113 submota,
1102 2051 1182 2114 quae
1211 2029 1252 2093 ab
1279 2030 1425 2094 omnibus
1454 2034 1524 2094 orta

250 2136 305 2197 est
327 2132 371 2197 ab
393 2132 540 2197 omnibus
563 2155 659 2198 causa
681 2136 865 2218 peragatur.

340 2236 372 2299 3.
410 2232 495 2298 Nam
524 2232 713 2298 Ravennam
720 2285 728 2318 ,
763 2234 1027 2318 quemadmodum
1061 2234 1212 2316 sperantia,
1247 2257 1313 2298 non
1343 2235 1523 2318 putavimus

245 2334 469 2401 revocandum
494 2358 563 2401 esse
586 2337 770 2418 concilium,
804 2335 878 2399 dum
901 2334 1035 2399 alienun
1057 2335 1181 2418 laborc,
1206 2336 1388 2421 {aliorumtl
1401 2358 1524 2421 permo-

241 2459 366 2503 vemur
395 2441 517 2521 aetate,
546 2439 667 2521 parati,
696 2443 733 2501 ut
754 2438 816 2502 nisi
840 2438 978 2502 secundo
1008 2441 1166 2501 conventu
1189 2460 1302 2502 causae
1324 2440 1422 2502 finem
1439 2439 1523 2522 judi-

240 2540 337 2605 cium
361 2538 518 2624 synodale
540 2541 680 2624 posuerit
685 2591 699 2637 t
717 2540 811 2623 juxta
834 2539 1025 2604 desiderium
1047 2542 1203 2623 restrum,
1228 2561 1289 2624 quo
1311 2563 1370 2604 nos
1392 2541 1523 2624 poscitis

236 2664 318 2709 esse
343 2644 549 2727 praesentes,
581 2624 843 2726 occupationilius
870 2642 988 2705 nostris
1016 2640 1137 2705 ltomac
1166 2641 1280 2725 quietis
1309 2643 1409 2705 amori
1437 2647 1523 2727 post-

229 2743 385 2831 positis,
410 2765 468 2808 nos
490 2743 596 2828 potius
618 2744 755 2808 ltomam
777 2743 845 2808 Deo
874 2747 1002 2808 auctore
1024 2744 1203 2807 veniamus:
1237 2747 1274 2805 nt
1300 2745 1522 2826 praesentibus

228 2846 369 2915 saltem
391 2844 486 2909 nobis
508 2846 589 2909 citra
612 2846 831 2911 confusionem
847 2849 942 2930 atque
958 2844 1147 2909 discordiam
1168 2843 1340 2908 secundum
1356 2844 1415 2908 Dei
1431 2846 1522 2909 timo-

224 2972 312 3017 rem
340 2950 440 3011 tanta
462 2969 558 3012 causa
578 2948 751 3012 terminum
773 2948 936 3030 sortiatur,
959 2952 1082 3011 utnon
1104 2947 1224 3010 diutius
1246 2946 1321 3008 urbs
1344 2946 1435 3031 regia
1456 2952 1522 3011 tur-

224 3054 365 3118 barum
390 3052 584 3133 tempestate
605 3050 776 3133 fatigetur,
810 3049 865 3112 sed
892 3050 990 3113 vestri
1017 3049 1178 3133 aequitate
1202 3048 1315 3132 judicii
1343 3047 1453 3111 redeat
1481 3050 1522 3113 ad

217 3154 405 3243 quietem.
443 3149 494 3215 Ne
515 3172 604 3216 mora
626 3152 715 3215 robis
738 3152 883 3215 videatur
905 3172 1049 3236 onerosa,
1072 3150 1122 3213 fas
1145 3153 1193 3213 est
1214 3152 1338 3213 vestrae
1354 3150 1522 3215 aestimare

215 3252 487 3343 providentiae,
510 3253 537 3317 si
560 3254 803 3338 commodumffl)
827 3254 869 3317 sit
887 3256 943 3317 aut
957 3254 1015 3317 sub
1030 3256 1211 3317 nostrorum
1232 3255 1410 3336 temporum
1433 3256 1521 3317 tran-

213 3356 416 3447 quillitate
448 3354 665 3438 tolerandum,
701 3355 803 3420 soluto
836 3356 906 3419 sine
938 3355 1046 3439 aliqua
1077 3353 1262 3419 definitione
1296 3354 1431 3419 concilio
1463 3355 1522 3419 sub

215 3486 454 3503 .....-...,..-----
467 3488 478 3493 -
489 3486 550 3495 ..--

302 3546 334 3613 4)
353 3539 438 3597 Editi
455 3545 576 3609 Molesta,
594 3542 629 3595 Ε·1
641 3542 689 3595 K¹²
706 3550 815 3603 moleste,
833 3541 865 3593 ΒΙ
885 3549 1011 3598 molestae.
1040 3546 1133 3609 Ipitar.

303 3630 334 3697 ι)
353 3626 396 3681 F‘
408 3625 457 3680 Κ12
474 3638 631 3697 ceteramque
650 3633 798 3685 «linaearum,
822 3634 881 3697 qnia
902 3639 1012 3696 propter
1032 3632 1142 3685 turbam.
1169 3647 1233 3696 qaae
1252 3636 1295 3679 aut
1313 3646 1374 3679 casu
1392 3626 1437 3683 (pa
1455 3626 1519 3681 add.

208 3718 285 3783 aut)
309 3718 386 3769 vitto
406 3716 546 3781 aliquorum
563 3718 678 3781 comteptt
690 3712 735 3779 (F‘l
749 3716 880 3781 centinptt)
899 3718 993 3765 iterata
1011 3734 1075 3781 qnae
1093 3722 1231 3779 caeperunt
1249 3718 1392 3781 relinquere
1405 3719 1521 3777 jrnttria:

208 3798 379 3861 :militer
398 3794 432 3849 B*
451 3801 511 3865 qaia
527 3808 636 3865 propter
708 3810 752 3851 aut
769 3820 829 3851 cusa
847 3809 891 3851 aaz!
910 3804 973 3851 vttio
1045 3803 1171 3850 interrata
1194 3818 1258 3865 quac
1281 3810 1420 3865 coeperant
1442 3805 1519 3851 retin-

210 3904 330 3961 μη.
372 3878 454 3935 Editi
472 3886 516 3951 pat
531 3893 640 3950 propter
713 3894 757 3934 erat
775 3904 836 3935 (rura
855 3894 901 3938 etc.
1085 3936 1090 3943 ,

299 3972 332 4037 ⁸)
351 3966 406 4021 lea
422 3964 514 4021 locam
532 3969 691 4035 corruptum
710 3984 742 4019 cr
761 3967 884 4036 vestigiis
896 3967 928 4019 Β1
942 3966 976 4019 Ft
991 3966 1037 4020 li'²
1049 3965 1228 4033 restituimus,
1247 3966 1294 4035 qui
1312 3967 1341 4021 in
1359 3968 1454 4021 edit-is:
1474 3974 1522 4033 (tat

209 4072 322 4115 unere
344 4058 372 4107 εἰ
393 4054 458 4120 qnid
473 4054 572 4103 dixerit
589 4050 633 4105 th
653 4058 779 4113 dicerint,
798 4052 830 4105 Β1
850 4056 971 4117 diecret),
993 4058 1078 4119 potina
1150 4058 1265 4106 residere
1289 4065 1471 4121 exspectantes
1488 4060 1520 4107 (te

209 4154 351 4201 merae
369 4140 553 4205 procidentiae
571 4142 732 4191 ordinatione
750 4137 900 4204 (111111112
919 4142 1050 4205 antimus)
1069 4143 1210 4191 rearertium.

300 4228 331 4295 ⁷)
352 4222 409 4277 ΙΨ
426 4226 582 4289 disperperit
598 4227 680 4275 adlata
697 4228 720 4274 ai
738 4227 869 4277 tramitem.
888 4223 920 4275 Β1
939 4228 1107 4291 (Ιίκρενῃενεῑ,
1129 4226 1155 4275 0⁹
1173 4228 1328 4290 disperserit
1387 4229 1520 4277 Ir'atendaa

211 4311 420 4385 Septembris.
456 4304 491 4357 F*¹
509 4327 573 4359 cara
589 4312 749 4361 constitnerit
821 4295 987 4361 renarrant.

301 4398 331 4465 θ)
351 4392 409 4447 K¹²
428 4394 499 4459 Erpo
516 4396 674 4461 inprobanda
691 4400 849 4445 sanctitatem
872 4399 1024 4462 reliquarum
1043 4399 1192 4461 praesentia
1214 4400 1328 4447 coarctat
1351 4399 1469 4462 aperire:
1492 4405 1519 4447 at

211 4460 282 4543 fli-
304 4494 420 4551 praeco
438 4482 540 4531 tranuito
611 4491 683 4531 certa
705 4490 751 4530 eat.
801 4476 832 4529 ΒΙ
846 4477 868 4530 F
869 4481 880 4514 ἅ
894 4482 919 4531 δ’
937 4486 1102 4547 caprenanter
1120 4480 1156 4539 (θ’
1175 4484 1324 4547 inprecatio)
1395 4490 1454 4531 orta
1471 4489 1518 4535 eet.

213 4570 298 4627 on
320 4563 364 4619 1⁸⁴
386 4564 421 4615 ab
439 4566 550 4615 omnibns
567 4574 658 4630 coepta
676 4574 723 4615 cat.

299 4654 331 4719 θ)
352 4646 406 4703 Sic
422 4663 487 4701 mss.
508 4649 537 4700 ct
554 4650 592 4711 ὥς
622 4647 709 4715 bseq.
730 4654 840 4715 itteram,
860 4664 936 4702 mero
955 4648 1073 4713 librarii,
1092 4664 1146 4717 qno
1166 4648 1256 4703 Faber
1275 4668 1338 4702 usus
1356 4651 1409 4713 est,
1428 4649 1515 4719 lapan.

214 4740 297 4797 101
319 4734 362 4789 F*
378 4738 460 4801 finem
475 4751 574 4799 ponere
586 4738 710 4797 janu-tam
727 4738 847 4801 synodali
862 4740 983 4802 potnerit.

304 4824 344 4887 ¹⁰)
364 4818 416 4871 Ita
437 4814 529 4870 13¹F4.
570 4817 616 4869 ΚΗ
627 4819 644 4871 b
657 4834 713 4885 seq.
734 4824 873 4883 ronnnmto,
904 4822 933 4872 ct
956 4837 1017 4873 culn
1036 4818 1069 4872 Γᾶ
1091 4828 1188 4875 solatas
1210 4840 1239 4873 ne
1258 4825 1283 4873 in
1301 4822 1517 4889 11114111(θέΜί-

218 4924 317 4967 ωε
338 4912 368 4961 r'n
389 4906 499 4973 aliqua).
