3450 5678
653 295 879 379 'sersaoni
903 322 953 380 30.
1154 308 1160 313 ’
1300 362 1304 366 -
1401 319 1465 384 439

110 569 112 573 Ι
193 485 348 550 uiaticum
374 484 444 549 seni
475 483 677 569 aegritudine
705 483 858 547 continua
886 487 919 548 et
945 486 1160 550 maceratione
1188 490 1392 571 consumpto,
1421 511 1462 553 ne
1475 502 1568 552 a.495.

193 589 264 652 sine
286 585 503 651 ecclesiastica
525 586 748 649 communione
770 586 888 670 rapiar,
918 608 984 650 non
1006 587 1143 672 negetis,
1173 608 1211 650 ex
1234 588 1365 651 alterius
1388 611 1464 654 casu

193 689 449 774 experimentum
476 708 567 751 meae
588 686 770 751 formidinis
792 687 966 770 intuentes,
990 689 1045 773 qui
1068 688 1231 772 auxilium,
1255 689 1353 753 etiam
1373 690 1464 755 vobis

193 790 341 856 conferre
367 789 565 871 volentibus,
594 810 661 852 uon
689 789 795 872 potuit
821 789 981 873 indipisci.
1026 789 1072 853 Et
1103 812 1154 854 me
1182 812 1240 873 per
1268 791 1463 875 imperitiam

191 893 255 965 hac
277 891 367 957 clade
395 891 503 976 potius
526 889 736 974 implicatum,
759 888 855 975 hoel)
878 891 982 974 ipsum
1005 892 1179 976 dignanter
1200 893 1355 973 ostendit,
1379 894 1463 977 quod

192 994 232 1058 ad
254 992 449 1076 receptionis
471 992 703 1056 ecclesiasticae
726 995 886 1076 superstes
909 993 1048 1077 gratiam
1071 992 1157 1056 valui
1181 994 1384 1076 pervenire.“

276 1095 308 1160 3.
340 1093 410 1170 Quo
424 1094 507 1159 lecto
526 1093 672 1157 Gelasius
688 1093 856 1178 episcopus
878 1094 973 1158 dixit:
998 1094 1212 1176 „Petitorium
1228 1098 1321 1178 gesta
1343 1096 1461 1160 retine-

191 1199 258 1262 bun
276 1198 310 1260 .“
333 1195 378 1260 Et
399 1196 531 1279 adjecit:
555 1194 652 1279 „lpse
671 1217 759 1259 nuuc
774 1195 916 1259 Misenus
933 1196 1091 1278 adveniat,
1117 1199 1149 1259 et
1171 1195 1356 1280 petitorium
1378 1198 1459 1281 quod

190 1298 320 1379 obtulit,
335 1299 406 1382 ipso
420 1300 606 1381 praesente,
617 1297 804 1361 recitetur.“
820 1296 987 1381 Quumque
1002 1297 1165 1381 ingressus
1180 1296 1295 1360 fuisset
1305 1280 1459 1382 Misenus,

190 1403 371 1485 prostratus
393 1399 428 1462 in
450 1401 570 1462 terram
593 1399 679 1462 aliud
700 1399 886 1483 petitorium
909 1399 1037 1480 obtulit,
1061 1403 1093 1461 et
1114 1398 1241 1481 rogavit
1262 1402 1299 1462 ut
1321 1398 1461 1483 suscipe-

189 1507 290 1567 retur.
311 1500 479 1584 Quumque
493 1503 676 1584 susceptum
692 1500 816 1582 fuisset,
835 1499 980 1563 Gelasius
996 1501 1162 1584 episcopus
1179 1499 1274 1563 dixit:
1291 1499 1460 1585 „Utraque

187 1603 353 1688 petitoria,
377 1623 458 1686 quae
480 1601 607 1684 obtulit,
631 1602 701 1684 ipso
724 1623 848 1685 quoque
871 1605 1040 1683 praesente
1062 1601 1250 1684 legantur.“

273 1705 306 1769 4.
334 1703 456 1768 lterum
478 1703 670 1767 Anastasius
693 1702 845 1766 diaconus
868 1703 1031 1766 recitavit:
1055 1702 1199 1785 „Datum
1222 1724 1241 1764 a
1263 1702 1384 1766 famulo
1407 1726 1459 1767 ve·

187 1809 258 1870 stro
278 1805 404 1870 Miseno
426 1805 485 1868 sub
506 1803 586 1867 VIII
608 1803 721 1871 Iduum
744 1803 944 1885 Martiarum,
968 1803 1078 1868 Flavio
1100 1803 1233 1868 Viatore
1255 1804 1323 1867 viro
1350 1804 1459 1868 claris-
1542 1878 1547 1885 ἢ

188 1907 271 1971 simo
294 1906 434 1972 consule.

274 2007 437 2085 Quantum
464 2007 504 2071 ad
530 2029 619 2071 meae
644 2006 786 2090 pertinet
812 2006 1015 2071 infelicitatis
1044 2006 1230 2090 abruptum,
1261 2007 1358 2071 errori
1386 2031 1458 2073 meo

187 2110 334 2195 qualibet
354 2109 478 2173 ratione
501 2111 666 2172 contracto
688 2107 805 2171 definio
821 2129 888 2172 non
911 2129 979 2172 esse
995 2108 1206 2192 parcendum:
1229 2109 1380 2192 quoniam
1397 2089 1457 2174 boc

186 2213 260 2299 ipso
280 2233 385 2296 poena
412 2231 519 2274 carere
547 2230 613 2273 non
640 2209 749 2290 debeo,
778 2209 930 2293 quoniam
952 2210 1055 2273 merui
1070 2210 1109 2273 ad
1133 2211 1300 2293 poenalem
1328 2232 1457 2275 causam

187 2334 378 2398 quacunque
400 2314 485 2376 sorte
515 2311 655 2394 perduci.
694 2309 857 2385 Quantum
879 2332 954 2374 vero
976 2311 1108 2395 respicit
1130 2313 1170 2374 ad
1192 2312 1362 2376 remediale
1385 2314 1456 2376 sub-

187 2415 315 2497 sidium,
345 2414 406 2477 duo
429 2416 515 2495 sunt,
539 2434 620 2497 quae
641 2433 692 2475 me
720 2412 760 2475 ad
787 2411 848 2476 hoc
870 2412 1057 2496 suppliciter
1084 2412 1321 2496 implorandum
1347 2416 1457 2479 venire

188 2516 431 2600 constringunt:
459 2536 501 2578 ne
523 2514 573 2577 vel
601 2535 660 2597 ego
682 2514 906 2596 desperatione
933 2514 1037 2599 magis
1070 2515 1234 2598 perpetuis
1263 2517 1456 2580 cruciatibus

186 2617 249 2681 sim
263 2616 381 2702 dignus
403 2615 508 2680 addici
522 2615 625 2680 Judae
641 2615 907 2698 praevaricatoris
930 2615 1109 2699 exemplo‘f,
1133 2628 1162 2679 et
1183 2628 1285 2680 cetera
1308 2638 1386 2696 quoe
1406 2640 1455 2682 su·

177 2725 289 2800 perias
309 2724 511 2783 coornatur.
1415 2718 1417 2722 ’

269 2817 302 2885 5.
346 2818 428 2883 Item
460 2818 545 2883 aliud
578 2817 764 2902 petitorium
796 2818 920 2881 recitat.
966 2817 1110 2899 „Datum
1145 2841 1164 2880 a
1195 2818 1317 2882 famulo
1349 2824 1455 2884 vestro

184 2921 311 2986 Miseno
333 2921 393 2985 sub
414 2920 465 2984 die
487 2920 630 3003 tertio'0)
652 2918 766 2982 Idumn
790 2919 989 3000 Martiarum,
1013 2918 1124 2982 Flavio
1147 2919 1278 2983 Viatore
1301 2921 1369 2984 viro
1392 2921 1454 2984 cla-

182 3024 312 3087 rissimo
334 3021 473 3086 consule.
513 3020 629 3086 Oblato
656 3021 804 3104 primitus
832 3020 982 3102 petitorio
1014 3042 1084 3084 meo
1112 3020 1194 3083 nihil
1221 3021 1307 3084 aliud
1335 3023 1453 3106 suppli-

183 3124 265 3188 citer
286 3122 432 3205 exorari,
460 3145 557 3208 quam
584 3125 620 3185 ut
648 3120 864 3185 misericordia
892 3121 971 3184 mihi
999 3121 1083 3185 sedis
1114 3121 1307 3206 apostolicae
1331 3124 1451 3187 nonin

183 3229 376 3310 perpetumn
406 3229 590 3310 negaretur.
628 3222 725 3306 Cujus
747 3221 827 3285 mihi
849 3238 938 3306 spem
960 3223 1111 3306 quoniam
1134 3245 1192 3305 pro
1214 3223 1370 3287 immensa
1392 3224 1452 3287 Dei

183 3326 316 3412 pietate,
339 3349 404 3410 qua
425 3326 558 3411 regitur,
582 3325 723 3389 relucere
742 3324 811 3407 jam
833 3323 948 3404 sentia,
972 3325 1076 3407 magis
1099 3325 1265 3408 magisque
1288 3325 1451 3389 conscien—

183 3429 264 3493 tiam
284 3449 391 3492 meam
413 3426 573 3511 contagiis
591 3426 792 3509 perfidorum,
816 3447 897 3508 quae
912 3425 1087 3488 infeliciter
1105 3425 1211 3509 potius
1229 3448 1326 3509 quam
1346 3427 1452 3491 studio

184 3531 421 3595 circumventus
435 3528 622 3609 incideram,
645 3527 779 3590 liberam
794 3530 1028 3610 purgatamque
1044 3549 1112 3590 esse
1134 3527 1359 3611 pronuntians,
1382 3532 1452 3592 toto

184 3632 277 3696 corde
305 3634 401 3714 atque
429 3651 483 3693 ore
510 3632 669 3712 protestor
691 3628 750 3691 sub
772 3628 898 3691 divinae
929 3628 1208 3711 contemplationis
1236 3628 1372 3692 intuitu:
1400 3652 1478 3715 me·

183 3753 293 3796 omnes
315 3731 444 3815 quidem
466 3730 614 3793 haereses
637 3733 670 3793 et
690 3729 843 3813 quidquid
864 3729 1031 3792 inimicum
1053 3732 1102 3792 est
1125 3728 1300 3793 catholicae
1323 3733 1355 3793 et
1377 3753 1451 3816 apo-

183 3833 316 3898 stolicae
337 3831 411 3896 fidei
440 3831 718 3911 communionique
743 3830 902 3912 sincerae,
933 3852 1035 3913 prona
1061 3835 1169 3895 mente
1196 3830 1354 3913 refutare3
1383 3830 1459 3896 tum¹

183 4121 230 4155 m
246 4117 295 4155 seu
313 4100 482 4171 dignitatem
499 4101 548 4155 sed
566 4098 788 4155 communionem
801 4097 1028 4164 ecclesiasticam,
1046 4116 1081 4152 nc
1099 4099 1157 4153 sine
1170 4099 1271 4154 viatico
1289 4101 1348 4154 tam
1359 4119 1450 4155 neces-
1511 4125 1514 4132 ·

181 4186 256 4241 sario
275 4203 309 4240 ex
327 4185 380 4240 hac
397 4187 457 4239 vita
474 4185 608 4255 rapiatur.
639 4186 727 4248 fluam
745 4183 867 4253 gratiam
883 4183 913 4237 in
930 4184 983 4237 fine
1002 4181 1076 4236 vitae
1094 4183 1255 4253 petentibus
1274 4185 1386 4239 concedi
1405 4203 1449 4239 vo·

181 4271 244 4324 lunt
255 4270 411 4340 Cyprianus
428 4269 505 4337 (edit.
519 4269 609 4337 Pam.)
627 4269 706 4338 epist.
721 4276 753 4322 53
766 4270 795 4322 et
807 4275 851 4333 54,
870 4267 985 4322 Nicaeni
999 4266 1107 4322 concilii
1125 4270 1220 4337 patres
1238 4286 1260 4321 c.
1276 4276 1319 4333 13,
1338 4267 1450 4321 Siricius

181 4353 294 4424 epistl
318 4371 379 4424 cap.
399 4362 428 4419 3,
452 4357 515 4408 bct
532 4361 560 4419 6,
583 4354 759 4408 Innocentius
783 4352 863 4422 epist.
884 4359 916 4406 25
939 4371 965 4406 n.
986 4361 1031 4417 10,
1054 4350 1224 4405 Coelcstiuus
1247 4352 1325 4421 epist.
1350 4358 1365 4403 4
1387 4359 1450 4404 n.3

180 4437 284 4494 etalii

248 4528 270 4591 ⁸)
288 4523 323 4578 (ἰί
337 4526 364 4577 8¹
383 4527 430 4578 tor
448 4529 527 4591 ipsum
544 4525 581 4590 (α’
601 4525 668 4590 ipso)
692 4528 828 4590 dignanter·
851 4527 985 4577 ostendite.
1021 4521 1134 4576 Rectius
1151 4522 1189 4575 Νο
1206 4525 1253 4576 lroc
1270 4527 1350 4588 ipsum
1369 4526 1449 4590 indfp·
1521 4578 1524 4582 .

180 4620 275 4662 naneer
292 4614 404 4663 manat
421 4624 472 4661 ceu
483 4612 586 4674 judicio
604 4618 653 4667 est,
678 4605 731 4660 nisi
749 4606 823 4674 quod
842 4606 950 4674 syllaba
967 4612 992 4659 in
1011 4621 1125 4660 erronee
1143 4625 1161 4661 a
1178 4605 1362 4676 praecedente
1380 4620 1448 4658 vocc

178 4699 261 4762 ipsu
279 4692 408 4763 repetita.
444 4691 550 4747 Deiuds
573 4697 728 4759 receptionis
746 4697 934 4745 ecclesiasticae
951 4693 1000 4749 (0¹⁰
1017 4694 1150 4757 ecclcsiae)
1168 4688 1310 4744 vocabulis
1328 4704 1448 4743 commu-

179 4775 227 4830 nio
246 4776 433 4832 ecclesiastica
450 4776 623 4845 intelligitur.

250 4863 282 4931 ¹⁰)
300 4861 334 4914 (3¹
348 4863 374 4914 a'
394 4874 485 4930 quarto
504 4866 602 4914 Iduum.
639 4861 681 4914 ad
700 4861 804 4915 calcem
821 4863 916 4916 tamen
935 4861 1048 4915 exbibet
1065 4867 1150 4915 tertio.
