3450 5678
638 340 839 391 canonieus
862 340 895 388 v.
1340 327 1403 394 589

130 493 250 578 sinuat,
275 493 404 559 dianae
426 495 692 561 sanctificationis
715 497 818 561 eidem
847 500 879 559 et
907 496 1007 560 menti
1038 496 1107 579 ejus
1130 499 1164 560 et
1185 498 1310 582 corpori
1332 521 1402 582 pro-

129 597 223 681 pinat
245 597 409 680 effectum,
439 597 522 662 sicut
550 598 596 662 ait
617 599 731 664 beatus
754 597 867 662 Petras
891 599 1069 683 apostolus:
1097 603 1245 665 Similiter
1266 607 1405 667 malinas
1418 588 1514 708 ¹35⁰?-

129 704 270 763 subditae
291 707 351 764 siat
372 706 464 781 airis,
492 710 526 765 at
547 707 575 764 si
595 709 649 781 qui
668 723 728 766 aon
756 707 886 766 credant
911 707 1015 779 umbo,
1049 723 1108 781 per
1128 707 1261 767 mulinis
1282 723 1404 768 coava-
1440 698 1446 722 '

130 808 275 866 sationem
297 808 363 867 sitne
384 807 474 867 verbo
496 808 665 882 lucrifiant,
696 809 924 869 considerantes
951 811 982 867 r'n
1010 808 1117 868 timore
1143 815 1258 867 castam
1281 826 1402 868 cornea

132 911 276 968 sationem
299 914 440 969 cestram.
479 902 582 980 Quam
605 905 631 969 si
654 927 712 989 per
732 905 988 970 familiaritatem
1010 906 1166 989 suscipiat
1187 905 1401 991 conjugalem,

52 1057 56 1061 .
133 1008 164 1069 et
176 1003 236 1069 Dei
251 1006 392 1090 gra-tiam
407 1007 468 1072 sibi
483 1029 541 1091 per
556 1007 704 1071 affectum
728 1008 871 1093 conjugii
893 1008 1109 1071 ministratam
1130 1029 1197 1072 non
1218 1007 1253 1070 in
1268 1029 1401 1072 vacuum

133 1107 267 1192 recipiat
286 1112 321 1172 et
342 1107 477 1192 refutet,
511 1109 548 1173 fit
575 1109 789 1174 sanctificatio
817 1132 876 1194 per
903 1109 1028 1174 fidelem
1057 1110 1227 1194 conjugem
1254 1110 1402 1195 conjugis
1501 1116 1505 1121 ’

132 1208 279 1294 infidelis,
303 1209 378 1274 dum
401 1210 488 1275 hisee
510 1211 612 1275 modis
635 1233 673 1275 ex
696 1211 886 1277 infidelitate
908 1214 943 1277 in
959 1211 1153 1277 consortium
1176 1211 1401 1275 sanctificatio-

133 1312 181 1376 nis
204 1311 390 1377 attrahitur.
437 1313 590 1397 Alioquin
613 1314 640 1377 si
663 1313 804 1378 oblatam
833 1314 894 1378 sibi
922 1314 1061 1399 gratiam
1089 1335 1150 1378 nec
1171 1335 1229 1398 per
1251 1313 1401 1378 affectum

128 1415 264 1499 suscipit
293 1415 510 1500 conjugalem,
545 1438 641 1501 quam
649 1417 689 1503 ⁰⁰)
722 1417 758 1481 in
785 1439 921 1480 vacuum
947 1420 1015 1481 tam
1042 1416 1170 1480 (livinae
1202 1415 1401 1500 dignationis

128 1539 225 1602 quam
248 1518 345 1581 ctiam
367 1515 528 1581 humanae
551 1518 724 1603 singularis
747 1518 926 1583 affectionis
948 1518 1066 1582 oblitus
1089 1518 1238 1582 aestimat
1260 1519 1400 1582 abnuen-

120 1617 218 1701 dam,
248 1621 344 1703 atque
371 1619 412 1682 ob
439 1619 500 1683 hoc
528 1620 632 1704 ipsam
662 1643 786 1705 quoque
815 1621 963 1707 conjugis
986 1620 1187 1685 affectionem
1209 1621 1324 1684 nititur
1346 1621 1399 1686 ab·

112 1719 235 1800 jurare
258 1722 292 1785 et
311 1721 353 1786 ab
380 1721 481 1806 ipsius
508 1723 554 1806 pii
583 1724 736 1786 consortii
763 1724 835 1808 lege
863 1723 1040 1806 discedere3
1076 1723 1174 1808 digne
1202 1722 1400 1807 permittitur

113 1823 230 1888 eidem
253 1822 385 1887 licentia
408 1823 602 1907 discedendi,
626 1825 789 1909 quianon
812 1829 861 1888 est
881 1824 937 1889 illo
961 1826 1114 1910 conjugio
1137 1824 1264 1910 dignus,
1288 1847 1350 1910 quo
1365 1846 1399 1890 se

110 1921 195 2008 ipse
219 1924 380 2009 judicavit
407 1925 586 2011 indiguum.
638 1918 868 2012 Patienterque
895 1928 981 1991 ferat
1007 1927 1109 1990 fidelis
1138 1927 1254 2010 conjux
1282 1926 1338 1991 illo
1364 1948 1399 1991 se

107 2026 267 2090 cenasse
290 2027 456 2113 conjugio,
492 2029 575 2112 quod
602 2029 783 2093 fornicatur
810 2053 829 2093 a
852 2029 936 2113 Dec,
972 2030 1023 2093 cui
1050 2028 1135 2092 idem
1158 2029 1274 2113 conjux
1296 2028 1398 2092 fidelis

105 2124 324 2194 inhaerendo
345 2129 606 2218 principalem⁸¹)
629 2131 690 2196 Dei
718 2132 837 2195 retinet
865 2131 1058 2195 castitatem.
1109 2130 1223 2215 Itaque
1250 2133 1283 2194 et
1311 2129 1397 2193 adul-

98 2229 195 2295 tero
217 2234 306 2296 caret
329 2235 361 2296 et
383 2254 437 2316 ee,
470 2233 523 2317 qui
550 2233 672 2318 respuit
700 2256 765 2297 una
788 2235 945 2298 veraciter
971 2233 1041 2298 fieri
1070 2256 1144 2299 caro
1167 2255 1238 2298 cunr
1261 2231 1398 2316 conjuge

84 2328 191 2408 jam
213 2333 311 2398 fideli.
357 2332 426 2399 Nec
449 2335 597 2399 aestimet
619 2335 718 2401 fuisse
740 2336 937 2421 legitimum,
966 2334 1048 2421 quod
1076 2335 1185 2399 divina
1194 2335 1233 2422 61·’)
1261 2334 1323 2398 sibi
1345 2333 1397 2398 de·

93 2435 268 2519 &pexerit
289 2435 361 2522 lege
384 2436 542 2522 conjugii3
572 2461 610 2501 ac
633 2439 739 2522 potius
761 2439 899 2503 libenter
922 2438 1075 2522 accipiat,
1101 2459 1188 2520 eum,
1213 2436 1266 2521 qui
1289 2436 1398 2500 anima

92 2541 294 2623 separatus
316 2561 336 2601 a
358 2539 427 2602 Deo
450 2542 510 2622 est,
535 2542 566 2603 et
590 2563 608 2603 a
630 2563 664 2603 se
686 2562 810 2624 quoque
834 2562 964 2624 corpore
987 2540 1085 2604 fuisse
1108 2540 1253 2603 divisum.

211 2642 261 2704 17.
299 2639 481 2705 Secundum
502 2642 588 2705 hunc
610 2642 711 2726 igitur
738 2643 868 2707 modum
890 2644 987 2706 etiam
1016 2642 1055 2706 de
1083 2642 1195 2705 talium
1217 2641 1292 2705 filiis
1315 2641 1396 2704 acci-

86 2741 277 2823 piendam
299 2746 357 2827 cst,
382 2744 465 2828 quod
487 2744 554 2808 illic
578 2748 808 2829 consequenter
830 2744 993 2828 asseritur,
1023 2745 1078 2808 ubi
1101 2744 1193 2829 cite)
1217 2743 1395 2825 apostolus:

82 2845 207 2930 quod
226 2844 290 2909 nisi
312 2844 393 2910 haec
414 2847 628 2911 sanctificatio
651 2847 736 2911 inter
751 2846 932 2931 hujusmodi
954 2847 1108 2930 conjuges
1123 2844 1316 2930 proveniret,
1338 2850 1397 2920 filii
1408 2843 1421 2889 ¹
1433 2836 1491 2891 θοῖ-

81 2964 224 3013 ‘ornem
248 2951 396 3013 immundi
415 2960 523 3028 essent,
547 2972 628 3014 nanc
651 2961 750 3013 aretem
773 2957 874 3013 sancti
894 2959 972 3015 snat.
1008 2948 1119 3013 Sancti
1143 2949 1218 3011 sunt
1241 2945 1326 3009 enim
1349 2967 1395 3008 se·
1414 2912 1484 2971 ω’

86 3050 262 3114 eundum
286 3050 453 3135 quemdam
475 3050 603 3117 modum
630 3053 665 3115 iu
689 3052 927 3135 comparatione
948 3051 1086 3133 illorum,
1116 3049 1170 3134 qui
1193 3071 1231 3112 ex
1253 3047 1394 3132 utrisque

79 3152 313 3232 parentibus
341 3154 563 3218 immunditiae
591 3153 768 3218 diabolicae
797 3154 990 3236 mancipatis
1020 3151 1310 3235 contaminatisque
1338 3172 1394 3213 na-

80 3258 266 3319 scantur.
301 3254 360 3319 Isti
384 3256 469 3320 enim
492 3278 531 3320 ex
554 3278 591 3320 ea
613 3259 715 3341 parte,
740 3280 802 3341 qua
825 3256 864 3320 de
879 3259 993 3319 sancta
1009 3276 1105 3318 carne
1120 3253 1222 3317 fidelis
1237 3252 1391 3336 parentis,

81 3359 152 3420 et
173 3356 298 3442 templo
320 3357 397 3441 Dei,
421 3362 454 3422 et
476 3357 579 3423 Deum
601 3380 701 3422 unum
723 3359 757 3422 in
780 3381 836 3423 suo
860 3358 953 3423 corde
976 3357 1151 3443 gestantis,
1181 3354 1282 3420 exorti
1304 3358 1391 3437 sunt,

79 3456 270 3524 nonnihil
304 3459 432 3524 divinae
465 3461 698 3525 benedictionis
731 3461 971 3546 hairsem11t⁶⁴);
1008 3460 1043 3523 in
1070 3481 1134 3543 qua
1160 3458 1269 3542 utique
1297 3457 1392 3521 bene·

81 3556 262 3625 dictione
283 3562 441 3626 salictitas
465 3562 657 3642 continetur,
687 3565 777 3648 cujus
800 3563 989 3648 dignatione
1011 3560 1175 3645 perstricti
1197 3559 1302 3624 sancti
1325 3581 1390 3623 non

83 3654 281 3728 immerite
307 3668 547 3749 nuncupantur.
598 3665 660 3729 Per
693 3667 777 3729 hanc
809 3666 939 3750 quidam
973 3665 1070 3728 etiam
1102 3661 1392 3727 sanctificationem

90 3795 248 3813 N..-..-.
260 3807 425 3813 ------.-..

184 3889 218 3956 ⁸⁰)
238 3887 283 3940 na
305 3886 486 3949 correximus,
512 3886 561 3940 ubi
584 3885 631 3940 alii
654 3908 731 3957 perae,
754 3891 783 3941 a³
805 3884 1026 3941 substituendum
1052 3885 1080 3938 in
1099 3883 1226 3953 margine
1244 3884 1391 3955 adscripsit

88 3984 204 4043 quae.

184 4060 218 4126 ⁶¹)
238 4056 298 4111 Hoc
316 4059 359 4112 est
374 4063 528 4126 spiritalem,
553 4074 608 4125 qua
626 4055 734 4112 scilicet
750 4058 833 4111 homo
851 4056 1000 4127 principali
1021 4059 1103 4127 parte
1120 4073 1169 4110 sua
1188 4058 1216 4110 ct
1235 4058 1320 4127 prout
1337 4055 1389 4126 spi·

87 4138 187 4195 ritus
211 4142 255 4196 est
275 4141 335 4196 Deo
358 4140 504 4208 adhaeret,
532 4159 598 4196 vero
621 4141 694 4194 illius
717 4142 801 4196 cultiri
825 4141 959 4196 addictus.
1000 4141 1105 4195 Eadem
1127 4140 1258 4208 loquendi
1281 4141 1389 4194 ratione

90 4230 192 4285 ¹lum.
213 4233 245 4280 14
265 4231 420 4295 principalis
440 4232 580 4294 fornicatio
603 4226 774 4297 appellatur,
803 4246 859 4296 qua
881 4227 974 4280 anima
1000 4226 1079 4296 pravi
1103 4225 1215 4294 spiritus
1239 4225 1325 4279 cultui
1347 4232 1389 4278 cst

88 4302 227 4375 dedra,
250 4314 279 4365 at
300 4311 375 4382 apud
397 4313 550 4382 propbetas
573 4312 732 4366 idololatria
750 4312 911 4382 saepissime
932 4317 1071 4378 fornicatio
1090 4311 1134 4364 vel
1151 4315 1302 4364 aeterternam
1321 4329 1388 4363 nun-

89 4397 244 4466 Qurpatnr.

183 4483 217 4551 ⁶²)
236 4481 311 4535 Infra
328 4500 354 4535 n.
366 4487 399 4535 26
416 4481 540 4536 Ecclesia
557 4501 619 4536 cum
632 4483 740 4537 Christo
759 4501 815 4537 una
833 4501 897 4537 earo
916 4480 1094 4552 praedicatur
1111 4487 1182 4535 sacri
1197 4488 1252 4550 Iope
1265 4485 1385 4550 conjugit.

88 4554 253 4628 Quocirca
270 4565 356 4621 etiam
374 4566 419 4621 hie
437 4572 516 4621 dictat
532 4584 587 4621 non
606 4573 691 4623 diuino
715 4568 863 4637 legendum
882 4566 1083 4633 existimamus,
1102 4569 1187 4634 atque
1206 4567 1278 4618 lianc
1297 4565 1385 4618 locum

88 4637 157 4707 ita
172 4651 387 4720 intelligendum
406 4669 479 4705 esse:
498 4658 630 4721 lepitimmn
648 4674 697 4708 non
716 4661 830 4708 aestimet
848 4659 934 4707 aarum
952 4673 1005 4706 cram
1027 4658 1124 4706 tanciae
1144 4657 1298 4719 conjapiam,
1320 4655 1388 4719 qaod

41 4752 50 4763 “
87 4731 305 4807 “aspiritalis
322 4743 435 4806 conjaptr'
451 4757 504 4790 cam
524 4741 577 4791 lieo
594 4751 708 4807 respuat.

183 4825 217 4892 ⁸⁸)
236 4822 304 4876 Cum
323 4822 355 4875 G'
377 4822 504 4876 addimus
523 4829 567 4876 ait.

182 4910 216 4975 ⁸⁴)
235 4908 270 4961 (i'
290 4918 429 4969 anamael,
448 4905 522 4959 auris
540 4923 624 4961 error.
