3450 5678
264 319 324 383 118
594 331 729 379 11011111
752 328 904 378 1111111
928 330 964 377 ru
987 328 1194 379 uonnlsoan

263 506 345 553 caret.
376 496 429 551 Sed
445 494 559 572 adpvihd
575 493 648 550 aliud
664 492 777 568 profecit
793 492 851 565 ejus
867 491 1027 556 lucubratio,
1044 493 1095 547 nisi
1110 499 1141 547 ut
1156 507 1224 565 quac
1235 490 1270 547 de
1281 493 1363 548 sociis
1374 490 1435 563 ejus
1443 491 1541 549 scribit

264 581 413 645 hormisda,
430 582 457 637 in
473 582 562 655 ipsum
577 581 656 635 ctiam
672 580 816 635 convenire
831 578 918 653 palam
935 576 1021 634 heret.
1056 577 1104 632 Vix
1120 577 1191 633 enim
1208 593 1323 650 unquam
1339 576 1435 635 sedato
1450 578 1540 653 loqui·

264 678 309 724 tur
329 669 417 723 animo
440 675 468 722 et
488 667 610 722 sinistras
631 666 755 743 horariis
774 663 988 720 adversariorum
1014 664 1156 719 sententiis
1178 663 1417 739 interpretationes
1439 664 1540 739 passim

264 752 378 829 affingit.
415 751 534 808 Primum
550 750 707 806 Hormisdae
723 767 822 806 nomen
837 748 1002 805 dedecorare
1017 765 1046 804 se
1062 749 1135 805 nolle
1150 748 1287 813 simulans,
1314 748 1384 805 hanc
1398 750 1423 805 ei
1437 750 1541 824 episto·

264 840 316 897 iarn
332 837 478 894 attribuere
495 854 549 892 nou
565 836 655 898 audet,
677 834 724 891 sed
741 834 772 890 ab
788 835 929 890 haereticis
945 833 1088 891 confictam
1101 833 1216 906 jactitat.
1262 834 1360 890 Verum
1381 835 1448 893 licet
1468 834 1541 893 aliud

265 927 353 981 animo
368 925 483 979 sentiret
503 922 726 997 prospiceretque
753 919 779 976 id
795 921 894 976 nemini
910 920 987 976 facile
1007 935 1165 995 persuasum
1187 921 1228 983 iri,
1248 919 1334 977 nihilo
1350 929 1441 977 tamen
1456 919 1541 992 majo·

265 1027 321 1067 rem
336 1011 450 1065 servavit
465 1007 584 1071 morium,
602 1024 656 1081 quo
673 1023 777 1062 summo
794 1004 924 1080 pontilici,
941 1023 1024 1079 quum
1037 1004 1071 1061 ob
1084 1004 1243 1080 dignitatem
1259 1015 1315 1063 tum
1327 1004 1362 1062 ob
1373 1005 1542 1081 sagunen

266 1098 333 1152 vitae
350 1095 532 1168 integritatem
548 1095 627 1150 otiam
643 1092 713 1166 apud
729 1099 858 1166 augustas
880 1108 1010 1165 personas
1032 1090 1229 1154 commendato.
1250 1090 1367 1149 debitam
1389 1094 1543 1149 veneratio-

265 1199 325 1237 nem
342 1188 369 1236 et
386 1178 580 1236 observantiam
597 1177 745 1233 exhiberet.
783 1177 865 1232 lnrmo
888 1193 939 1233 nec
959 1176 1027 1233 illud
1048 1174 1182 1233 aidrmaro
1202 1186 1327 1241 veretur,
1349 1179 1406 1235 sive
1421 1175 1456 1234 ab
1471 1176 1543 1235 llor-

266 1266 350 1322 misda
375 1266 430 1321 sive
456 1263 488 1319 ab
509 1264 561 1321 alio
583 1265 683 1336 scripta
703 1264 739 1318 sit
762 1263 827 1319 haee
847 1262 975 1336 epistola,
1007 1271 1157 1319 auctorem
1177 1266 1246 1337 ejus
1266 1278 1329 1320 esse
1348 1264 1543 1321 haereticum.

265 1351 398 1407 Mendacio
413 1359 499 1413 taceo,
521 1348 673 1423 cujusmodi
694 1357 759 1404 sunt
774 1347 853 1403 verba
868 1349 895 1403 in
911 1349 1078 1423 superiorem
1095 1347 1236 1422 epistolam
1256 1367 1271 1404 a
1286 1347 1363 1405 uobis
1375 1347 1432 1420 jam
1447 1348 1543 1413 relata.

265 1453 333 1511 equae
349 1435 518 1492 llormisdam
534 1434 663 1491 ariversus
676 1433 833 1490 {dioscorum
849 1432 991 1490 diaconum
1007 1433 1154 1508 protulisse
1171 1433 1313 1498 fabulatur.
1330 1442 1357 1490 et
1372 1434 1422 1491 alia
1434 1434 1542 1493 similia.

266 1522 299 1577 En
316 1521 423 1596 quidem
439 1520 470 1576 ab
486 1520 534 1576 iilo
550 1521 702 1594 excogitata
718 1520 824 1576 minime
840 1518 1016 1583 crediderim:
1039 1519 1088 1575 sed
1110 1519 1172 1575 inde
1192 1521 1314 1577 excusari
1336 1520 1442 1594 nequit.
1466 1520 1544 1595 quod

265 1617 293 1664 et
308 1609 334 1663 iu
351 1609 383 1663 iis
399 1606 571 1662 admittendis
587 1604 723 1662 credulior
738 1611 764 1660 et
781 1606 807 1660 in
824 1604 917 1661 iisdem
933 1604 1100 1679 publicandis
1117 1605 1219 1662 iacilior
1234 1605 1325 1662 iucrit.

350 1710 379 1766 3.
417 1709 549 1764 assentiri
572 1717 660 1763 tamen
681 1723 788 1784 nequeo
809 1706 922 1764 baronio
944 1706 977 1763 de
1000 1709 1060 1781 ipso
1076 1707 1208 1763 blarentio
1229 1725 1260 1764 ac
1280 1707 1388 1783 Scythis
1408 1709 1493 1765 sociis
1508 1709 1544 1765 ad

265 1814 327 1852 anti.
345 1795 406 1852 519
420 1794 578 1850 aiiirmanti:
608 1794 701 1849 Plane
717 1797 894 1865 comperitur
908 1796 996 1867 sipnis
1010 1794 1091 1849 band
1105 1794 1235 1852 obscnris
1250 1802 1278 1851 et
1298 1798 1479 1868 arcitenentis
1492 1799 1542 1851 nri·

265 1885 339 1938 rrirrie
362 1872 568 1951 dnbiir,'ipsos
589 1879 789 1952 Eutychianos
806 1879 903 1952 fnisse
922 1880 1095 1946 haereticos.
1136 1878 1228 1953 h'eque
1251 1880 1322 1935 enim
1343 1888 1463 1954 apparet.
1485 1897 1544 1955 quo

256 1974 345 2041 'paeto
368 1964 526 2038 Eutychiani
546 1963 638 2023 audire
659 1963 782 2028 debeant,
807 1966 853 2038 qui
869 1963 1001 2020 distentio
1024 1972 1093 2020 teste
1108 1965 1135 2020 in
1151 1982 1223 2039 resp.
1252 1964 1379 2022 adversus
1400 1965 1472 2022 banc
1485 1968 1544 2041 epi·

265 2051 362 2108 stolam
372 2054 467 2123 juxta
483 2053 579 2106 divina
595 2052 709 2123 etoquia
724 2057 751 2106 et
772 2056 940 2107 sanctornm
953 2057 1071 2122 potrum
1097 2052 1267 2108 traditiones
1292 2051 1436 2108 Christum
1449 2054 1544 2125 filiurn

268 2139 327 2207 lici,
350 2151 433 2211 quem
449 2140 477 2192 in
492 2136 635 2193 duabus
649 2154 667 2191 a
677 2154 694 2191 a
704 2139 780 2193 tari
785 2153 800 2193 s
815 2138 1007 2193 essentialiter
1026 2139 1085 2192 sine
1100 2139 1193 2208 juata
1210 2140 1440 2209 compositionem
1455 2141 1544 2195 anilis

267 2230 293 2279 rt
309 2222 474 2295 inconfusis
495 2223 577 2278 docet
597 2223 670 2294 fides
685 2222 837 2292 catholiea,
861 2224 1044 2294 confitentur.
1082 2221 1120 2277 lta
1135 2221 1281 2296 legendum
1298 2230 1374 2296 puto,
1395 2237 1452 2278 aon
1468 2230 1502 2279 ut
1516 2224 1544 2281 in

266 2307 389 2364 biblioth.
407 2316 475 2381 patr.
492 2309 587 2379 juxta
604 2310 833 2379 compositionem
849 2311 984 2364 unitionis
1000 2315 1026 2364 at
1041 2307 1281 2380 inconfusionen
1297 2316 1343 2364 aut
1359 2316 1389 2363 ut
1403 2307 1476 2381 apud
1491 2306 1544 2365 Co·

266 2393 388 2449 chiaeum
405 2395 431 2448 in
448 2391 715 2467 orthodoxographia
725 2395 819 2464 jueta
833 2391 1062 2467 compositionem
1078 2396 1213 2449 unitionis
1228 2401 1256 2449 et
1269 2393 1443 2466 inconfusis.
1464 2391 1544 2451 Prae·

267 2490 339 2535 terea
360 2479 391 2533 iis
407 2477 590 2552 Eutychianos
607 2479 784 2534 exsecrationi
800 2495 868 2542 csse,
890 2477 1025 2553 professio
1046 2477 1080 2534 de
1101 2477 1217 2541 Christo,
1241 2495 1320 2553 quarn
1335 2478 1474 2535 lohannes
1490 2478 1544 2535 lla-

267 2564 373 2620 nentius
389 2565 526 2620 sociorum
542 2564 621 2618 etiam
637 2564 745 2619 nomine
760 2562 852 2627 edidit,
869 2573 1029 2638 argumento
1045 2572 1095 2626 cst,
1114 2573 1144 2619 ut
1159 2564 1201 2620 vel
1215 2562 1295 2620 verba
1306 2562 1402 2620 exinde
1414 2573 1544 2641 excerqvta

266 2658 293 2706 ct
308 2666 390 2724 supra
404 2650 432 2705 in
448 2647 589 2723 epistolam
605 2648 646 2707 30
662 2647 759 2704 Gelasii
775 2667 801 2705 n.
819 2650 838 2706 5
855 2649 922 2721 (not.
939 2648 989 2721 11)
1006 2649 1090 2705 relata
1106 2648 1184 2706 dalem
1201 2649 1312 2706 iaciunt.
1342 2648 1375 2705 Et
1391 2666 1458 2707 vero
1473 2649 1544 2708 llor-

267 2733 360 2798 misda,
378 2752 461 2809 quum
477 2751 524 2791 eos
540 2735 619 2789 animi
635 2735 788 2808 pertinacis.
807 2734 955 2791 turbulenti
971 2745 999 2791 et
1014 2737 1135 2809 inquieti,
1151 2752 1245 2809 parcre
1260 2736 1405 2792 nescientis
1421 2752 1453 2792 ac
1467 2738 1544 2793 trovi·

268 2830 351 2878 tatunr
372 2821 484 2877 amantis
506 2818 653 2881 insimulet.
675 2837 807 2893 nusquam
830 2829 918 2877 tamen
939 2819 992 2876 iilis
1015 2818 1159 2877 lvacrcseos
1181 2820 1266 2877 labem
1281 2822 1373 2884 inurit,
1403 2838 1543 2896 nunquam

266 2909 346 2962 etiam
361 2924 421 2962 eum
438 2907 476 2962 eis
492 2905 566 2962 velut
581 2923 642 2961 eum
659 2906 880 2981 haereticisagit.
904 2904 954 2974 uui
970 2908 1040 2962 enim
1056 2923 1116 2962 cum
1132 2906 1199 2968 aliis,
1216 2906 1262 2980 qui
1276 2908 1397 2980 suspecti
1409 2908 1544 2983 tantisper

267 2999 352 3057 crunt,
370 2992 586 3049 communionem
601 2990 769 3065 suspendere
785 2999 971 3055 consueverat.
989 2991 1115 3066 quamdiu
1130 2992 1180 3048 hos
1196 2991 1342 3049 monachos
1357 2990 1458 3049 homae
1474 2992 1543 3051 dcti-

266 3080 334 3142 rruit,
357 3078 410 3134 hoc
426 3086 467 3134 cst
480 3093 537 3150 per
552 3079 771 3152 quattuordecim
783 3094 860 3151 pene
875 3093 996 3149 menses,
1018 3094 1065 3133 eos
1082 3095 1183 3142 secum,
1207 3086 1236 3134 ut
1251 3076 1399 3134 Maxentius
1416 3085 1543 3141 vnum.

266 3165 465 3221 communicare
480 3163 611 3238 permisit.
646 3161 698 3219 Sed
715 3179 803 3237 neque
820 3172 965 3238 postquam
981 3180 1013 3220 ex
1030 3163 1095 3220 urbe
1111 3164 1302 3227 discesserunt.
1324 3162 1436 3221 eosdem
1451 3162 1486 3221 ab
1500 3181 1543 3223 aa·

265 3250 363 3306 etesiae
379 3250 569 3307 commuuione
586 3249 732 3305 removisse
748 3249 858 3323 legitur.

351 3351 380 3407 4.
413 3348 530 3407 Eatenus
546 3359 649 3407 tantum
665 3352 811 3407 existimari
832 3361 949 3425 possunt
971 3351 1140 3426 Eutychianis
1156 3351 1261 3415 iuvisse,
1284 3360 1418 3426 quatenus
1433 3352 1543 3411 Calche-

265 3438 387 3493 donensc
403 3436 546 3493 concilium
570 3453 623 3493 rron
644 3435 771 3493 sulficere
793 3437 914 3493 volentes
936 3455 969 3492 eo
986 3447 1064 3512 paeto
1079 3454 1187 3513 semper
1202 3436 1360 3495 inducendis
1375 3438 1541 3496 novitatibus

266 3525 356 3581 iocum
371 3529 463 3596 patere
484 3523 675 3596 permiserunt,
699 3521 770 3579 unde
791 3523 877 3587 tieret,
900 3532 928 3578 ut
950 3524 1015 3579 nihil
1037 3525 1064 3579 in
1081 3522 1132 3580 1111
1147 3531 1240 3580 nostra
1260 3525 1327 3579 certi
1343 3526 1541 3600 constitutique

266 3616 346 3666 esset.
389 3606 421 3663 Et
443 3624 500 3663 earn
524 3606 632 3681 quidem
654 3610 766 3665 inanime
793 3606 827 3664 oh
848 3625 955 3664 eausam
978 3611 1073 3665 merito
1096 3608 1293 3683 displicuerunt
1308 3607 1478 3675 Hormisdao.
1497 3613 1541 3668 cui

266 3694 331 3752 1111111
352 3694 489 3768 antiquius
505 3693 565 3758 init,
585 3710 664 3767 quam
685 3703 715 3750 ut
735 3693 932 3750 haereticorum
954 3694 1167 3769 inquietudinem
1182 3693 1352 3769 synodalium
1368 3693 1542 3754 decretorum

266 3781 388 3837 terminis
404 3781 566 3836 contineret.
598 3779 729 3847 Quocirca
745 3779 864 3853 prudeus
879 3779 925 3836 iile
941 3798 1007 3855 papa
1023 3782 1159 3854 sapienter
1174 3797 1224 3855 pro
1240 3797 1270 3836 ea
1287 3789 1448 3855 tempestate
1463 3784 1542 3845 cavit,

267 3865 548 3929 accommodatum,
573 3883 627 3940 quo
649 3884 736 3922 nerum
753 3881 792 3923 en
810 3866 835 3921 Τ
833 3869 950 3922 rinitate
968 3885 1024 3939 pro
1041 3868 1122 3924 nobis
1137 3869 1311 3939 crucifixam
1332 3866 1382 3922 diri
1406 3866 1542 3931 volebant,

266 3960 313 4005 aut
327 3950 510 4024 respuendum
528 3960 574 4006 aut
589 3950 782 4007 admittendum
799 3951 966 4007 decerneret.
998 3954 1032 4007 ht
1047 3969 1095 4007 eur
1110 3952 1144 4008 de
1159 3952 1356 4007 commentariis
1373 3953 1399 4008 in
1413 3952 1542 4026 epistolas

266 4035 336 4091 beati
351 4035 435 4097 Pauli,
453 4054 519 4109 quas
537 4044 614 4092 annea
636 4036 783 4093 Possessor
799 4038 916 4100 irriserat.
933 4047 960 4092 et
981 4037 1014 4093 dn
1032 4037 1130 4112 quihus
1147 4036 1210 4111 quid
1226 4038 1339 4094 sentiret
1355 4038 1456 4095 rescire
1472 4037 1544 4096 desi·

266 4119 385 4183 derabat,
402 4118 468 4176 nihii
485 4123 548 4177 item
564 4120 746 4195 responderit,
762 4139 841 4179 cansa
857 4122 935 4178 nobis
951 4123 1025 4179 latet.

351 4221 379 4279 5.
412 4221 483 4279 llaec
505 4224 618 4298 epistola
636 4241 651 4279 a
667 4223 800 4282 Cochlaeo
816 4226 930 4299 primunt
948 4242 1018 4282 antro
1037 4226 1117 4282 1555
1135 4243 1198 4283 cusa
1215 4225 1264 4281 luit
1281 4225 1544 4303 Orthodorograph.

266 4319 331 4366 toni.
348 4308 357 4363 1
376 4325 440 4383 pag.
459 4308 528 4371 708,
555 4308 687 4366 iohannis
704 4310 827 4367 Maxentii
843 4310 875 4366 ed
891 4310 1010 4367 enodem
1026 4313 1198 4385 responsioni
1213 4312 1369 4386 praemissa.
1400 4310 1500 4369 Postea
1515 4322 1544 4369 et

266 4395 365 4451 hornae
380 4412 395 4450 e
410 4393 528 4451 Vaticani
543 4395 644 4451 codicis
660 4394 711 4451 lide
728 4414 798 4452 arrrvo
816 4397 894 4453 15111
912 4413 1007 4453 recusa
1023 4407 1074 4453 est.
1107 4396 1169 4453 Earn
1185 4406 1212 4452 et
1227 4396 1376 4453 hareutius
1391 4396 1418 4453 in
1434 4414 1485 4453 sua
1500 4415 1544 4456 re·

266 4482 414 4557 sponsione
430 4497 498 4554 pene
515 4489 597 4537 totam
613 4480 645 4536 ad
662 4481 771 4538 verbum
788 4484 938 4558 exscripsit,
954 4492 1035 4557 atque
1052 4483 1102 4539 hoe
1119 4500 1187 4557 epm
1204 4499 1257 4540 non
1275 4483 1402 4540 mediocri
1417 4481 1544 4541 subsidio

266 4568 325 4632 luit,
343 4577 371 4626 ut
389 4569 435 4642 qui
451 4566 493 4623 vel
509 4568 597 4625 vitiosi
614 4567 655 4624 vel
671 4567 793 4625 mendosi
808 4578 968 4643 supererant
983 4569 1044 4631 loci.
1065 4577 1234 4625 servarentur.

391 4702 430 4764 In
450 4701 638 4764 Hormisdao
659 4718 760 4781 papas
783 4703 948 4782 epistolem
969 4701 1022 4763 125
1045 4699 1147 4784 (Beer.
1163 4708 1198 4762 dc
1213 4707 1279 4762 tior.
1295 4698 1412 4783 recep).

354 4826 380 4881 1.
412 4824 441 4883 ln
457 4826 598 4899 epistolam
614 4824 654 4882 42
672 4824 769 4882 Geiasii
784 4824 906 4899 pluribus
922 4824 1102 4900 probavimus,
1125 4836 1228 4883 veteres
1250 4825 1359 4882 codices
1374 4825 1429 4880 sive
1444 4825 1544 4885 luren-

268 4926 323 4967 sem
339 4910 446 4968 al‘etro
462 4910 604 4970 l‘ranciseo
620 4910 755 4968 Chiidctio
771 4913 842 4968 inter
856 4912 1045 4969 arrnotationes
1057 4912 1215 4988 inl'igilium
1232 4911 1394 4986 Tnpsensetu
1406 4928 1471 4987 pag.
1481 4910 1544 4973 ltu
