3412 5664
315 321 378 389 326
793 338 821 384 s.
838 334 978 384 annisu
1002 333 1115 383 aaran

207 513 301 564 anos.
315 496 400 560 inter
431 494 502 578 ipsa
534 492 711 557 recentium
744 490 963 555 calamitatum
996 491 1156 554 ferventia
1187 489 1331 575 pericula
1366 492 1500 578 comperi

316 593 576 684 perniciosiorem
598 593 742 658 diabolus
766 592 1023 658 Christianorum
1050 592 1214 658 mentibus
1236 593 1360 677 labem,
1397 614 1488 679 qnam

316 699 447 785 poribus
469 698 594 762 hostilis
617 696 739 779 feritas
764 697 930 781 irrogavit.
968 695 1059 771 Quod
1073 695 1193 760 malum
1215 694 1440 780 principaliter
1459 696 1500 762 illr

317 802 484 887 regionum
506 800 636 884 respicit
659 799 851 882 sacerdotes,
884 799 938 883 qui
960 801 1054 863 tanta
1076 798 1217 883 segnitia
1239 800 1395 883 tantaque
1416 798 1500 865 mini

317 904 567 969 dissimulatione
591 902 731 986 suscepti
755 903 994 967 commissarum
1017 901 1078 965 sibi
1101 900 1277 987 negligunt
1298 901 1444 987 regimen
1466 924 1500 967 au

316 1029 403 1089 rum,
432 1010 467 1069 ut
490 1027 544 1069 eas
567 1005 664 1069 etiam
687 1004 728 1067 ab
751 1004 876 1089 exiguis
899 1004 1077 1089 quibusque
1103 1002 1249 1067 bestiolis
1275 1004 1412 1069 lacerari
1433 1005 1493 1071 sub

316 1106 477 1194 spectibus
505 1108 570 1172 suis
598 1108 730 1193 impunc
753 1108 935 1191 patientum
972 1104 1149 1191 quinimmo
1176 1106 1387 1192 subrepentes
1415 1129 1500 1195 neqn

317 1210 547 1290 confovendo²l
576 1213 609 1274 et
636 1209 901 1294 depravatoribus
933 1208 1165 1293 acquiescendo
1198 1208 1358 1294 fidelium,
1393 1232 1460 1275 non
1486 1232 1500 1275 n

314 1314 445 1379 minime
464 1312 643 1396 retrahant,
669 1313 723 1376 sed
746 1313 806 1397 ipsi
831 1313 935 1398 magis
958 1312 1137 1396 praebeant
1157 1312 1289 1396 proprio
1303 1313 1500 1378 nutrimenta

316 1417 447 1482 ditionis
471 1415 625 1499 exemplo.

399 1518 431 1583 2.
469 1517 550 1594 Quid
574 1521 681 1582 autem
703 1518 785 1581 tales
808 1521 916 1582 essent
932 1518 1035 1583 acturi
1050 1517 1230 1600 pontifices,
1255 1517 1293 1602 si,
1318 1519 1402 1603 quod
1419 1519 1500 1585 absit

316 1622 423 1706 aliqua
446 1642 528 1686 nova
550 1622 651 1705 pestis
679 1623 712 1683 et
739 1620 888 1703 primitus
916 1620 1067 1704 ignorata
1095 1623 1335 1705 prorumperet,
1371 1621 1421 1685 vel
1448 1621 1500 1708 ing

316 1724 490 1789 acrioribus
513 1723 722 1807 sensibusque
748 1721 886 1786 versutis
914 1726 970 1785 aut
998 1721 1104 1807 aliqua
1131 1722 1342 1788 saecularium
1369 1722 1500 1788 doctrin

314 1825 430 1911 peritia
454 1824 578 1891 callidis
600 1824 758 1909 sacrilega
780 1822 1054 1908 blasphemiarum
1076 1824 1163 1888 dicta
1185 1828 1421 1910 promerentur,
1444 1825 1499 1913 qui

315 1929 431 1992 veteris
460 1928 576 1992 erroris
584 1928 609 2012 ³)
639 1927 757 1991 detrita
786 1931 980 2010 commenta,
1015 1930 1146 2012 tamque
1179 1927 1354 2012 maj0ribus
1383 1927 1500 1995 ecclesi

315 2030 480 2115 magistris
503 2052 598 2114 quam
621 2029 720 2094 etiam
740 2033 853 2093 nostra
877 2032 982 2094 aetate
1005 2029 1163 2113 convicta,
1192 2052 1259 2095 non
1287 2030 1437 2096 recolunt
1459 2050 1500 2096 ne

315 2134 435 2216 futant,
460 2137 555 2217 atque
578 2133 618 2196 ab
642 2132 800 2217 imperitis
823 2132 991 2217 stultisque
1014 2132 1141 2216 prolata
1162 2153 1230 2196 non
1251 2137 1419 2217 respuunt.
1458 2133 1500 2199 Gr

316 2235 528 2319 omnipotenti
558 2234 643 2317 Deo,
679 2234 831 2319 quoniam
859 2256 987 2298 suorum
1016 2234 1112 2298 corda
1138 2256 1195 2319 per
1223 2232 1408 2318 hujusmodi
1436 2257 1500 2321 perr

317 2336 496 2419 examinat,
528 2336 580 2420 qui
611 2336 670 2400 hoc
698 2338 804 2421 ipsum
826 2336 913 2400 virus
935 2337 1130 2422 nescisne),
1161 2335 1244 2421 qnod
1267 2335 1460 2421 loquuntur!

316 2439 391 2525 quid
413 2439 559 2504 iacerent
581 2439 771 2523 populorum
793 2438 956 2523 praesules
979 2438 1038 2503 sub
1061 2437 1270 2503 astutioribus
1292 2437 1445 2523 inimicis,
1477 2462 1500 2527 q‘

316 2541 492 2625 subjiciunt
514 2540 652 2605 libenter
679 2540 841 2607 indoctis?
885 2540 1020 2617 Quando
1042 2540 1152 2626 utique
1159 2592 1168 2623 ,
1197 2540 1325 2605 etiamsi
1346 2543 1442 2607 tanta
1463 2564 1500 2608 en

316 2643 493 2709 rectoribus
513 2642 665 2708 dominici
688 2644 796 2728 gregis
812 2664 941 2728 prorsus
957 2643 1099 2728 ignavia,
1124 2648 1160 2708 ut
1182 2666 1240 2708 nec
1249 2645 1276 2730 ⁵)
1298 2647 1368 2709 tam
1384 2645 1500 2711 vileml

315 2751 442 2831 temque
464 2767 637 2830 personam
658 2747 784 2831 possint
807 2746 856 2810 vel
878 2745 1067 2831 intellegere
1090 2747 1141 2810 vel
1162 2745 1303 2830 frenare,
1334 2746 1488 2832 pastorali

316 2849 486 2914 debuerint
508 2848 641 2913 anobis
665 2849 888 2935 cognoscenda
910 2848 1105 2933 perquirere,
1135 2870 1231 2933 quarn
1253 2834 1458 2917 suasionibus
1477 2849 1500 2916 ir

286 2983 289 2987 ·
317 2953 496 3018 sideranter
519 2951 666 3016 absurdis
689 2951 819 3016 facilem
841 2951 1030 3017 submittere
1053 2952 1265 3017 voluntatem.

400 3056 431 3120 3.
481 3054 616 3120 Oblatas
645 3059 695 3119 cst
727 3055 813 3119 enim
840 3054 933 3119 nobis
961 3053 1153 3119 miserabilis
1180 3075 1280 3119 senex
1301 3053 1429 3122 Seneca
1448 3076 1500 3122 nor

316 3157 371 3242 qui
392 3179 459 3222 nou
481 3157 575 3221 modo
596 3158 696 3222 totius
719 3162 851 3223 sanctae
880 3156 1069 3222 eruditionis
1097 3157 1221 3222 alienus
1254 3157 1310 3222 sed
1338 3158 1440 3243 ipsius
1467 3180 1500 3245 qt

316 3259 554 3345 intelligentiae
577 3261 753 3324 communis
775 3281 905 3344 prorsus
928 3264 1116 3344 extraneus,
1149 3260 1185 3323 in
1207 3257 1405 3346 Pelaginnae
1427 3281 1500 3327 vora

218 3351 303 3472 ,iffi-
318 3384 433 3445 coeno,
458 3363 540 3427 sicut
563 3362 602 3428 de
624 3362 815 3448 quibusdam
837 3363 872 3427 in
894 3361 1090 3447 Apocalypsi
1113 3361 1268 3447 legimus,
1299 3362 1479 3429 volutans

251 3460 256 3481 '
297 3463 388 3529 'rum
409 3465 630 3550 imprudenter
652 3466 838 3547 immersus,
865 3465 963 3549 inque
991 3465 1047 3528 illa
1076 3464 1166 3529 faece
1194 3463 1393 3530 horribiliter
1416 3464 1500 3532 volut

317 3566 501 3632 nullatenus
524 3567 598 3631 inde
621 3567 759 3652 qualiter
781 3588 944 3652 emergere
966 3571 1075 3651 posset
1095 3566 1281 3650 inveniens3
1310 3567 1388 3651 quia
1416 3568 1500 3653 purit

317 3667 501 3753 relinquens
534 3669 710 3734 catholicae
744 3669 905 3751 veritat-ie,
944 3674 1066 3752 quanto
1096 3692 1129 3734 se
1156 3691 1214 3754 per
1246 3668 1407 3733 lubricum
1442 3670 1500 3737 falc

318 3773 453 3835 conatur
481 3771 644 3854 attollere,
679 3775 772 3836 tanto
794 3772 898 3857 magis
928 3771 996 3855 ejus
1024 3771 1138 3836 lutosis
1159 3770 1261 3835 foveis
1285 3770 1500 3841 circumcluso

315 3992 403 4046 regno
420 3976 494 4031 inter
512 3993 542 4031 se
560 3976 749 4031 decertabant.
793 3974 847 4030 Sed
871 3976 959 4029 morte
980 3974 1107 4041 Odacris‚
1138 3975 1184 4042 qui
1208 3975 1260 4031 hoc
1279 3992 1353 4030 auno
1371 3982 1427 4034 493
1446 3995 1500 4034 exa

317 4063 367 4129 est,
384 4062 510 4116 incursus
527 4061 568 4115 illi
586 4062 759 4131 quieverunt.

383 4150 404 4215 ²)
424 4148 466 4202 Ita
484 4148 532 4213 G'3
551 4148 581 4201 at
598 4148 616 4200 b
637 4153 810 4216 componendo
829 4149 857 4201 et
876 4161 939 4199 mox
958 4163 1020 4200 cum
1038 4145 1100 4200 aliis
1118 4144 1199 4201 edilis
1218 4153 1363 4220 non-solum
1380 4167 1431 4203 eus
1450 4158 1500 4207 nia

316 4239 444 4301 ecclipsis
461 4237 604 4301 praebeant
622 4239 740 4302 propria.
777 4231 843 4285 Mox
861 4230 895 4285 G¹
915 4237 954 4285 uel
971 4236 1040 4301 quod
1056 4237 1172 4301 ingeniis.

385 4319 405 4381 ³)
423 4317 523 4372 Leonis
542 4317 620 4388 epist.
637 4326 649 4371 l
670 4318 706 4372 ad
722 4316 929 4384 AquileJ'ensem
947 4315 1110 4386 episcopum
1127 4317 1227 4384 recole,
1245 4317 1295 4371 ubi
1312 4324 1369 4371 Μ
1387 4317 1500 4392 Pelasgi

317 4409 429 4457 excisam
447 4409 504 4457 olim
522 4408 612 4470 depacti
631 4403 747 4471 ejusque
764 4400 870 4472 placita
887 4407 1015 4455 exstinctu
1032 4409 1164 4467 scandala,
1184 4419 1201 4456 a
1218 4401 1351 4472 pontifice
1371 4390 1500 4475 appella

317 4520 350 4528 —
367 4487 433 4541 Mox
451 4487 518 4542 editi
535 4476 636 4557 pretim
654 4491 709 4541 Deo
728 4493 831 4555 aminare,
849 4486 896 4540 ubi
915 4487 943 4540 in
961 4486 995 4541 G*
1015 4487 1094 4541 deest
1111 4493 1215 4556 opimus.

385 4575 406 4635 ‘J
424 4572 501 4627 Haec
518 4572 657 4627 sentent-ia
674 4571 787 4626 iuferius
806 4571 968 4642 explicatur,
992 4571 1040 4625 ubi
1058 4588 1152 4626 senem
1170 4572 1205 4627 de
1223 4571 1267 4626 his
1284 4571 1412 4642 venenis,
1432 4594 1500 4649 qua«

316 4658 409 4714 hausit
432 4661 461 4712 ct
483 4658 600 4721 vomuit,
629 4657 733 4711 nullam
760 4657 897 4712 rationem
924 4658 967 4712 vcl
994 4657 1119 4728 accipere
1146 4657 1239 4713 valere
1265 4656 1379 4714 omnino
1409 4663 1459 4719 rel
1482 4682 1500 4720 n

318 4744 425 4799 (licitur.

386 4830 534 4897 ⁵)1taG13
559 4828 625 4882 editi
649 4850 679 4882 ne
702 4840 752 4882 tum
825 4836 909 4896 polius
930 4836 1066 4899 pastorali.
1102 4831 1143 4884 Aa
1164 4829 1307 4885 subaudiri
1329 4831 1500 4901 frequente:

319 4914 426 4970 veteres
443 4920 536 4985 potius,
554 4914 652 4970 notum
670 4921 718 4969 est.
756 4913 861 4969 Deinde
880 4914 948 4970 editi
966 4922 1042 4972 toriae
1060 4927 1099 4972 eet
1117 4921 1266 4973 eruditionis
1337 4923 1500 4989 capuceum
