3412 5664
315 294 377 359 63ss
742 310 769 358 s,
786 310 969 359 russanen
993 312 1017 357 u
1041 310 1153 357 aaran

207 491 231 528 a.
243 479 300 529 493.
313 471 477 545 prudentio
499 471 604 529 curuis
625 486 704 527 ruors
726 476 785 542 est,
812 471 976 543 prudentio
999 476 1097 529 aretem
1118 471 1243 544 spiritus
1264 470 1330 529 uita
1351 476 1383 530 et
1402 486 1494 546 pax:
1523 487 1592 544 quo

315 573 397 630 niam
418 573 568 646 sapientia
590 571 694 629 curnis
714 571 836 630 inimico
857 578 901 629 est
923 574 954 657 ia
970 572 1041 642 Deo,
1066 573 1128 645 lepr'
1146 575 1225 631 enim
1247 572 1307 631 Der·
1327 590 1392 632 aon
1415 573 1589 647 subjicitur,

315 690 370 733 nec
391 675 470 732 enim
488 678 601 747 potes&
638 674 691 745 qur·
716 674 1089 751 arremarensem,
1118 673 1180 733 Deo
1202 674 1333 750 placere
1358 690 1425 734 noa
1451 670 1589 750 pmsrmr.
1656 740 1658 747 ,

316 770 512 853 Intellegant
532 768 632 853 igitur
655 790 726 832 cum
748 768 805 832 tali
820 768 991 853 prudentia
1006 792 1073 852 sua,
1096 792 1160 855 qua
1175 791 1282 852 carne,
1307 792 1394 856 quae
1410 771 1588 835 seeundum
1650 754 1658 879 t

316 871 612 935 condemnationem
634 870 792 955 peccati4)
815 871 848 934 iu
865 871 970 935 Adam
991 872 1095 956 primo
1117 872 1214 937 semel
1235 877 1446 956 mortuaest,
1469 876 1600 958 putant·

313 972 413 1037 vitam
435 972 600 1035 homiuum
624 972 796 1036 contineri:
824 994 857 1037 se
879 995 945 1037 non
967 978 1131 1059 tamquam
1151 974 1297 1039 viventes
1319 972 1384 1040 hoc
1407 974 1513 1060 loqui3
1545 975 1582 1039 si-

314 1074 441 1158 quidem
462 1075 530 1157 ipse
553 1073 715 1157 apostolus
738 1095 791 1137 eos
813 1074 935 1158 doceat,
959 1077 1042 1161 quod
1063 1076 1097 1140 in
1120 1076 1401 1160 praevaricatione
1423 1076 1529 1163 adque
1547 1076 1578 1141 in

315 1175 429 1240 delicto
451 1198 508 1240 suo
530 1176 571 1239 ab
592 1176 686 1240 initio
714 1198 778 1241 non
807 1177 908 1240 solum
935 1179 1004 1262 ipse
1026 1182 1170 1243 mortuus
1187 1178 1246 1262 sit,
1281 1178 1337 1243 sed
1366 1178 1476 1244 omnis
1502 1200 1578 1263 quse

314 1278 355 1341 ab
377 1300 413 1342 eo
435 1278 599 1342 descendit
619 1280 727 1342 futura
749 1279 929 1363 progenieS,
952 1301 1049 1364 quam
1070 1282 1188 1364 putant
1208 1280 1264 1343 isti
1285 1279 1389 1344 vitam
1404 1279 1488 1365 proli
1504 1302 1602 1369 8an

314 1379 507 1462 ministrare,
532 1384 568 1444 ut
590 1402 686 1463 quam
708 1380 769 1463 ipsi
791 1380 827 1444 in
850 1381 955 1445 Adam
978 1381 1195 1466 perdiderunt,
1219 1382 1319 1447 vitam
1341 1382 1471 1466 possint
1489 1403 1615 1467 ρης,

314 1484 400 1545 stare
422 1503 517 1565 quam
539 1504 604 1545 non
626 1482 756 1545 habent.
802 1482 946 1546 Audiant
972 1483 1073 1568 igitur
1099 1482 1160 1549 hoc
1189 1483 1325 1549 eundem
1354 1482 1483 1548 beatum
1502 1506 1626 1573 ap„-

314 1583 430 1647 stolnm
458 1583 632 1647 dicentem:
664 1591 742 1649 sicut
765 1606 823 1663 per·
851 1606 940 1648 sinum
969 1591 1116 1650 hominem
1144 1593 1176 1649 r‘rr
1204 1591 1262 1650 lroc
1289 1591 1403 1649 mundo
1418 1598 1627 1671 peccam,

314 1692 439 1750 introvit
460 1699 488 1750 et
506 1708 564 1766 per
583 1698 738 1765 peccorum
761 1708 850 1764 mors,
875 1700 903 1750 et
923 1694 966 1750 ito
989 1695 1136 1751 irrorares
1156 1709 1238 1751 mors
1255 1693 1448 1767 pertransiit,
1470 1694 1500 1751 r‘a
1512 1714 1627 1777 qm,

314 1808 414 1853 omnes
432 1799 645 1869 peccauerunt.
690 1786 771 1862 Quid
794 1789 833 1852 ad
856 1789 915 1853 lroc
943 1789 1059 1853 mortui
1081 1788 1227 1853 homines
1249 1788 1335 1873 loqui
1357 1790 1502 1873 possunt,
1581 1808 1625 1863 ut

313 1890 547 1954 rationabiliter
569 1890 674 1954 dicere
696 1890 865 1955 videantur
887 1890 1041 1955 transisse
1064 1890 1102 1954 de
1124 1890 1312 1975 parentibus
1333 1891 1452 1973 vItam,
1479 1912 1621 1977 quarn

314 1992 468 2078 magister
490 1991 635 2077 gentium
657 1992 750 2056 docet
771 1991 945 2056 amissam?

221 1561 300 1615 llom.

225 1637 248 1695 s,
261 1636 299 1682 1⁸2.

839 2146 920 2211 (lue.
943 2144 1000 2210 IV.

398 2247 428 2310 7.
465 2246 580 2310 Restat
601 2247 720 2331 itaque,
744 2252 781 2312 ut
800 2250 935 2311 mortem
958 2248 1058 2312 solam
1079 2247 1162 2332 proli
1187 2270 1226 2312 er
1248 2269 1283 2312 se
1304 2248 1459 2329 venienti,
1479 2248 1608 2311 ante

314 2370 409 2432 quam
432 2352 620 2412 renascatur
646 2350 680 2412 in
703 2350 846 2431 Christo,
876 2349 1046 2433 progenies
1073 2350 1177 2413 omnis
1204 2350 1391 2414 ministrare
1416 2349 1604 2425 videatur:

315 2449 486 2513 etidcirco
501 2450 606 2513 Adam
629 2451 785 2515 secundus
808 2476 826 2514 u
848 2452 940 2515 nobis
962 2452 996 2515 iu
1013 2451 1209 2515 renascendo
1224 2452 1407 2535 suscipitur,
1430 2455 1600 2527 utmon,

314 2574 394 2636 quae
417 2573 474 2635 per
497 2551 623 2635 eulpam
644 2553 679 2616 in
701 2552 804 2636 primo
826 2553 931 2616 Adam
959 2556 1108 2637 suscepto
1135 2553 1256 2636 fuerat,
1281 2551 1476 2617 excludetur.
1535 2547 1599 2612 ln·
1656 2558 1658 2565 '

313 2653 471 2738 tellegant
493 2653 592 2738 igitur
613 2655 729 2719 mortui
752 2655 912 2738 homines,
943 2655 1063 2739 siquis
1092 2676 1204 2719 sensus
1230 2654 1282 2719 vel
1309 2654 1453 2719 modicus
1478 2652 1595 2728 inest,

314 2759 460 2840 oportere
487 2777 520 2819 se
542 2757 667 2820 renasci
695 2778 752 2841 per
780 2757 989 2840 baptismum,
1019 2759 1055 2819 ut
1081 2756 1197 2838 vitam,
1231 2778 1330 2840 quam
1357 2755 1493 2840 perdidit
1526 2771 1593 2837 per

315 2857 419 2922 Adam
441 2857 578 2942 primum
585 2908 593 2940 ,
622 2860 788 2942 recuperet
809 2880 866 2941 per
887 2858 1071 2921 seeundum.
1116 2856 1201 2921 Nam
1223 2863 1257 2922 et
1278 2858 1320 2921 ab
1341 2858 1436 2923 initio
1455 2880 1492 2923 ex
1519 2852 1590 2918 Ge

313 2982 425 3024 neseos
452 2960 589 3024 lectione
619 2962 831 3044 cognoscant,
866 2982 960 3043 (luam
989 2960 1071 3024 bene
1101 2962 1134 3024 et
1160 2981 1257 3043 quum
1291 2959 1464 3024 clementer
1488 2956 1585 3023 Deus

314 3063 463 3126 universa
486 3061 679 3143 condiderit,
709 3067 745 3126 ut
768 3062 832 3146 eps)
861 3061 988 3126 vivente
1011 3084 1136 3146 semper
1157 3061 1367 3125 nascentibus
1393 3060 1459 3125 rita
1478 3058 1581 3123 dona·

313 3167 411 3227 retur.
457 3164 501 3228 Et
528 3187 589 3247 (pua
617 3168 735 3248 putant
760 3165 896 3228 fortasse
925 3164 977 3248 pie
1004 3186 1042 3228 ac
1064 3164 1146 3228 bene
1168 3185 1202 3227 se
1224 3163 1348 3246 dicere,
1385 3166 1423 3227 ut
1453 3160 1577 3226 animer

313 3266 427 3329 merito
449 3266 559 3329 dicant
581 3289 600 3329 a
622 3267 811 3350 parentibus
832 3266 926 3348 tradi,
952 3287 1023 3330 cum
1045 3266 1112 3329 sint
1133 3265 1275 3349 peccatis
1296 3264 1483 3349 implicitae,
1506 3260 1572 3324 bat

314 3353 361 3431 alr
382 3368 461 3450 ipsis
488 3369 626 3452 sapienti
655 3367 773 3432 debent
805 3368 1006 3451 separatione
1039 3366 1191 3431 discerni:
1223 3366 1307 3450 quod
1337 3367 1378 3431 ab
1404 3366 1464 3431 illis
1487 3354 1568 3427 nihl

315 3469 400 3533 aliud
422 3473 529 3552 potest
550 3470 644 3552 tradi,
668 3493 764 3554 quam
778 3469 861 3555 quod
884 3470 924 3532 ab
946 3470 1087 3552 ipsorum
1109 3467 1195 3531 mala
1214 3468 1467 3553 praesumptione
1483 3476 1565 3529 sont
1646 3502 1658 3539 a,

315 3572 446 3634 missum
468 3575 531 3654 est,
563 3571 595 3634 id
624 3574 687 3654 cst,
722 3572 814 3656 eulpa
842 3593 1007 3656 poenaque
1036 3570 1176 3654 peccati,
1211 3591 1309 3654 quam
1336 3592 1394 3655 per
1413 3568 1562 3634 naducell

315 3680 423 3737 secuta
450 3674 619 3758 progenies
648 3674 811 3738 evidenter
839 3672 995 3755 ostendit,
1027 3675 1064 3736 ut
1094 3671 1185 3756 pravi
1214 3671 1361 3736 homines
1389 3667 1562 3749 dirumque
1649 3746 1652 3753 Ι

314 3779 498 3839 nascantur.
543 3775 581 3839 In
604 3798 665 3860 quo
687 3775 754 3839 solo
780 3776 890 3859 utique
913 3773 999 3839 Deus
1027 3773 1149 3837 nullam
1175 3774 1429 3838 communionem
1454 3767 1561 3863 halen

314 3877 480 3961 perspicue
503 3877 659 3959 cernitur,
689 3877 743 3961 qui
770 3878 845 3961 nel)
873 3876 907 3939 in
929 3876 1014 3940 hanc
1036 3876 1263 3939 necessitatem
1284 3873 1466 3939 calamitatis
1481 3869 1559 3932 incl·

314 3979 437 4061 derent,
461 3979 581 4063 gemite
603 3980 714 4043 mortis
737 3982 857 4042 terrore
879 3977 1043 4062 prohibuit
1064 3977 1166 4061 adque
1188 3976 1357 4060 praedixit
1387 3976 1482 4059 ltaque
1496 3970 1558 4055 per
1645 4026 1649 4035 .

314 4080 478 4145 traducem
510 4081 593 4165 quod
627 4103 646 4144 a
673 4080 860 4164 parentibus
892 4080 1031 4143 traditur
1061 4079 1225 4143 evidenter
1252 4080 1403 4163 apparet,
1434 4080 1461 4141 el
1484 4048 1555 4157 quid

315 4184 355 4246 ab
377 4182 470 4246 initio
492 4204 590 4267 usque
613 4182 652 4246 ad
674 4182 770 4246 finem
799 4181 849 4247 vel
871 4184 1020 4266 operatus
1048 4182 1091 4245 sit
1112 4179 1199 4246 Deus
1230 4179 1280 4244 vel
1301 4184 1448 4265 operetur
1463 4176 1550 4241 osless'
1648 4184 1656 4213 ¹

315 4283 410 4348 ditur.

382 4525 402 4585 ⁴)
420 4524 470 4577 Me.
492 4523 554 4577 add⁴
575 4542 647 4592 quae,
668 4537 701 4573 er
718 4521 819 4576 vitiosa
834 4520 1008 4576 iterationes

383 4613 403 4671 ³¹)
421 4608 519 4661 Torius
538 4606 657 4662 correxit
675 4612 715 4670 de,
733 4624 818 4674 quum
837 4605 922 4661 etium
940 4615 1012 4660 rasel
1028 4612 1113 4676 aliquo
1131 4603 1248 4659 dicatur.
1277 4604 1347 4659 Mox
1362 4603 1401 4660 id.
1415 4611 1473 4676 quta
1485 4597 1553 4674 μὴ

371 4696 434 4746 daec
451 4697 483 4746 nt
502 4699 572 4761 ipsts.

382 4780 403 4845 ⁶)
420 4778 472 4830 ΜΒ.
491 4798 544 4832 aee.
579 4777 645 4830 Mox
662 4776 727 4829 Tor.
746 4792 850 4831 cortex.
867 4783 965 4845 perarua
983 4784 1042 4843 (ms.
1061 4778 1164 4845 peretto)
1181 4780 1270 4830 nortis
1291 4777 1323 4829 ot
1339 4796 1427 4847 pom
1443 4780 1502 4845 (m.
1515 4776 1564 4848 pul

315 4865 391 4917 uobis.
