3412 5664
712 348 911 399 uersuouau
926 340 955 399 5.
1114 340 1118 348 '
1425 334 1465 399 91

240 517 287 575 ian
299 513 472 571 absolmionis
491 515 679 586 incommune,
702 513 754 568 boc
775 521 817 568 est
837 529 905 586 aquae
921 529 1015 587 papam
1035 511 1193 576 altsolvcrat,
1216 511 1334 568 libellum
1350 516 1467 568 conseri·

243 603 319 658 taut.
353 597 396 655 Sin
417 606 508 654 autem
530 596 664 669 subjectas
685 598 866 672 expendamus
886 597 1113 672 subscriptiones,
1136 605 1204 672 quot
1224 599 1251 654 in
1271 599 1310 653 eis
1332 597 1467 654 nrondacia

246 683 379 761 magmas?
420 683 479 739 lam
500 683 591 740 llinius
612 693 682 758 post·
696 683 838 740 baronium
861 683 1023 747 observarat,
1045 685 1071 738 in
1092 683 1336 758 subscriptionibus
1358 685 1466 757 quintae

247 771 313 848 synodi
324 769 443 845 plurimos
459 768 610 825 orientales
622 771 762 833 nominari,
786 773 837 844 qni
850 773 971 827 coneilio
988 770 1217 827 Cotcberlonensi
1235 776 1303 825 ante
1318 787 1411 826 arrrros
1426 769 1465 825 52

248 857 407 929 attinerent,
429 862 458 911 et
478 871 599 928 quornm
617 849 689 926 post
706 856 746 913 10
761 872 854 912 annos
874 875 892 911 a
915 863 1041 928 tempore
1056 858 1126 912 dieti
1139 858 1254 912 concilii
1267 857 1349 912 nitito
1365 859 1467 911 mentio

249 945 360 1016 aperito.
389 937 444 996 Sed
465 941 536 996 etsi
556 938 767 1015 subscriptiones
789 941 978 1014 episcoporum
999 941 1127 997 italorum
1147 939 1267 1010 ejusdem
1289 940 1385 1013 synodi
1405 957 1466 995 cum

248 1027 440 1102 mammarum
461 1025 628 1100 synodorum
649 1025 833 1088 conseramus,
855 1026 984 1101 pleraque
1004 1025 1109 1082 sedium
1130 1027 1236 1081 nomina
1258 1034 1392 1099 corrupta,
1416 1042 1465 1081 nec

248 1128 313 1189 pastas
328 1110 461 1175 ecclesias,
489 1127 602 1185 quarum
629 1113 748 1186 episcopi
770 1113 827 1168 noti
848 1113 965 1168 accorti
986 1120 1058 1174 sunt,
1085 1111 1177 1166 alienis
1199 1109 1339 1167 attributas
1359 1127 1467 1184 compe-

213 1206 225 1233 ·
248 1200 322 1255 dmm.
345 1195 478 1265 Quorsum
499 1213 563 1254 vero
580 1196 660 1253 italae
680 1197 778 1272 synodi
797 1197 969 1253 vindicandae
989 1198 1075 1271 gratia
1098 1204 1138 1252 tot
1154 1196 1270 1252 Orientis
1286 1198 1405 1270 episcopi
1420 1213 1466 1251 vo·

248 1284 295 1340 att
319 1281 554 1339 liumdnastasius
575 1283 722 1356 imperator
737 1283 887 1339 hacreticus
908 1283 959 1356 ipsi
982 1299 1064 1357 papae
1080 1281 1146 1338 adeo
1162 1281 1284 1338 iniensus
1300 1290 1341 1337 tot
1356 1280 1465 1337 llomanr

248 1368 344 1424 mium
356 1368 542 1442 permisisset?
588 1368 642 1423 lint
656 1369 679 1424 si
695 1366 870 1442 permisisset,
887 1385 920 1424 an
936 1376 963 1424 et
979 1369 1005 1424 bi
1020 1367 1149 1424 derebus
1166 1369 1290 1430 ilrientis,
1308 1384 1375 1441 quae
1391 1366 1466 1423 valde

248 1451 375 1528 ymmbatac
389 1460 475 1517 erant,
491 1455 600 1528 penitus
616 1453 773 1510 siluissent?

306 1564 342 1622 10.
373 1562 423 1621 Vel
444 1563 510 1621 baec
527 1566 664 1639 ‚temporis
689 1573 753 1622 nota
777 1573 845 1637 post
871 1567 1050 1623 consulatum
1070 1567 1171 1621 Avieni
1190 1565 1252 1621 XV
1267 1565 1466 1622 Kalendarum

248 1649 403 1707 :ionnbrinm
415 1649 576 1707 indictione
591 1670 677 1721 nona,
694 1650 800 1725 synodo
816 1652 925 1726 quintae
940 1650 990 1707 sub
1005 1650 1163 1724 Syrnnracbo
1179 1651 1206 1705 in
1223 1650 1356 1706 veteribus
1372 1648 1466 1706 lsidori

247 1734 406 1810 utaplaribus,
430 1751 498 1809 quae
512 1734 571 1792 sola
584 1736 655 1793 illam
674 1735 809 1800 enlribent,
831 1735 947 1812 praefixa
963 1735 1085 1792 fraudem
1101 1735 1266 1791 manifestam
1283 1734 1370 1791 babet.
1402 1735 1465 1790 llam

247 1819 377 1893 pmoistud
398 1821 468 1878 Post
485 1824 668 1879 consulatum
683 1824 784 1879 Avieni
804 1824 944 1898 negotium
961 1821 1031 1891 iacit,
1054 1839 1103 1878 nec
1124 1820 1157 1877 dc
1178 1838 1232 1895 quo
1249 1822 1349 1876 Avieno
1365 1820 1466 1878 dietum

247 1904 373 1967 itamar
388 1905 466 1963 facilc
479 1905 616 1979 dijudicat.
647 1906 674 1962 ld
696 1906 804 1982 quidem
826 1908 944 1975 editores
964 1907 1149 1970 conciliorum,
1171 1906 1235 1962 dum
1255 1908 1375 1980 quintam
1394 1906 1466 1961 illam

247 1989 341 2063 ipol-
354 2008 422 2048 anno
437 1992 500 2050 503
515 1991 630 2066 illigant,
647 1992 680 2049 de
695 1993 796 2050 brieno
808 1991 918 2064 juniore
932 1994 1104 2066 interpretari
1120 2009 1150 2048 se
1171 1991 1256 2066 palam
1273 1992 1382 2048 iaciunt.
1414 1990 1466 2046 Sed

248 2074 347 2139 ittaest,
366 2093 450 2151 quum
470 2076 600 2152 synodus,
624 2094 676 2152 qua
691 2078 867 2153 Symmachus
884 2076 1024 2134 absolutus
1046 2073 1104 2139 init.
1127 2084 1233 2151 quarta
1255 2076 1286 2132 ab
1302 2076 1406 2133 isidoro
1422 2094 1466 2150 ap·

248 2158 334 2232 ptam,
347 2178 513 2236 consequens
529 2170 596 2226 erat,
618 2170 648 2219 ut
666 2181 734 2229 onae
749 2166 856 2221 Avieno
864 2166 988 2236 juniore
1004 2166 1121 2220 consule
1137 2161 1225 2219 liabita
1241 2169 1290 2226 est,
1312 2166 1422 2236 quitata,
1440 2170 1467 2217 et

249 2242 298 2307 aa
312 2262 378 2321 quam
393 2247 515 2305 isidorus
528 2257 594 2319 post
609 2252 789 2307 considotnm
805 2251 906 2306 Avieni
921 2249 1033 2310 tranavit,
1057 2255 1143 2305 senta
1161 2255 1372 2321 nuncuparetur.
1403 2246 1466 2303 lndo

250 2330 364 2403 latnialsl
383 2334 553 2390 convincitur
570 2351 623 2390 non
645 2334 726 2390 modo
748 2335 844 2391 titulus
864 2333 962 2408 synodi
978 2341 1047 2406 post
1067 2337 1248 2391 corrsnlatnm
1263 2335 1365 2389 Avieni
1379 2334 1467 2388 consi-

250 2423 320 2487 μιν,
333 2426 459 2491 quatenus
474 2418 568 2474 eadem
579 2418 700 2494 synodus
715 2418 748 2475 ab
759 2420 862 2476 lsidoro
878 2423 977 2493 quinta
994 2418 1155 2482 inscribitur,
1172 2435 1254 2492 quum
1270 2427 1345 2474 sexta
1356 2417 1466 2474 dicenda

251 2509 304 2561 Μ.
318 2518 397 2559 reum
413 2504 494 2560 etiarn
514 2504 668 2579 primarium
689 2505 748 2575 ejus
769 2505 916 2566 decretum,
938 2506 1127 2579 quoepiscopi
1149 2505 1176 2560 in
1197 2521 1228 2559 ea
1248 2503 1363 2578 synodo,
1387 2519 1466 2577 quam

250 2588 340 2657 primam
352 2597 434 2652 vocat,
450 2590 571 2647 sanxisse
585 2597 734 2665 ponuntur,
758 2598 787 2645 ut
811 2589 916 2645 libellus
939 2589 1050 2646 llnttodii
1071 2593 1148 2646 inter
1167 2596 1292 2663 quartae
1308 2599 1334 2646 ct
1349 2592 1467 2663 quintae

248 2672 380 2742 mitiorum
399 2683 567 2732 nostrarum
587 2679 718 2732 actiones
737 2679 950 2747 interponatur.
982 2674 1013 2731 Et
1036 2692 1098 2731 vcro
1120 2675 1192 2731 bunc
1213 2673 1331 2730 libellum
1347 2673 1466 2729 isidorus

247 2756 351 2813 ambter
361 2759 494 2833 synodum
511 2761 611 2844 ddcno
622 2759 732 2831 juniore
747 2759 860 2817 consule
887 2759 1001 2816 habitam
1023 2758 1071 2815 sed
1091 2762 1162 2816 inter
1182 2777 1247 2822 eam,
1272 2777 1338 2833 qnae
1356 2761 1466 2815 Fausto

244 2840 324 2898 trino
335 2845 437 2901 consule
452 2843 586 2903 celebrata
601 2853 652 2909 est,
674 2855 702 2902 et
718 2862 784 2908 eam,
805 2862 884 2919 quam
899 2853 964 2918 post
979 2849 1160 2902 consolatam
1176 2845 1276 2902 Arriani
1290 2845 1465 2918 praenotavit,

240 2926 377 2999 inerant.
407 2930 492 2987 b'emo
508 2932 587 2986 etiam
603 2947 658 2987 non
675 2930 756 2994 ridet,
777 2932 800 2986 si
816 2933 859 2987 eui
874 2931 978 3005 synodo
995 2930 1166 3005 approbanda
1182 2929 1333 2986 llnnodiana
1356 2937 1466 3002 quartae

237 3008 317 3083 mia
331 3013 463 3091 apologia,
490 3015 516 3072 ld
538 3017 562 3072 ei
582 3015 786 3090 praestandum,
809 3033 877 3090 qnae
898 3017 1020 3089 proximo
1041 3032 1111 3071 anno
1133 3014 1220 3070 habita
1241 3023 1291 3076 est,
1314 3031 1367 3070 non
1389 3013 1465 3068 alteri

235 3094 325 3153 than
337 3108 392 3172 post
406 3100 557 3158 celebratae
572 3100 656 3157 luisse
677 3101 845 3157 serrandum.
886 3100 942 3156 lloe
960 3102 1046 3173 ipsum
1068 3097 1209 3155 coadunat
1229 3108 1256 3154 ot
1271 3098 1403 3173 generalis
1420 3097 1465 3152 lsi-

230 3179 370 3249 muter,
390 3188 416 3243 in
437 3202 493 3261 quo
509 3187 630 3260 synodus
651 3188 762 3245 Fausto
777 3189 884 3244 Arriano
899 3190 1013 3242 seniore
1029 3188 1147 3242 conside
1168 3183 1255 3240 habita
1274 3185 1388 3257 primum
1405 3199 1465 3257 per·

228 3264 355 3342 stringitur
366 3271 406 3328 bis
422 3271 525 3329 verbis:
555 3273 682 3330 Decreta
697 3274 845 3347 synodica,
863 3274 911 3329 nbi
929 3279 1016 3329 totam
1032 3287 1152 3327 causam
1167 3271 1223 3328 Dei
1230 3272 1345 3342 jndicio
1361 3275 1465 3325 sancto

223 3354 338 3427 madar
350 3365 479 3415 reservat
493 3364 549 3414 etc.
575 3356 643 3414 Tum
658 3357 813 3429 subjicitur:
836 3359 963 3415 Decreta
985 3359 1124 3431 synodico
1146 3358 1183 3413 ab
1198 3356 1329 3412 Ennodio
1343 3357 1465 3410 diacono

218 3447 365 3517 praecepto
384 3450 410 3499 et
431 3447 608 3500 anctoritate
621 3448 770 3501 memorati
784 3442 949 3517 Spmmnelri
966 3459 1065 3516 papae
1080 3449 1167 3516 atque
1182 3444 1303 3498 omnium
1317 3444 1465 3513 episeopo-

216 3543 288 3593 ηπ,
303 3530 348 3599 qai
364 3531 391 3583 ia
407 3529 534 3585 camdem
549 3531 687 3603 synodum
703 3545 873 3599 conuenere,
895 3533 1015 3601 scripta,
1033 3536 1061 3585 et
1072 3529 1249 3600 postmodnm
1264 3529 1293 3582 in
1309 3531 1466 3598 conspectu

212 3628 312 3671 nm
329 3615 446 3671 omnium
466 3617 592 3672 recitato
612 3623 699 3688 atque
719 3616 892 3687 approbata,
912 3616 1055 3689 diprtaqne
1078 3615 1114 3670 ab
1136 3614 1264 3670 omnibus
1283 3614 1369 3669 tande
1384 3611 1466 3668 robo-

209 3706 287 3767 mm,
306 3698 513 3769 adversanos,
534 3704 585 3773 qni
606 3708 708 3758 cantra
722 3704 912 3772 praemissam
933 3702 1071 3773 synodum
1093 3696 1160 3769 (scil.
1178 3715 1248 3753 antro
1264 3697 1321 3755 501
1341 3694 1466 3766 babilam)

203 3784 337 3845 seribere
348 3792 618 3858 praesumpserunt,
642 3793 673 3842 nt
693 3801 748 3842 nec
767 3788 802 3842 de
825 3788 1002 3858 apostolieae
1022 3787 1099 3841 sedis
1117 3787 1255 3856 praeside
1278 3798 1331 3838 nec
1352 3784 1387 3838 de
1409 3785 1468 3838 ulio

200 3886 334 3947 uquam
356 3877 483 3944 tempore
507 3874 646 3944 episcopa
667 3873 740 3928 tatia
767 3878 1003 3944 praesumantur,
1031 3873 1130 3943 quartia
1152 3871 1187 3925 de
1201 3872 1268 3941 jam
1288 3869 1363 3924 dieto
1387 3867 1466 3940 Sym·

195 3956 311 4017 meto
328 3973 409 4029 popa
422 3963 624 4029 praesumpta.
654 3955 754 4012 Exinde
774 3958 896 4030 prosince
916 3957 1054 4030 sequitur:
1071 3955 1200 4011 Decreta
1217 3955 1366 4026 praedicti
1387 3953 1466 4025 Sym·

191 4042 305 4103 mlii
317 4057 418 4113 popae
441 4043 485 4100 rel
502 4042 639 4115 praefati
657 4046 754 4098 saneti
772 4043 887 4099 concilii
910 4040 998 4114 (cujus
1019 4040 1077 4096 scil.
1101 4040 1260 4096 auctoritate
1283 4046 1310 4095 ct
1330 4038 1468 4094 Ennodius

191 4126 349 4203 mipflisse
361 4134 389 4182 et
402 4127 489 4201 ipsius
503 4128 633 4201 scriptum
649 4127 826 4202 approbatum
841 4144 902 4183 esse
917 4143 979 4182 moa
993 4123 1143 4198 dicebatur)
1168 4140 1259 4198 super
1268 4128 1467 4197 episcoporum

191 4212 471 4290 dijudicationibus.
509 4211 578 4269 Hinc
598 4212 662 4268 illud
676 4221 743 4285 post
759 4216 939 4270 consulatum
954 4213 1056 4268 Avieni
1073 4211 1108 4268 de
1124 4211 1215 4266 dvicni
1233 4209 1350 4281 junioris
1371 4226 1469 4265 constr·

191 4306 253 4360 latas
271 4312 327 4353 seu
343 4294 376 4352 tle
390 4313 462 4355 auno
474 4295 536 4355 503
556 4298 727 4372 interpretari
742 4315 797 4354 nim
818 4298 899 4355 licere
914 4299 1086 4372 perspicuum
1101 4303 1152 4353 cst.
1182 4295 1301 4370 lienique
1316 4296 1409 4369 quinta
1425 4293 1469 4349 illa

191 4380 327 4463 synodus
342 4382 369 4437 ia
389 4381 527 4440 veteribus
540 4381 637 4439 lsidori
658 4382 796 4440 codicibus
817 4391 844 4440 et
865 4384 892 4439 in
907 4382 998 4439 irontc
1013 4391 1041 4438 et
1056 4381 1088 4437 ad
1104 4381 1202 4438 calcem
1218 4382 1378 4438 Indictionc
1393 4395 1469 4435 nana

191 4471 391 4543 :aenigmatum
418 4467 490 4523 llaec
504 4477 593 4524 antem
608 4466 720 4524 lndietio
736 4486 791 4525 nou
806 4477 869 4544 post
884 4468 1054 4525 consulatum
1069 4469 1163 4523 Avieni
1175 4466 1302 4538 junioris,
1319 4466 1370 4521 boc
1386 4470 1426 4520 est
1444 4465 1468 4518 in

191 4570 302 4616 numm
319 4550 392 4616 503.
407 4552 456 4610 sed
471 4554 499 4609 in
515 4555 659 4628 ipsummet
675 4556 767 4610 Avieni
782 4548 897 4610 senioris
912 4553 1093 4617 consulatum,
1109 4553 1163 4609 boo
1177 4560 1219 4610 est
1240 4553 1268 4608 in
1284 4567 1382 4605 annum
1399 4549 1469 4610 501,

191 4637 349 4703 addebat

287 4749 344 4806 11.
371 4747 502 4818 Quocirca
522 4767 573 4807 nec
593 4749 693 4808 fraudis
718 4760 808 4806 notam
830 4769 860 4807 ac
882 4750 968 4807 labem
989 4750 1145 4825 abstergere
1168 4748 1261 4809 valeat,
1283 4748 1307 4802 si
1328 4747 1388 4819 quis
1404 4743 1470 4801 illud

191 4846 260 4899 m!
279 4837 466 4893 consulatum
482 4838 582 4893 Avieni
605 4836 639 4892 de
655 4838 755 4897 dvicuo
776 4838 883 4893 seniore
904 4839 1092 4910 interpretans,
1115 4836 1234 4909 quintam
1250 4832 1322 4889 illam
1338 4830 1471 4907 synodum

191 4926 219 4983 ai
240 4937 355 4980 annum
371 4919 433 4980 502
456 4921 566 4980 reierat.
597 4921 650 4979 Sed
671 4929 699 4979 ct
715 4925 742 4980 in
758 4921 807 4979 alia
828 4928 952 4981 occurret
973 4920 1152 4984 incommoda,
1174 4917 1301 4994 aquibus
1316 4934 1377 4976 sese
1392 4934 1472 4993 expe·
