3450 5678
748 327 919 376 sersronn
944 318 993 377 10.
1419 311 1481 378 763

213 484 411 549 damnamus.
460 482 546 548 Nam
574 504 632 566 pro
660 482 719 546 hac
750 503 846 546 causa
867 483 1062 546 attestantur
1083 481 1176 546 nobis
1199 481 1297 546 etiam
1319 481 1480 571 divinae⁵)
1494 508 1517 547 a.
1531 497 1587 548 elo.

212 587 356 669 litterae,
387 586 427 650 ad
449 586 679 650 Alexandriam
707 606 773 648 uon
796 585 893 649 semel
924 584 979 648 sed
1005 584 1169 649 multoties
1197 584 1394 671 destinatae,
1424 608 1482 672 per

213 712 292 774 quas
314 688 569 773 objurgavimus,
600 710 655 752 cur
682 687 742 750 sibi
772 710 839 752 non
861 686 1095 751 arbitrarentur
1116 708 1209 771 posse
1231 687 1378 752 sufficere
1400 688 1482 753 dire-

214 795 300 857 ctam
327 790 400 855 fidei
429 790 658 877 doctrinaml),
696 789 881 854 recedentes
909 789 951 853 ab
979 788 1185 854 anathemate
1213 788 1482 856 calchedonensis

214 893 327 978 synodi
349 892 398 956 vel
420 891 621 957 venerandae
644 892 815 956 memoriae
830 891 946 956 Leonis
968 891 1119 975 episcopi.
1156 890 1250 957 Unde
1264 914 1332 957 non
1346 915 1482 978 parvum

214 995 353 1060 studium
375 995 460 1079 apud
484 1016 541 1058 nos
564 998 597 1059 et
618 994 757 1058 intentio
772 994 806 1058 in
822 993 983 1078 praesenti
999 1014 1123 1079 quoque
1137 993 1300 1078 perdurat,
1323 998 1482 1079 quatenus

215 1100 236 1161 a
262 1097 455 1181 superfluo⁷)
484 1096 690 1161 anathemate
718 1096 845 1161 eosdem
877 1095 1035 1180 possimus
1068 1095 1253 1160 abstrahere
1287 1099 1319 1160 et
1352 1099 1482 1162 sanctae

215 1199 378 1264 Ecclesiae
401 1199 574 1263 universali
597 1199 802 1283 conjungere.

299 1303 330 1366 3.
368 1300 416 1365 De
440 1300 580 1385 capitulo
602 1322 687 1383 vero,
711 1301 794 1384 quod
817 1299 919 1365 solum
940 1299 1064 1364 ridetur
1087 1323 1155 1364 esse
1178 1301 1348 1385 residuum,
1372 1306 1483 1366 nostra

215 1404 363 1468 voluntas
385 1403 534 1487 petitioni
557 1404 682 1466 vestrae
703 1402 840 1466 fortasse
862 1406 994 1487 propter
1014 1403 1172 1467 unitatem
1189 1403 1394 1468 ecclesiarum
1410 1425 1482 1468 oon-

215 1509 348 1570 venerat
356 1506 394 1590 ⁸),
423 1505 486 1569 nisi
510 1505 574 1568 alia
595 1503 831 1568 venerabilibus
854 1505 996 1570 ecclesiis
1019 1528 1057 1569 ex
1079 1505 1140 1570 hoo
1161 1506 1307 1569 renovari
1331 1506 1484 1571 scandala
1578 1526 1581 1532 ¹

215 1607 423 1672 crederemus.
473 1605 568 1670 Nunc
596 1606 744 1670 universa
771 1628 853 1691 quac
886 1606 953 1671 sint
984 1607 1133 1672 facienda
1166 1607 1370 1692 perpendite,
1400 1609 1483 1692 quia

216 1731 314 1794 grave
342 1731 409 1773 esse
438 1708 609 1772 clementia
635 1710 748 1772 nostra
770 1709 896 1792 judicat
924 1709 962 1773 de
983 1709 1129 1774 Ecclesia
1156 1709 1331 1774 venerabili
1353 1714 1484 1794 prepter

216 1814 357 1875 mortuos
386 1811 474 1874 vivos
502 1810 634 1894 expelli,
668 1832 729 1874 nee
756 1810 826 1874 sine
854 1808 955 1875 multa
986 1812 1138 1875 effusione
1161 1812 1293 1876 humani
1316 1812 1483 1898 sanguinis

216 1914 334 1977 scimus
355 1934 449 1997 posse
472 1933 509 1976 ea
532 1935 612 1996 quae
635 1934 730 1996 super
751 1912 812 1976 hoc
834 1912 973 1977 scribitis
996 1913 1147 1978 ordinari.
1193 1914 1310 1978 Omnia
1331 1919 1442 1979 tamen
1464 1938 1484 1978 a

216 2016 284 2081 Deo
307 2018 488 2099 sperantes,
513 2015 604 2100 perl)
628 2015 796 2078 concilium
818 2015 931 2079 melius
954 2037 1050 2101 agere
1069 2015 1227 2104 poteritis,
1252 2037 1348 2100 quam
1371 2017 1412 2080 ab
1433 2016 1484 2080 his

215 2117 413 2200 hominibus,
438 2116 490 2201 qui
514 2119 644 2201 prepter
666 2139 787 2180 errores
810 2138 882 2181 suus
904 2118 1088 2201 provincias
1110 2122 1349 2202 percurrentes,
1379 2118 1484 2183 inimi-

217 2242 287 2285 cam
310 2218 485 2302 evangeliis
508 2219 629 2282 sanctis
652 2221 685 2283 et
707 2218 849 2283 ecclesiis
871 2218 983 2283 volunt
1005 2241 1073 2283 esse
1096 2219 1297 2284 discordiam.
1339 2220 1427 2305 Ergo
1450 2224 1485 2284 ut

215 2322 259 2386 sit
281 2322 412 2406 placens
435 2342 591 2404 supernae
619 2321 780 2404 majestati
810 2321 1015 2385 eeclesiarum
1044 2321 1169 2403 unitas,
1198 2321 1377 2405 providete:
1410 2322 1485 2406 quia

216 2423 270 2508 qui
280 2424 319 2509 ¹⁰)
348 2402 440 2488 nobis
468 2422 503 2485 in
531 2423 594 2505 eis,
623 2445 703 2506 quae
725 2423 864 2507 praefati
883 2445 1016 2506 sumus,
1046 2423 1188 2507 obsistit,
1224 2423 1426 2507 ignoramus,
1458 2425 1485 2489 si

285 2596 306 2662 ι’)
324 2593 358 2647 Η.
378 2610 401 2647 o.
420 2591 590 2661 imperiales,
608 2608 680 2661 quae
699 2591 782 2646 mode
801 2598 912 2654 diuinae,
931 2593 1040 2663 saepius
1057 2613 1149 2648 sacrm
1167 2593 1309 2647 vocantur.

284 2682 306 2748 ⁶)
324 2680 355 2732 In
373 2677 490 2732 Zenonis
511 2676 639 2731 videlicet
660 2677 790 2732 henotico
812 2677 979 2747 expositam,
1003 2695 1086 2745 quam
1108 2697 1164 2733 non
1187 2679 1274 2731 solum
1292 2678 1486 2732 Alexandrinis

216 2763 374 2836 proposuit,
397 2762 446 2817 scd
464 2764 493 2816 ct
511 2763 542 2815 ut
559 2779 576 2816 a
593 2762 726 2829 Romanis
748 2762 925 2831 pontificibus
943 2762 1144 2832 susciperetur,
1162 2763 1236 2817 Festi
1258 2762 1369 2843 patricii
1392 2755 1486 2833 opera,

217 2855 249 2904 nt
272 2848 433 2903 Theodorus
455 2848 543 2901 lector
567 2848 664 2900 auctor
686 2849 740 2913 est,
762 2847 890 2901 tentavit.
930 2847 1037 2903 Deinde
1059 2855 1208 2903 recedentes
1231 2851 1263 2901 et
1280 2843 1440 2902 anathemate
1457 2848 1487 2902 id

218 2935 275 2989 cst:
294 2932 451 2987 desinentes
469 2932 620 2986 anathema
637 2931 729 2987 dicere
748 2931 965 2986 Calehcdonensi
982 2932 1087 3002 synodo
1106 2951 1139 2987 ac
1156 2932 1250 2986 Leoni.
1280 2933 1319 2986 Ut
1332 2932 1406 2986 enim
1417 2934 1486 2988 Eva-

218 3019 295 3090 grius
318 3019 368 3080 lll,
392 3026 425 3072 30
446 3016 554 3082 scribit,
583 3034 667 3085 quum
692 3016 739 3071 alii
763 3017 1014 3072 calchedonensem
1036 3018 1171 3087 synodum
1193 3020 1417 3087 propugnarent,
1440 3019 1487 3073 alii

219 3123 274 3160 non
291 3103 375 3158 modo
394 3119 455 3157 cam
474 3117 529 3154 uon
552 3101 734 3170 susciperent,
761 3122 845 3155 verum
867 3109 941 3156 etiem
963 3109 1030 3157 illum
1051 3123 1102 3156 una
1123 3123 1176 3156 cren
1199 3107 1294 3156 Leonis
1316 3109 1487 3171 epistolariae

219 3194 377 3243 anathemate
395 3193 557 3249 deterrerent,
578 3191 730 3240 Anastasius
747 3193 862 3241 ecclesir’s
875 3190 1040 3248 exturbabat.
1063 3193 1087 3241 si
1105 3209 1174 3257 quem
1190 3192 1260 3254 sorte
1278 3193 1488 3256 deprehendisset

218 3286 326 3344 praeter
347 3280 457 3328 Iocorum
480 3278 681 3327 consuetudinem
703 3284 748 3325 cat
769 3277 898 3326 concilium
916 3269 1121 3328 Calchedonem
1142 3279 1334 3342 praedicentem
1356 3285 1401 3327 aut
1423 3280 1487 3328 idem

218 3363 263 3415 sud
281 3363 440 3412 anathemate
458 3363 624 3413 damnantem.

286 3447 308 3511 ⁷)
326 3444 381 3497 Pro
398 3449 527 3510 superflue
546 3441 689 3496 substituit
700 3442 836 3496 Baronius
853 3448 1043 3512 suprascripte,
1063 3444 1208 3509 occultam,
1227 3444 1258 3497 ut
1275 3443 1397 3509 videtur,
1415 3444 1488 3499 Ana-

220 3529 298 3584 stasii
315 3529 437 3582 mentem
454 3543 510 3580 non
528 3526 594 3581 satis
607 3529 754 3582 assecutus.
792 3528 899 3597 Quippe
917 3530 994 3582 vafer
1011 3546 1044 3583 ac
1062 3528 1183 3597 perfidus
1200 3528 1354 3598 imperator
1370 3530 1488 3583 haerens

220 3615 284 3669 huic
302 3613 425 3667 henotici
442 3612 610 3666 sententiae:
642 3616 715 3666 Scire
733 3632 776 3666 ees
795 3620 915 3673 volemus.
935 3634 980 3667 nec
998 3634 1044 3667 aes
1061 3633 1108 3667 aee
1126 3633 1170 3666 eas
1188 3634 1253 3682 quae
1271 3618 1361 3683 ubique
1377 3625 1435 3667 curet
1447 3634 1488 3668 ec·

220 3706 311 3754 elesius
328 3704 399 3752 uliud
418 3702 552 3765 symbolum
569 3704 706 3752 ulieamnec
724 3704 892 3765 ‹Iefim'tr'eaem
907 3705 970 3765 fidei
987 3705 1120 3764 callidem
1141 3703 1258 3752 tabuisse
1276 3707 1315 3753 cel
1336 3703 1429 3753 habere
1451 3707 1490 3754 nel

221 3790 351 3839 habituros
368 3803 424 3837 esse
440 3795 549 3851 praeter
568 3787 702 3850 spiraboIam
721 3787 891 3837 CCCXVIII
907 3794 1022 3851 pulrumr
1043 3783 1127 3853 paulo
1150 3785 1214 3837 autc
1238 3782 1489 3839 calchedonensem

222 3868 357 3938 synodum
376 3868 412 3921 ob
431 3868 459 3920 id
478 3868 694 3933 commendavit,
713 3889 785 3937 quam
803 3875 861 3937 ipsa
878 3874 977 3922 eliserit
994 3874 1127 3922 nannetense
1145 3889 1200 3922 esse
1219 3872 1326 3934 debere,
1350 3875 1489 3939 pennaque

222 3960 296 4009 aliarn
311 3959 400 4019 fidere,
420 3974 492 4021 prium
505 3959 577 4021 upari
588 3958 707 4007 Nicaeam
722 3958 891 4007 CCCXVIII
908 3958 1064 4007 eenerudr'les
1079 3965 1170 4022 patres
1182 3960 1376 4016 concluserunt,
1397 3961 1490 4009 docere

222 4046 260 4092 ael
276 4044 405 4092 {morture
426 4044 547 4094 volneris:
569 4038 697 4104 innuens,
721 4039 848 4093 camdem
871 4039 1005 4108 synodum
1025 4038 1277 4093 Calchedouenscm
1295 4039 1349 4093 sibi
1370 4039 1436 4109 ipsi,
1459 4040 1489 4106 si,

222 4126 253 4178 ut
269 4123 323 4178 sibi
340 4123 559 4192 persuadebant,
582 4124 734 4177 Nicaenam
752 4125 835 4177 fidem
852 4124 1036 4189 immutasset,
1060 4123 1211 4178 anathema
1228 4124 1341 4191 elisisse,
1363 4125 1489 4192 adeoque

223 4194 391 4279 supe'rlluum
410 4226 470 4262 esse
488 4224 590 4262 novum
608 4208 634 4262 ei
651 4209 802 4262 anathema
819 4208 948 4277 adjicere.

289 4297 310 4360 ⁶)
329 4294 347 4346 b
365 4301 518 4347 retractaret.
554 4293 618 4347 Mox
637 4293 671 4347 G¹
685 4297 711 4347 u¹
731 4300 868 4362 reraoserr',
888 4294 1037 4362 quodcum
1056 4295 1122 4348 bec
1139 4293 1168 4347 in
1179 4302 1304 4350 renovari
1315 4295 1488 4363 mutavimus.

223 4378 347 4448 Respicit
362 4378 407 4431 hic
420 4378 582 4431 Anastasius
601 4378 692 4446 rid-id,
712 4378 786 4446 quod
804 4379 953 4433 llormisda
970 4379 1078 4447 epistss
1097 4387 1152 4432 na
1169 4379 1307 4449 praecipit
1324 4380 1367 4434 his
1384 4379 1488 4433 verbis:

223 4469 354 4532 Nunquam
376 4470 402 4516 r'rr
419 4474 565 4518 sanctarum
583 4470 745 4517 ecclesiarum
762 4472 879 4518 nreraoriu
898 4468 1016 4518 Dioscorr‘
1032 4470 1169 4534 participis
1189 4470 1347 4533 Crrtpclretr's,
1371 4470 1491 4519 Timothei

223 4559 248 4602 ct
265 4554 340 4602 Petri
355 4555 545 4617 parricidarum
563 4555 762 4603 cerrrmcmcruu'c
781 4556 915 4603 reviviscat
978 4554 1088 4603 Arneai
1100 4555 1175 4604 Pena
1192 4556 1351 4605 tenebramur
1366 4556 1415 4617 filii
1426 4571 1490 4604 cora-

223 4639 337 4687 munione
354 4640 463 4701 pollutus
481 4638 573 4687 lrabeat
590 4641 746 4702 participes,
766 4656 828 4703 peres
846 4640 947 4702 delegit.
1217 4624 1219 4628 ⁸

291 4721 312 4786 ⁹)
331 4719 417 4771 Deest
433 4718 461 4772 in
475 4719 508 4772 G'
523 4722 548 4772 a¹
568 4739 617 4786 per
635 4719 680 4783 (G¹
694 4721 859 4786 conraldum),
878 4718 952 4787 quod
971 4720 1037 4772 bec
1055 4722 1261 4790 suppleverunt.
1297 4719 1367 4773 Hinc
1384 4722 1413 4773 et
1431 4738 1489 4774 cira-

223 4803 306 4857 tionis
323 4803 407 4858 series
425 4802 525 4856 deinde
544 4825 616 4871 quma
633 4824 681 4870 per
699 4823 743 4856 ces
760 4809 882 4865 Iromr'rrcs,
902 4819 957 4857 nou
975 4824 1047 4873 quum
1064 4809 1096 4858 ab
1114 4812 1152 4860 Irtr
1170 4809 1305 4860 hominibus
1323 4805 1453 4875 postulat.

294 4891 324 4956 ¹⁰)
342 4889 409 4943 bec
427 4894 494 4958 qnid.
529 4889 593 4942 Mox
612 4890 637 4942 a¹
657 4894 680 4941 si
695 4892 757 4942 tene
774 4895 928 4955 nanneno.
958 4890 1119 4945 Anastasius
1132 4891 1297 4945 Hormisdac
1315 4907 1348 4946 ac
1365 4891 1489 4944 decesso·
