3412 5664
736 353 764 402 S.
780 350 988 402 normanna
1010 351 1124 400 PAPAE

785 538 968 642 Epistola
998 540 1067 623 100

904 692 952 730 seu

143 759 294 883 stgffilvl
340 784 522 855 suggestio
542 785 703 842 Germani
725 785 890 855 episcopi,
922 785 1047 842 Felicis
1069 789 1104 842 et
1125 785 1282 842 Dioscori
1303 785 1489 844 &soonam

144 897 210 966 (dat.
222 897 281 950 od.
502 891 536 944 et
557 889 681 944 Blandi
701 888 896 957 presbyteri
918 891 962 945 ed
983 888 1202 945 Hormisdem
1222 903 1354 958 papam.

164 963 277 1031 moa.)
331 1018 396 1080 Quiri
420 1019 614 1069 Thessalonicae
636 1026 717 1069 actum
739 1021 785 1076 sii,
817 1036 867 1084 qaia
889 1021 989 1071 ratione
1013 1019 1158 1070 Dorollelss
1176 1022 1297 1084 POPW'*
1324 1021 1359 1070 ‘ul
1381 1021 1494 1071 “dmm
1523 1026 1575 1086 Μ’

327 1107 507 1169 praepararit,
525 1105 654 1154 iohannes
672 1107 769 1168 topatus
787 1106 891 1169 ejusque
909 1103 1001 1168 hospes
1019 1107 1089 1155 eaesi
1099 1109 1159 1163 rint,
1178 1112 1311 1170 exponunt
1323 1102 1357 1168 (a.
1369 1105 1451 1167 l-lit
1465 1107 1495 1154 ad·

354 1192 429 1246 client·
446 1192 568 1256 quomodo
585 1191 637 1253 ipsi
652 1190 830 1253 imperatorem
847 1191 991 1247 contestati,
1010 1197 1035 1239 ei
1052 1190 1092 1239 lie
1109 1191 1244 1240 vindictas
1261 1193 1405 1256 praeseri!
1419 1189 1481 1255 (ab).

382 1343 409 1411 1,
447 1339 569 1424 Magna
591 1339 808 1403 misericordia
830 1338 891 1403 Dei
919 1341 969 1403 est
995 1341 1028 1404 et
1055 1340 1306 1404 inaestimabilia
1337 1341 1403 1424 ejus
1422 1339 1518 1425 judicis,

294 1441 348 1525 qui
370 1440 453 1504 nihil
475 1441 634 1506 occultum
656 1441 805 1524 dimittit,
840 1444 876 1504 ut
903 1442 1056 1526 probetur
1083 1442 1332 1527 uniuscujusque
1355 1442 1519 1508 conscientia.

294 1542 475 1607 Dorotheus
497 1542 791 1607 Thessalonicensis
800 1541 824 1627 ¹)
853 1564 919 1607 non
946 1565 1048 1608 novus
1076 1544 1227 1629 apparuit
1257 1565 1317 1608 nec
1345 1544 1521 1629 adpraesens

294 1645 415 1728 factuS,
451 1645 506 1709 sed
535 1667 568 1709 sc
598 1644 843 1727 demonstravit,
880 1666 974 1729 quem
1002 1645 1079 1710 olim
1106 1667 1181 1710 vera
1209 1645 1413 1730 praedicabat
1436 1645 1521 1730 opinio.

294 1748 360 1811 lste
382 1769 507 1831 semper
527 1747 563 1811 in
578 1748 670 1811 malis
686 1746 850 1811 desideriis
866 1746 931 1810 suis
945 1747 1118 1834 insolutus
1143 1746 1219 1811 data
1231 1747 1397 1813 occasione
1410 1745 1521 1825 exserui,

295 1851 378 1933 quod
407 1853 518 1914 contra
546 1850 640 1914 fidem
669 1849 860 1914 catholicam
889 1870 1015 1932 semper
1041 1849 1243 1934 parturiebat
1270 1849 1381 1915 scelus.
1420 1849 1455 1914 Iu
1475 1847 1523 1911 aliis

188 1951 411 2024 tassinaria
444 1951 696 2035 significavimus
724 1950 917 2015 licatitudini
945 1955 1085 2034 vestrae,
1123 1973 1185 2036 quo
1218 1952 1329 2017 ordine
1361 1952 1523 2016 amenta

294 2053 523 2118 Thessalonica
545 2053 668 2117 libellos
690 2074 756 2118 non
778 2054 937 2139 potuimus
960 2053 1130 2138 suscipere.
1175 2053 1258 2118 Erat
1278 2058 1388 2118 tamen
1408 2051 1523 2118 anso-

259 2160 265 2167 '
294 2159 363 2218 tum
385 2158 458 2239 post
479 2155 713 2219 ordinationem
736 2159 867 2220 sanotae
884 2154 1037 2220 ecclesiae
1053 2155 1434 2239 Constantinopolitanae,
1455 2173 1523 2217 suun

295 2278 334 2320 ex
355 2257 448 2321 uobis
471 2256 637 2340 adipsum
660 2255 813 2341 dirigere,
843 2256 999 2342 quiahoc
1022 2258 1174 2341 sperabat
1195 2258 1393 2343 praedictus,
1420 2260 1453 2321 ut
1467 2274 1523 2317 unu

295 2380 334 2421 ex
360 2357 466 2439 nobis¹
481 2362 554 2441 post
581 2362 745 2443 susceptos
772 2358 896 2424 libellos
925 2380 997 2423 oum
1025 2360 1095 2442 ipso
1121 2359 1235 2424 misses
1262 2358 1429 2444 teneres),
1460 2354 1524 2441 quasi

294 2460 478 2524 testimonio
499 2460 622 2524 habens
650 2461 685 2524 in
707 2460 921 2546 generalitate
950 2483 983 2525 se
1011 2461 1050 2524 ad
1077 2460 1236 2526 unitatem
1264 2458 1524 2545 sedisapostolicae

295 2582 362 2626 esse
385 2562 602 2645 conjunctum.
647 2562 719 2626 Etsi
741 2563 882 2647 tarde³),
910 2563 1032 2626 factum
1061 2565 1257 2648 esttamen,
1292 2568 1329 2628 ut
1349 2558 1524 2628 venerabilem

294 2663 477 2728 Johannem
500 2665 682 2748 episcopum
706 2664 871 2748 adipsum
895 2664 1113 2749 dirigeremus.
1157 2665 1308 2731 Directus
1331 2668 1379 2730 est
1400 2663 1525 2745 cumipse

295 2787 333 2829 ex
357 2767 515 2830 communi
538 2766 692 2830 electione
708 2765 910 2850 Epiphanius
925 2766 1102 2850 presbyter.
1143 2767 1324 2833 Germanus
1332 2768 1358 2852 ⁴)
1373 2761 1524 2831 venerabilis

295 2871 328 2931 et
356 2868 488 2932 illustris
517 2868 683 2952 episeopus
711 2871 781 2932 erat
812 2890 883 2932 oum
905 2868 983 2952 ipsis
1012 2871 1044 2932 et
1065 2866 1209 2933 Licinius
1238 2891 1344 2934 comes
1370 2868 1478 2934 scholae
1497 2883 1524 2926 er

295 2969 497 3035 ordinatione
520 2970 758 3035 elementissimi
780 2969 991 3054 imperatoris.

378 3071 409 3135 2.
441 3070 503 3147 Qui
524 3072 666 3136 Licinius
687 3075 797 3137 tamen
819 3094 914 3157 quum
937 3072 1025 3156 prius
1047 3094 1105 3156 pro
1127 3072 1191 3137 alia
1212 3096 1310 3138 causa
1333 3076 1413 3138 esset
1426 3071 1525 3137 aaa·

295 3172 432 3237 tonicam
455 3173 609 3257 directus,
634 3178 832 3260 congregata
854 3175 974 3257 synodo
997 3175 1035 3238 de
1058 3175 1205 3258 paroecia
1226 3175 1381 3240 ecelesiae
1395 3170 1526 3240 Thenete

294 3274 445 3358 nicensis,
469 3275 515 3339 ibi
538 3280 587 3341 est
608 3278 769 3358 inventus,
794 3279 983 3361 exspectans
1005 3275 1179 3341 seeundum
1201 3278 1440 3362 promissionem
1455 3294 1528 3340 uuun

294 3399 333 3440 ex
355 3378 458 3441 nobis.
503 3376 685 3443 Voluerunt
712 3378 781 3461 ipso
809 3380 977 3463 praesente
1005 3377 1129 3442 libellos
1157 3379 1264 3444 faeere
1294 3384 1327 3444 et
1352 3377 1528 3444 subscribere.

294 3478 383 3553 duod
404 3480 527 3544 factum
550 3484 613 3543 cst:
640 3480 784 3565 signavit
805 3480 891 3564 ipsos
918 3479 1042 3545 libellos
1069 3480 1252 3563 praedictus
1274 3482 1339 3563 vir,
1372 3485 1403 3545 et
1427 3478 1532 3544 veniens

294 3579 607 3665 Constantinopolim
627 3581 750 3645 factum
772 3582 945 3646 nuntiavit.
983 3581 1157 3645 Dicebatur
1178 3583 1272 3646 nobis
1295 3582 1335 3646 ab
1358 3579 1534 3668 apocrisiario

294 3682 462 3747 Dorothei:
498 3688 603 3748 Juheie
626 3690 771 3763 diripere,
802 3692 855 3763 qai
875 3690 990 3749 libellos
1011 3691 1166 3763 suscipiat.
1209 3683 1472 3770 Denuntiatum⁵)
1491 3685 1537 3747 est.

294 3783 376 3848 sieut
397 3785 626 3871 praediximus,
655 3786 872 3850 venerabilem
893 3785 1075 3850 Jolrannem
1104 3786 1290 3871 episcopum
1318 3787 1539 3868 ambulare,ut

293 3884 427 3951 haberet
437 3887 657 3953 testimonium
673 3888 917 3972 subscriptionis
932 3887 1069 3953 illorum.
1100 3887 1297 3973 Rogarimus
1313 3890 1486 3974 piissimum
1497 3888 1543 3951 in·

293 3991 483 4072 peratorem,
500 3993 536 4054 ut
551 3994 583 4055 et
599 4012 702 4055 eomes
714 3990 855 4054 Licinius
873 3989 1052 4058 ambularet
1064 4011 1135 4054 cum
1147 4011 1198 4054 eo:
1222 3991 1306 4074 quod
1321 3991 1484 4057 attactum
1497 3993 1545 4053 est.

379 4227 398 4294 ¹)
418 4242 451 4280 cc
470 4226 533 4280 add.
553 4234 696 4297 episcopas.

360 4312 381 4377 ²)
399 4310 443 4364 Ita
461 4310 505 4364 G'.
541 4312 591 4367 Ed.
611 4318 761 4368 celebraret.

359 4396 380 4462 ³)
398 4395 432 4448 H.
451 4412 475 4449 e.
495 4396 620 4463 quamvis
642 4397 729 4452 serim
752 4415 837 4467 quam
854 4402 1037 4469 speraverunt
1058 4399 1111 4469 ipsi
1128 4400 1228 4470 legati,
1253 4402 1322 4471 quia
1347 4404 1427 4473 qnod
1444 4404 1559 4477 prorirue

292 4480 356 4547 post
378 4478 436 4533 dies
459 4482 568 4534 sanctos
586 4481 709 4536 Paschae
727 4482 884 4537 iaciendum
901 4485 1099 4553 praefixerant,
1123 4487 1153 4539 ut
1174 4486 1326 4555 exponitur
1345 4490 1432 4559 epist
1452 4496 1487 4546 ii
1501 4509 1526 4546 u
1544 4498 1563 4549 1.

292 4563 366 4618 circa
384 4564 576 4634 Septembrem
595 4565 712 4620 dilatum
730 4569 781 4621 est.
821 4567 893 4621 Tum
916 4567 984 4622 editi
1002 4570 1098 4624 contra
1116 4569 1151 4624 ΘΙ
1166 4575 1266 4635 socium
1284 4583 1324 4626 eri
1350 4584 1566 4631 inerescere·

292 4652 395 4702 rutilam
467 4656 616 4717 diripeniea.

359 4735 380 4801 ⁴)
399 4735 425 4786 Is
443 4733 589 4806 episcopus
608 4753 625 4790 a
643 4737 781 4792 Germano
800 4738 895 4808 legato
914 4741 956 4794 cst
974 4739 1194 4809 distinguendus.

360 4821 380 4885 ἴ’)
398 4818 449 4872 Ed.
467 4825 639 4875 Deliberatum
657 4834 702 4876 esi.
732 4823 797 4877 Mox
811 4824 990 4891 correximus,
1009 4825 1084 4893 quod
1096 4825 1125 4878 in
1137 4824 1171 4880 G'
1186 4826 1221 4879 G³
1237 4834 1388 4886 sicariorum
1402 4847 1442 4889 esi
1502 4857 1571 4906 pror·

291 4908 374 4954 seiiiio
392 4915 542 4959 nostrornm.
578 4907 646 4962 boc
664 4913 802 4962 neantiotom
870 4915 1042 4978 promentium
1060 4915 1151 4965 celeste
1169 4921 1330 4970 nostrorum.
