3412 5664
436 335 581 385 aeraria
605 335 716 384 muer.
739 335 811 383 nou
834 335 1003 384 exsensu.
1028 316 1247 385 usu—xm.
1415 327 1477 389 ‘etit

207 489 273 551 ’itm
287 515 364 554 suam
378 515 410 554 se
424 496 552 555 coulerre
566 499 732 573 properarit,
754 497 872 571 indeque
887 498 1024 570 Simplicio
1042 499 1183 571 synodius
1199 502 1359 574 conseripsit
1374 502 1477 557 litteras

213 577 384 641 mutonis
398 601 464 640 suae
477 583 588 647 Indicos,
605 600 671 659 quas
687 584 745 658 lpse
760 583 912 657 Simplicius
928 600 971 657 ep.
991 583 1028 640 17
1044 593 1245 641 commemorat.
1304 631 1312 646 .

806 710 880 779 XII.

227 820 317 884 elsa
329 827 389 883 eod.
411 832 498 898 temp.
526 823 693 898 ,Aeppptiae
713 825 817 897 synodi
837 830 864 879 et
885 825 958 880 cleri
974 824 1170 886 Alexandrini.
1187 828 1226 883 ad
1245 826 1423 899 Simplicium
1442 830 1477 884 do

356 917 447 969 morte
465 911 603 970 Timothei
615 917 644 967 et
658 910 801 969 lobannis
816 911 955 966 electione
969 912 1082 966 relatio.

300 1012 365 1069 lium
383 1012 455 1069 idom
469 1022 578 1088 tempus
597 1013 635 1069 ob
650 1014 790 1087 Aeppptia
807 1013 922 1086 synodo,
949 1029 1025 1086 quae
1045 1020 1073 1068 et
1087 1028 1207 1069 numero
1226 1018 1353 1086 plurima
1368 1022 1397 1072 et
1410 1018 1479 1088 fidei

236 1097 369 1155 catturae
383 1102 579 1156 communione
593 1099 716 1171 suffulto
733 1103 806 1167 erut,
822 1113 872 1153 noe
887 1112 941 1152 non
959 1099 995 1153 ab
1010 1102 1087 1154 omru'
1097 1101 1301 1170 propemodum
1318 1103 1396 1156 ciero
1411 1104 1476 1158 Aie-

233 1185 372 1241 oemdrinae
396 1185 475 1240 sedis
493 1184 651 1240 relationem
672 1183 774 1257 aceepit
789 1182 942 1256 Simplicius
962 1199 1011 1256 per
1026 1182 1157 1238 isidorum
1177 1183 1365 1258 presbyterum
1386 1192 1413 1240 et
1428 1185 1476 1240 Pe-

230 1266 433 1325 amiternum
449 1267 501 1325 sibl
516 1271 632 1331 missam.
654 1284 708 1342 qua
731 1268 904 1324 matheum
925 1273 1091 1340 episcopum
1113 1272 1256 1341 quondam
1276 1286 1359 1326 suurn
1374 1272 1477 1327 obiisse

229 1352 316 1417 iurati,
332 1355 358 1410 lo
376 1354 438 1426 ejus
458 1354 548 1411 locum
573 1371 700 1412 consone
721 1354 846 1426 fidelium
872 1356 1017 1410 uoluntate
1037 1355 1198 1409 Joltannem
1227 1357 1370 1412 eeclesiae
1387 1358 1478 1425 ipsius

223 1441 593 1514 memnon-mimarum
612 1454 673 1494 esse
693 1437 853 1501 lmliealraut,
875 1455 905 1494 ae
921 1438 1060 1512 rogabam,
1086 1447 1116 1495 ut
1132 1455 1214 1513 quum
1231 1441 1270 1494 ad
1284 1443 1477 1496 sacerdotium

220 1516 287 1579 ture
301 1531 426 1582 marture
441 1514 633 1582 crederentur
647 1527 750 1595 omnio,
775 1527 860 1580 etiam
882 1527 1059 1596 apostolicae
1075 1540 1197 1581 assensu
1213 1527 1415 1582 moderationis
1431 1544 1475 1582 uo-

218 1608 305 1666 tt'runt
315 1618 432 1667 sumeret
445 1611 610 1684 firmitatem
624 1609 730 1684 (Simpl.
746 1626 788 1683 ep.
798 1609 837 1665 18
852 1618 880 1665 et
894 1617 974 1683 pasta
991 1612 1026 1667 de
1041 1613 1152 1666 nomine
1162 1612 1265 1666 Aeacii
1279 1629 1304 1665 ιι.
1321 1610 1379 1682 10).
1406 1610 1477 1667 llaec

215 1699 307 1751 tutem
318 1696 438 1770 tpuodlea
452 1694 550 1753 relatio
564 1697 591 1752 iu
607 1692 693 1771 gestis
708 1694 742 1750 tle
757 1696 866 1750 nomine
882 1696 968 1751 Aeacii
984 1712 999 1750 a
1013 1695 1137 1752 Jolanoe
1151 1697 1307 1752 secuudum
1324 1703 1475 1753 eonsuetu-

216 1774 312 1838 iirrem
323 1783 397 1838 missa
410 1781 519 1839 dloitur.

795 1888 887 1959 XIII.

214 2011 233 2049 t·
256 1996 320 2061 ⁴182
332 2005 390 2061 eod.
408 2009 494 2075 temp.
524 2005 646 2061 Zenonis
661 2005 847 2075 imperatoris
868 2005 906 2059 ad
921 2003 1095 2075 Simplicium
1118 2020 1207 2061 sucro
1228 2005 1263 2061 de
1276 2004 1420 2063 Joltanuis
1434 2008 1475 2062 in-

358 2093 507 2147 cusatione
522 2097 549 2146 et
564 2089 840 2147 recommendatione
854 2089 937 2146 Petri
951 2089 1056 2162 dlonpi.
1446 2088 1449 2093 ’

301 2187 376 2258 Qum
395 2192 425 2248 io
440 2192 582 2266 procinctu
602 2199 677 2247 esset
691 2188 855 2263 Simplicius,
877 2199 907 2246 ut
927 2207 989 2245 mor
1005 2189 1068 2247 dieti
1083 2191 1212 2247 lolumuls
1228 2200 1412 2264 cognomento
1428 2192 1476 2246 'lu-
1527 2179 1534 2191 ’

211 2262 291 2337 ltine
300 2274 449 2333 motione·
462 2274 644 2339 eoullrmnret,
658 2275 712 2349 ipsi
727 2291 776 2348 per
790 2274 916 2331 lirauium
931 2274 1106 2345 subadjuvam
1122 2276 1224 2332 reddita
1241 2286 1282 2333 est
1297 2276 1413 2333 Zenonis
1427 2277 1476 2333 uu-

209 2362 340 2421 remum
353 2378 435 2426 sacra.
452 2377 522 2436 quae
536 2359 658 2421 eutudem
674 2359 882 2417 Alexandrinum
899 2363 1062 2417 sacerdotio
1077 2360 1220 2433 indipnurn
1242 2377 1303 2417 esse
1320 2359 1476 2422 testabatur.

211 2444 311 2510 utpon
322 2448 362 2519 qui
373 2448 505 2520 perjurii
518 2463 587 2504 reus
601 2453 683 2509 esset,
700 2445 773 2518 quod
788 2453 816 2501 et
831 2447 927 2501 ilc-auio
943 2464 997 2502 rum
1014 2447 1097 2502 linere
1113 2445 1269 2503 ullirmaliat.
1299 2445 1428 2512 Orroeirea
1443 2464 1476 2502 eo

211 2525 439 2588 eretnnl‘urom
454 2530 592 2607 Hougrms,
612 2548 691 2604 quiem
708 2529 858 2605 spondebat
879 2539 980 2587 rectae
998 2532 1068 2604 (idei
1088 2533 1297 2603 elefirtitioniirus
1312 2535 1474 2598 eormenirr,

212 2606 246 2661 ²¹¹
273 2614 388 2673 miae
404 2617 599 2674 Alexandrume
617 2617 741 2690 regiareu
761 2615 965 2689 proreta—alum
989 2633 1049 2673 esse
1065 2615 1241 2689 significabat.
1273 2616 1379 2671 Sacram
1396 2616 1475 2688 paulo

213 2704 288 2763 pout
301 2702 456 2775 capaciorem
476 2702 672 2777 Aegyptiorum
697 2700 857 2757 relationem
878 2717 892 2756 a
913 2701 1050 2774 Strrrplleio
1072 2711 1207 2775 acceptam
1234 2718 1308 2764 esse,
1337 2718 1369 2755 es
1391 2702 1475 2774 ipsius

214 2790 264 2850 em
286 2784 523 2845 ltmimostat.
1312 2798 1315 2805 ’

797 2879 884 2945 XIV.

224 2998 255 3038 «ι
268 2982 320 3045 itt
332 2990 387 3049 eod.
403 2999 488 3065 temp.
519 2993 601 3049 Petri
615 2990 714 3064 Moupi
728 2992 768 3047 ed
782 2990 956 3063 Simplicium
969 2993 1004 3047 de
1017 2993 1074 3064 side
1090 3006 1143 3046 sua
1157 2991 1312 3063 professio.
1331 3034 1337 3040 .

305 3088 390 3149 lolem
413 3101 546 3167 tempure,
568 3100 637 3148 teste
653 3091 776 3148 liberato
797 3111 820 3147 e.
840 3095 887 3155 18,
914 3095 993 3147 elisum
1015 3093 1110 3147 Petrus
1126 3092 1241 3163 llongus
1263 3092 1294 3146 ml
1311 3092 1475 3168 Simplicium

233 3170 470 3251 urtmitepiuolam,
486 3196 538 3251 tpua
553 3195 583 3233 se
594 3197 679 3251 partin
696 3182 787 3250 ipsius
794 3180 933 3250 Simplicii
947 3186 1003 3233 tritu
1017 3179 1256 3234 (falededonensis
1272 3180 1387 3233 concilii
1401 3197 1475 3235 eom·

237 3262 411 3320 umentorum
431 3262 619 3338 prolitelratur.
652 3263 749 3318 Verum
773 3264 824 3318 lroe
844 3262 1007 3318 ruerndaeitcr
1029 3272 1070 3317 est
1093 3263 1241 3336 professus.
1273 3263 1424 3336 Sirpddem.
1447 3272 1474 3318 at

238 3333 414 3407 flumana
428 3347 579 3411 liberaum,
601 3366 664 3406 mou
686 3355 713 3405 et
730 3350 990 3406 Calelredonensern
1010 3350 1147 3422 spreodum
1168 3355 1195 3404 el
1210 3351 1358 3422 epistolam
1374 3349 1477 3405 Leorris

241 3428 469 3493 “immemori

246 3656 267 3695 ⁴¹·
277 3643 322 3707 181
333 3654 357 3712 d.
371 3654 410 3713 15
425 3656 485 3713 Jot.
518 3656 657 3731 Simplicii
668 3670 769 3729 pupae
789 3658 829 3711 ud
843 3656 984 3712 Zertonem
999 3605 1205 3729 imperatorem
1217 3658 1252 3712 de
1266 3655 1356 3712 Petro
1372 3654 1476 3731 Monpo

358 3758 518 3815 responsio.

275 3850 278 3855 '
304 3840 457 3918 implumis
476 3842 588 3906 Zenoni,
610 3844 656 3918 qui
677 3842 711 3899 de
725 3842 847 3900 iohanne
864 3842 952 3915 'lailaja
973 3861 1006 3899 es
1021 3842 1198 3899 Alexaudriua
1212 3842 1284 3899 sede
1305 3842 1431 3916 pellendo
1448 3860 1477 3898 ae

245 3910 341 3983 lurni„
357 3929 414 4002 ejus
430 3931 521 3987 locun
542 3928 702 3985 sullicieudo
717 3927 750 3983 ad
771 3930 859 4002 ipsum
880 3930 1033 4002 scripserat,
1056 3929 1226 4003 rescripsisse
1247 3937 1328 4001 sitque
1344 3929 1395 3984 lruc
1412 3930 1477 3985 scri·

242 4010 300 4077 illm
311 4013 485 4083 preeuntem
501 4013 636 4077 Uramum.
652 4015 698 4089 qttl
712 4013 828 4071 Zerronls
844 4014 947 4070 litteras
967 4013 1110 4075 detulerat.
1133 4014 1320 4077 transmisisse,
1336 4030 1478 4069 successor

238 4087 333 4153 Gelidus
346 4096 423 4157 docet
444 4098 561 4173 (trucul
583 4117 612 4156 11.
631 4096 689 4173 lli).
728 4099 764 4153 lle
780 4107 918 4173 praeterea
935 4098 1014 4155 tradit
1030 4097 1098 4157 idern
1115 4107 1218 4160 auctor,
1240 4100 1266 4153 iu
1284 4099 1332 4155 lure
1347 4099 1476 4172 Silirplieli

233 4174 327 4251 epistula
338 4182 407 4243 Petri
422 4185 623 4241 restitutionem
640 4185 749 4242 ornuiuo
766 4183 932 4259 alirregutmu.
948 4194 975 4239 et
990 4184 1126 4239 Zenonem
1141 4185 1298 4239 rnetuendis
1310 4201 1476 4239 sercrunren-

229 4267 265 4323 lt't
278 4264 422 4329 demerem
438 4286 509 4333 osse.
528 4286 565 4327 ne
580 4272 658 4327 beuti
667 4270 765 4327 illurei
785 4272 979 4344 evurtpelistae
997 4256 1090 4327 sedern
1106 4287 1124 4324 u
1139 4272 1272 4341 mapistri
1284 4272 1331 4324 sui
1344 4270 1476 4324 doctrina

226 4359 255 4411 et
276 4359 451 4415 immaniore
466 4359 648 4428 permitteret
669 4359 808 4428 separari
828 4353 894 4426 (lut.
917 4371 959 4428 ep.
977 4355 989 4409 1
1009 4372 1036 4411 n.
1051 4352 1090 4424 ⁶2).
1141 4354 1265 4409 llcaeium
1287 4362 1376 4408 autem
1396 4352 1476 4407 simul

221 4442 343 4510 rontium.
357 4447 387 4497 ut
402 4439 523 4499 caaitdmu
538 4439 679 4515 epistolam
692 4442 897 4513 praesentibus
913 4443 1045 4512 alloquiis
1059 4441 1201 4511 firmaret,
1217 4438 1370 4512 Simplicius
1386 4438 1478 4510 opst-'lt

216 4526 305 4585 toret.
330 4524 382 4583 l'oa
395 4543 457 4583 cum
473 4526 588 4600 epistola
605 4527 643 4583 ln
657 4525 773 4598 ideoque
789 4525 831 4583 die
846 4526 883 4581 15
895 4524 958 4582 tilii
974 4526 1035 4581 aaut
1051 4523 1112 4581 4⁸2
1129 4525 1279 4596 cousumpta
1296 4530 1347 4578 est.
1390 4521 1476 4576 l'urro

215 4605 295 4677 lustjus
309 4609 388 4684 ipsius
410 4608 541 4685 epistolae
562 4618 666 4686 partem
687 4609 867 4685 fragmentum
888 4610 953 4666 illud
977 4627 1037 4667 esse
1057 4617 1197 4684 puteanus.
1225 4608 1297 4682 ‹prrod
1319 4624 1400 4681 supra
1421 4608 1477 4681 epi-

212 4694 283 4757 stou
299 4694 337 4754 io
350 4694 492 4753 celldimus.
870 4702 877 4712 '

296 4901 321 4957 1.
349 4901 460 4957 l’raeter
487 4902 570 4957 varias
591 4901 649 4957 illas
669 4900 812 4976 epistolas,
841 4916 909 4975 quae
929 4899 1125 4963 desiderantur,
1148 4897 1287 4954 Liberatus
1308 4916 1331 4952 r.
1350 4896 1389 4968 18
1410 4895 1476 4953 dau
