3412 5664
319 279 381 340 ‘ndi
772 294 799 340 s.
817 292 1023 341 noanrsnsn
1047 293 1161 340 aaran

208 475 232 511 a.
244 462 302 511 519.
317 447 496 531 suscepisti,
520 469 578 532 pro
594 470 631 511 ea
646 448 748 531 parte,
773 468 853 531 quae
869 449 942 511 aeta
958 451 1015 529 est,
1033 446 1235 532 gratulamur
1250 448 1374 531 effectu,
1387 449 1530 536 indicantes,

313 549 461 614 omnibus
483 549 597 615 Italiae
619 548 744 633 populis
767 570 848 633 cquae
871 554 1001 614 anctore
1016 548 1085 614 Deo
1100 572 1157 633 per
1179 552 1212 613 te
1233 554 1307 614 acta
1321 553 1532 638 suntplacuissq

314 656 347 717 et
368 652 490 738 gratias
513 651 581 717 Deo
603 655 714 717 nostro
736 651 805 715 sine
829 652 1006 716 cessatione
1020 651 1241 736 persolvimus,
1266 652 1320 737 qui
1341 657 1373 718 te
1390 654 1532 741 fecitaguo

313 778 411 838 scere,
440 755 602 839 quianon
624 777 681 838 pro
703 754 774 818 odio
784 754 807 837 ¹)
831 753 885 818 sed
908 775 965 837 pro
989 775 1102 817 causae
1125 754 1230 839 magis
1252 753 1352 820 fueris
1373 756 1533 840 amplitudine

313 857 502 921 destinatus.
526 857 620 922 Unde
635 857 786 940 quoniam
799 856 976 940 supplicem
983 858 1008 942 ²)
1025 859 1057 920 et
1069 879 1183 940 puram
1197 856 1419 941 cogitationem
1431 864 1534 925 nostran

313 982 370 1043 per
391 963 424 1023 te
446 959 663 1024 misericordia
686 958 812 1022 divinae
835 957 1073 1042 propitiationis
1096 958 1230 1042 adjuvit,
1255 980 1383 1024 neeesse
1401 964 1451 1042 est,
1469 967 1494 1024 ut
1509 962 1534 1026 de

312 1060 489 1125 industriae
511 1061 562 1125 vel
583 1060 786 1145 fatigationis
814 1064 888 1124 tuae
915 1059 1058 1144 praemio
1087 1063 1119 1123 et
1146 1059 1366 1125 vicissitudine
1393 1063 1533 1147 cogitenn.

312 1162 397 1227 Nam
426 1163 571 1247 sequenti
599 1166 742 1246 tempore
771 1162 909 1226 scribere
938 1161 1065 1225 domino
1096 1164 1130 1225 et
1155 1161 1222 1226 filio
1255 1166 1366 1227 nostro
1396 1163 1534 1248 imperatos¹

313 1265 521 1349 disponimuS,
544 1268 582 1328 ut
602 1268 635 1328 te
650 1264 906 1329 Alexandrinum
928 1264 1112 1347 episcopum
1135 1263 1252 1328 debeat
1267 1264 1419 1329 ordinare.
1444 1265 1534 1330 lustin

312 1372 362 1432 est
384 1369 484 1451 euim,
508 1370 545 1430 ut
566 1389 603 1430 ea
625 1367 772 1430 doctrina
794 1371 826 1430 et
848 1366 1065 1430 moderatione
1088 1369 1144 1430 tua
1168 1365 1349 1452 corrigatur
1370 1368 1534 1450 eeclesiaiu

312 1492 374 1554 qua
397 1469 567 1553 praecipue
590 1469 630 1532 ab
652 1468 730 1552 ipsis
754 1469 869 1532 aetatis
892 1472 965 1532 tuae
981 1467 1149 1553 principiis
1169 1468 1328 1533 militasti.
1366 1468 1443 1533 Nam
1461 1470 1534 1555 displi·

313 1572 380 1636 cuit
406 1571 514 1654 nebia,
549 1571 632 1655 quod
659 1570 827 1634 caritatem
853 1574 943 1634 tuam
972 1569 1238 1634 clementissimus
1266 1571 1434 1656 imperator
1456 1573 1534 1636 Aulio

313 1672 433 1738 chenae
456 1695 651 1758 praeponere
673 1673 837 1736 nitebatur
860 1672 1022 1736 ecclesiae.
1064 1671 1180 1735 Melius
1201 1672 1289 1746 enim
1311 1674 1345 1736 in
1368 1674 1430 1738 solo
1450 1674 1535 1758 patriae

311 1755 397 1840 tauti
424 1775 562 1859 accipies
590 1774 759 1839 sacerdotii
786 1774 993 1859 dignitatern,
1024 1777 1060 1837 ut
1088 1773 1267 1859 Aegyptios
1295 1774 1424 1858 populos
1447 1775 1534 1854 doceas,

311 1900 408 1962 qnam
429 1878 516 1942 inter·
538 1876 645 1961 Syros,
669 1898 768 1941 novos
791 1880 824 1940 et
844 1876 1026 1961 incognitos
1049 1875 1209 1960 homines,
1237 1876 1272 1940 in
1295 1877 1359 1940 alis
1380 1876 1457 1941 orbis
1473 1879 1534 1961 pute

311 1979 500 2066 progenitus
522 1979 662 2065 errarei)
684 1979 831 2043 videaris.

395 2082 426 2145 2.
461 2079 602 2145 Thomae
624 2103 748 2167 quoque
770 2084 803 2145 et
825 2079 1001 2144 Nicostrati
1021 2080 1160 2145 fratrum
1182 2084 1216 2145 et
1241 2081 1480 2166 coepiscoporum
1498 2103 1533 2145 uo

311 2188 450 2248 strorum
472 2183 652 2248 observatio
675 2183 772 2268 longa
787 2205 847 2247 nos
863 2182 1043 2267 contristat,
1067 2186 1101 2248 et
1114 2182 1279 2267 miramur,
1305 2206 1360 2249 cur
1374 2184 1449 2270 apud
1460 2183 1533 2248 catio

310 2285 409 2349 licum
435 2284 615 2370 principem
642 2288 749 2350 rectae
775 2285 849 2350 fidei
877 2285 1022 2350 laborare
1050 2285 1221 2350 rideantur
1256 2285 1412 2372 episcopi3
1440 2307 1533 2372 quorun

311 2386 467 2451 desideria
500 2390 556 2451 tua
589 2387 718 2451 debebit
752 2387 869 2451 caritas
903 2387 1068 2452 sublevare
1101 2388 1242 2472 agendo,
1278 2391 1431 2473 quatenns
1456 2390 1533 2472 apuu

312 2489 605 2574 consequentium⁴)
628 2510 752 2553 moeror
775 2491 917 2554 converti
939 2490 1040 2573 possit
1062 2489 1096 2553 in
1119 2490 1281 2575 gaudium.

395 2591 425 2656 3.
459 2590 625 2655 lohannes
647 2590 892 2675 Nicopolitanus
914 2591 1080 2676 episcopus
1101 2614 1158 2677 per
1181 2593 1387 2657 Ammoniunr
1410 2592 1532 2657 diacoma

310 2694 402 2758 nobis
425 2693 563 2777 scripsit,
588 2692 669 2778 quod
693 2693 721 2756 ei
745 2692 842 2778 aliqui
858 2693 1007 2758 malevoli
1026 2693 1109 2777 apud
1124 2694 1306 2778 principem
1321 2696 1456 2760 nituntur
1467 2714 1532 2778 geue

310 2819 381 2860 rare
405 2794 612 2860 calumniam:
636 2817 730 2879 quern
752 2794 914 2859 dilectioni
942 2799 1017 2863 tuae
1046 2796 1305 2861 commendamus
1332 2796 1490 2876 hortantes,
1509 2799 1532 2856 ut

310 2899 469 2980 elabores,
497 2920 539 2961 ne
561 2897 630 2981 ejus
652 2898 752 2983 quieti
774 2897 977 2962 inimicorum
998 2898 1101 2983 possit
1122 2920 1238 2963 nocere
1261 2899 1428 2985 subreptio.
1463 2895 1532 2972 Quen

310 3002 516 3064 Ammonium
539 3000 706 3064 diaconum
730 3000 770 3064 ad
792 3022 850 3064 nos
872 3001 1053 3065 venientem
1080 3000 1115 3064 in
1144 3000 1228 3065 sedis
1256 3001 1441 3086 apostelicae
1462 2997 1531 3063 uolui·

310 3124 379 3166 mus
403 3102 624 3166 communione
639 3102 800 3186 suscipere
814 3102 947 3185 tamdiu,
972 3102 1071 3166 donec
1094 3101 1205 3166 habito
1229 3125 1301 3167 cum
1316 3103 1423 3188 Sergio
1436 3101 1531 3165 dimona

309 3206 465 3287 tractatu,
499 3203 575 3288 quid
601 3204 741 3269 ordinari
773 3204 932 3288 debuerit,
968 3226 1208 3290 quaereremus3
1242 3208 1277 3269 et
1302 3205 1362 3270 hoc
1391 3201 1531 3269 deliberatio

309 3310 420 3371 nostra
428 3307 454 3392 ³)
477 3306 660 3390 supradicto
682 3306 817 3371 diacono
842 3306 1016 3391 probabilis
1044 3306 1183 3389 invenit,
1213 3310 1250 3372 ut
1277 3329 1335 3392 par
1361 3305 1531 3372 testimouium

309 3409 408 3473 libelli
421 3408 635 3473 communioni
648 3408 824 3472 catholicae
831 3408 1032 3493 jungeretur.
1058 3407 1126 3484 Quo
1137 3408 1247 3473 libello
1258 3409 1446 3474 sollemniter
1456 3406 1531 3472 oblato

309 3515 437 3575 nostrae
459 3511 645 3574 offerentem
669 3511 885 3589 communioni
907 3511 1126 3595 significamus
1149 3510 1348 3594 adjunctum.
1379 3513 1389 3536 '

393 3615 424 3677 4.
458 3611 629 3676 Paulinum
652 3612 804 3676 ecclesiae
826 3612 991 3676 Romanae
1014 3612 1213 3677 defensorem
1229 3613 1479 3678 commendamus.
1504 3606 1532 3672 lt

308 3714 484 3798 hortamur,
507 3717 544 3777 ut
565 3713 646 3777 nihil
668 3713 892 3798 indispositum
915 3735 973 3798 pro
995 3715 1201 3778 festinatione
1223 3716 1321 3779 vestri
1344 3716 1454 3780 reditus
1468 3710 1532 3777 reliu-

309 3817 464 3901 quatis⁶):
487 3816 562 3900 quia
584 3815 696 3880 melius
720 3820 835 3880 cuncta
858 3816 916 3879 sub
938 3815 1122 3900 prolixitate
1136 3817 1290 3901 temporis
1315 3837 1385 3883 curn
1399 3811 1535 3882 Deiuoetri

311 4009 357 4057 105
393 4005 413 4070 ¹)
431 4002 492 4056 Hoc
508 4002 594 4057 verbo
611 4001 748 4069 innuitur,
766 4003 929 4058 Dioscorum
946 4003 1037 4072 primo
1054 4002 1203 4073 legationis
1220 4022 1320 4059 munus
1337 4005 1390 4060 hac
1406 4004 1498 4060 ratione
1510 4017 1540 4055 eu·

309 4104 429 4154 eusasse,
452 4086 527 4154 quod
547 4086 611 4142 inde
633 4088 686 4143 sibi
708 4087 802 4143 odium
824 4087 1013 4158 invidiamque
1032 4088 1164 4143 concitari
1180 4089 1307 4157 limeret,
1331 4090 1377 4145 vel
1399 4089 1476 4145 etism
1490 4084 1544 4157 qoud

309 4172 373 4228 odio
390 4187 553 4242 progressus
570 4171 612 4226 sui
630 4172 666 4226 ab
685 4171 818 4227 ecclesiae
837 4189 903 4227 snae
922 4174 1029 4242 gremio
1047 4173 1267 4229 abstraheretur.

376 4261 396 4326 ²)
416 4255 581 4312 Concinnior
600 4256 740 4312 videretur
757 4274 810 4311 vor
828 4264 976 4326 simplicem:
994 4258 1047 4312 nisi
1065 4260 1137 4313 forte
1148 4257 1194 4313 bio
1206 4263 1347 4316 memorat
1359 4260 1550 4330 Hormisdupre

308 4360 364 4410 ces,
383 4343 483 4411 qubus
500 4340 663 4396 Dioscorum
679 4359 715 4396 ne
732 4341 902 4411 legationem
919 4351 1062 4398 recusaret
1079 4345 1237 4399 obtestatus
1254 4348 1305 4400 est.

375 4431 396 4498 ³)
414 4428 474 4481 Hoc
486 4429 540 4481 est:
559 4427 723 4497 peregrinus
737 4445 795 4482 esse
808 4428 927 4483 ridearis
944 4428 1070 4497 adeoque
1081 4430 1196 4499 practer
1207 4430 1360 4488 canonicas
1376 4433 1456 4504 leges
1466 4433 1557 4489 elesa

375 4516 395 4580 ⁴)
414 4512 464 4566 Ed.
484 4514 616 4583 utsupra
633 4519 818 4584 consequendo.

373 4600 394 4666 ⁵)
413 4597 463 4651 Ed.
483 4597 546 4651 add.
566 4602 606 4652 de.

374 4685 395 4751 ⁸)
414 4682 474 4736 Hac
490 4682 518 4735 in
537 4700 567 4737 re
583 4682 749 4751 prudentem
759 4685 919 4754 pontificem
931 4685 1009 4754 sequi
1022 4700 1077 4739 non
1089 4685 1178 4755 pudet
1188 4686 1340 4742 consilium
1352 4690 1496 4760 piissime
1506 4692 1568 4748 faui·

306 4785 359 4822 nae
371 4768 387 4820 J
390 4767 498 4822 alianae
510 4768 636 4834 aniciae,
654 4785 725 4837 quae
744 4768 822 4838 epist.
838 4776 868 4823 71
888 4770 1032 4840 adipsum
1049 4770 1210 4840 scripserat:
1230 4775 1409 4832 Sanctarum
1420 4791 1526 4833 neuun
1535 4784 1572 4832 cl-

307 4873 441 4915 orassemus,
465 4864 490 4906 ut
508 4859 625 4907 iutiruetis
643 4858 778 4908 destinatis
795 4876 811 4909 a
828 4859 898 4910 vobis
915 4861 1131 4910 reverendissimis
1148 4861 1221 4919 uiris.
1246 4865 1319 4916 nullo
1344 4869 1424 4921 nodo
1441 4869 1576 4931 ὠιαάη,
