3450 5678
232 300 296 364 416
708 315 736 363 ε.
753 314 894 363 aanasu
917 312 1030 361 aaran

125 483 217 533 adeo.
232 471 321 536 Petri
342 490 465 553 quoque
489 469 683 533 consortium
704 468 882 551 duceretur,
908 467 1011 553 ipsum
1027 489 1150 552 quoque
1171 489 1263 531 asua
1279 467 1507 533 communione

233 572 407 655 submovit,
451 574 484 635 et
516 572 625 635 multis
658 571 760 635 modis
792 560 1065 655 transgressorem
1098 593 1117 633 a
1149 592 1207 636 sua
1239 570 1394 635 societate
1426 570 1509 636 fecit

233 677 383 740 alienum.
1531 745 1535 750 ,

314 779 346 841 4.
391 776 454 840 Hic
483 778 510 839 si
538 776 733 840 examinatio
760 775 939 860 quaeritur,
966 776 1035 859 jam
1060 774 1182 857 judicio
1210 797 1276 840 non
1312 781 1384 841 erat
1411 799 1504 862 opus,

231 884 399 964 postquam
421 878 537 942 litteris
560 879 624 942 suis
647 879 715 962 ipse
738 878 902 942 confessus
925 882 984 942 est.
1019 878 1053 943 Si
1075 878 1279 944 auctoritatis
1301 878 1430 962 pondus
1456 878 1506 943 in-

232 982 377 1066 quiritur,
407 980 676 1046 tlalchedouensis
704 979 817 1065 synodi
850 984 961 1044 tenore
994 979 1080 1043 illius
1109 980 1306 1044 delinitionis
1339 982 1505 1047 exsecutio

231 1084 399 1169 reperitur,
423 1105 485 1166 quo
507 1084 651 1146 damnati
673 1081 740 1146 illic
763 1083 877 1146 erroris
901 1083 1152 1147 communicator
1173 1083 1316 1167 allectae,
1340 1084 1505 1167 praefixae

231 1185 439 1249 nihilominus
462 1184 678 1272 damnationis
700 1185 862 1268 particeps
885 1186 1068 1268 exsisteret3
1090 1186 1242 1268 quoniam
1257 1185 1341 1249 idem
1363 1186 1434 1270 ipse
1457 1207 1503 1251 er·

231 1310 294 1370 ror,
319 1289 373 1373 qui
395 1287 492 1352 semel
515 1292 563 1353 est
586 1311 657 1353 cum
680 1309 736 1350 suo
759 1290 888 1351 auctore
911 1287 1092 1369 damnatus,
1122 1286 1156 1350 in
1178 1286 1337 1372 participe
1360 1285 1504 1373 quolibet

231 1412 348 1474 pravae
372 1391 603 1454 eommrmionis
632 1390 744 1454 effecto
767 1392 800 1453 et
822 1390 1074 1454 exsecrationem
1096 1389 1143 1451 sui
1174 1392 1283 1474 gestat
1304 1394 1337 1454 et
1351 1412 1501 1474 poenam.

231 1492 300 1568 Quo
321 1496 433 1557 tenore
462 1492 648 1556 Timotheus
676 1493 772 1555 etiam
801 1495 895 1575 atque
923 1492 991 1576 ipse
1021 1490 1258 1556 Alexandrinus
1285 1492 1418 1577 Petrus',
1448 1493 1503 1578 qui

152 1581 157 1591 ¹
231 1594 403 1659 secundam
426 1597 511 1658 certe
534 1595 640 1660 sedem
662 1594 805 1658 tenuisse
820 1594 1021 1676 videbantur,
1045 1615 1111 1658 nou
1134 1595 1272 1678 repetita
1300 1594 1424 1679 synodo
1445 1594 1503 1659 sed

231 1698 423 1761 auctoritate
450 1696 672 1760 tantummodo
700 1696 783 1760 sedis
811 1696 1015 1779 apostolicae,
1045 1696 1115 1779 ipso
1142 1685 1269 1781 qudque
1297 1696 1421 1762 Aeacio
1447 1718 1505 1783 po

230 1799 371 1863 stulante
393 1801 444 1864 vel
467 1803 669 1884 exsequente,
696 1799 876 1882 probantur
897 1820 965 1862 esse
988 1797 1143 1863 damnati.

314 1903 345 1967 5.
390 1901 532 1986 Quodsi,
579 1905 686 1966 utrum
720 1901 818 1964 errori
855 1900 905 1963 vel
947 1901 1217 1984 praevaricationi
1256 1902 1505 1967 communicarit

231 2005 380 2087 Aeacius,
403 2004 541 2067 forsitan
563 2003 688 2068 dicatur
710 2002 887 2087 oportuisse
910 2006 1067 2086 constare,
1092 2003 1232 2068 breviter
1253 2003 1446 2088 praebemus
1460 2003 1504 2069 ad

231 2106 293 2169 ista
316 2128 516 2190 responsum:
540 2109 596 2170 aut
618 2106 704 2170 enim
726 2106 788 2190 ipsi
811 2105 947 2168 doceant
964 2105 1096 2170 Petrum
1119 2105 1277 2170 veraciter
1293 2105 1503 2192 legitimeque

230 2212 404 2293 purgatum
427 2212 459 2271 et
477 2209 517 2271 ab
540 2208 628 2272 omni
649 2207 884 2271 haereticorum
900 2207 1093 2292 contagione
1109 2209 1170 2271 rite
1192 2207 1378 2293 discretum,
1402 2231 1504 2295 quum

230 2310 259 2372 ei
283 2310 530 2374 communicavit
552 2310 701 2393 Aeacius,
731 2309 757 2373 si
781 2310 848 2393 ejus
880 2311 1182 2375 communicatorem
1202 2313 1322 2395 putant
1342 2312 1503 2377 Acacium

230 2413 432 2497 aliquatenus
448 2413 680 2495 excusandurn;
703 2415 760 2475 aut
779 2412 816 2496 si,
841 2413 925 2496 quod
939 2414 1044 2498 magis
1060 2417 1108 2478 est
1125 2435 1245 2496 verum,
1271 2413 1502 2479 convenienter

231 2519 325 2599 atque
348 2516 492 2600 legitime
507 2515 638 2578 Petrum
662 2537 725 2578 uon
750 2514 958 2598 probaverint
980 2516 1154 2600 expiatum,
1178 2519 1290 2600 restat,
1314 2519 1352 2580 ut
1365 2517 1437 2600 ejus
1452 2516 1503 2581 in·

191 2687 194 2691 ⁴
230 2619 412 2700 expiatione
434 2618 542 2700 suerit,
567 2617 675 2702 etqui
699 2617 728 2681 ei
753 2617 1010 2699 communicavit,
1034 2619 1184 2682 infectus.

313 2719 382 2783 Nec
409 2720 506 2804 plane
533 2722 687 2803 tacemus,
716 2719 801 2803 quod
829 2723 944 2784 cuncta
972 2741 1030 2804 per
1051 2720 1204 2784 mundum
1226 2721 1317 2785 novit
1338 2720 1499 2804 Ecclesia,

228 2822 379 2906 quoniam
401 2822 615 2906 quommlibet
642 2823 812 2886 sententiis
841 2822 943 2906 ligata
965 2823 1154 2907 pontificma
1182 2821 1271 2887 sedes
1299 2822 1387 2887 beati
1410 2823 1501 2888 Petri

228 2924 377 3010 apostoli,
392 2925 446 3009 jus
479 2924 598 2988 habeat
625 2924 818 2987 resolvendi:
848 2927 959 3008 utpote
987 2946 1068 3009 quae
1095 2924 1134 2988 de
1156 2926 1244 2988 omni
1271 2923 1419 2990 Ecclesia
1449 2926 1501 2991 fas

227 3026 346 3090 habeat
363 3025 541 3110 judicandi,
565 3047 668 3110 neque
692 3026 838 3111 cuiquam
861 3026 957 3090 liceat
979 3027 1017 3090 de
1040 3027 1109 3110 ejus
1127 3026 1273 3110 judicare
1290 3027 1432 3112 judici03
1458 3029 1498 3094 si-

227 3128 356 3211 quidem
379 3127 417 3190 ad
440 3128 529 3192 illam
557 3127 596 3192 de
623 3128 766 3212 qualibet
787 3128 899 3192 mundi
921 3131 1014 3213 parte
1043 3151 1181 3193 canones
1209 3129 1366 3214 appellari
1392 3130 1499 3196 volne-

226 3230 304 3314 riut,
328 3231 369 3295 ab
391 3230 448 3294 illa
470 3233 576 3294 autem
598 3252 692 3294 nemo
715 3230 758 3294 sit
780 3230 941 3314 appellare
964 3232 1147 3315 permissus,
1193 3230 1397 3316 Quapropter
1423 3254 1498 3299 oon·

227 3331 292 3395 stat
319 3332 408 3415 satis,
437 3331 594 3396 Acacium
615 3332 740 3396 nullum
767 3331 916 3418 habuisse
948 3334 1149 3418 pontificium
1181 3333 1379 3400 sententiam
1412 3335 1499 3401 sedis

227 3435 421 3518 apostolieae
444 3435 513 3498 sine
541 3434 606 3498 ulla
635 3435 702 3517 ejus
730 3435 861 3499 notione
884 3435 1037 3500 solvendi.
1084 3437 1153 3511 Qua
1175 3439 1261 3500 certe
1288 3436 1412 3521 synodo
1437 3434 1498 3501 hoc

227 3535 280 3599 ille
303 3538 532 3621 praesumpsit,
562 3537 646 3622 quod
669 3559 728 3600 nee
757 3538 803 3601 sic
833 3537 951 3621 absque
981 3537 1157 3621 apostolica
1188 3538 1262 3603 sede
1295 3537 1346 3603 sas
1368 3537 1498 3623 quidem

227 3637 359 3702 haberet
381 3638 532 3703 efficere?
556 3639 654 3722 Cujus
677 3638 760 3702 sedis
783 3639 974 3723 episcopus?
1003 3640 1101 3724 Cujus
1123 3640 1392 3725 metropolitanae
1420 3639 1497 3705 civi·

226 3741 302 3804 tatis
326 3741 484 3806 antistes?
507 3740 624 3805 Nonne
644 3740 815 3824 parochiae
830 3740 1055 3805 Heracleensis
1077 3741 1253 3808 ecclesiae?
1280 3741 1316 3807 Si
1338 3741 1387 3810 illi
1409 3745 1497 3807 certe

225 3841 316 3906 licuit
337 3843 406 3907 sine
429 3843 550 3926 synodo
572 3843 768 3906 sententiam
783 3843 976 3927 apostolieae
998 3844 1081 3908 sedis
1097 3844 1297 3929 abrumpere,
1320 3842 1413 3909 nulla
1427 3843 1496 3928 ejus

227 3945 459 4011 eonsvdtatione
481 3945 641 4029 quaesita3
664 3945 752 4009 itane
776 3967 849 4009 vero
872 3968 937 4010 non
959 3945 1052 4012 licuit
1073 3947 1196 4031 primae
1217 3945 1296 4031 sedi,
1321 3944 1496 4013 Calchedo-

225 4048 333 4112 nensis
355 4047 469 4133 synodi
492 4048 676 4130 constituta,
706 4047 790 4112 sicut
811 4047 928 4131 decuit,
960 4049 1163 4134 exsequenti,
1192 4048 1376 4133 hujusmodi
1401 4068 1497 4134 prae-

225 4149 433 4213 varicatorem
462 4172 519 4213 sua
547 4149 738 4213 auctoritate
768 4149 960 4214 detrudere?
1003 4151 1065 4215 Sed
1093 4174 1153 4216 nec
1185 4151 1241 4215 illa
1269 4151 1495 4236 praeterimus,

224 4251 306 4334 quod
330 4250 504 4335 apostoliea
527 4252 617 4315 sedes
639 4241 834 4336 frequenter,
858 4256 895 4315 ut
917 4252 1037 4317 dictum
1060 4256 1124 4336 est,
1154 4275 1241 4318 more
1263 4253 1424 4337 majorum
1448 4256 1496 4317 et·

224 4352 288 4415 iarn
310 4354 379 4417 sine
401 4353 466 4418 ulla
494 4353 615 4437 synodo
639 4354 866 4438 praecedente,
898 4355 1079 4420 exsolvendi
1107 4378 1186 4440 quos
1213 4355 1354 4441 synodus
1381 4354 1497 4441 iniqua

224 4455 442 4538 damnaverat,
467 4459 500 4535 et
521 4455 696 4520 damnandi
719 4456 809 4520 nulla
831 4457 1005 4522 exsistente
1027 4457 1147 4541 synodo
1162 4480 1241 4542 quos
1256 4456 1411 4543 oportuit,
1438 4456 1497 4525 ha·

225 4556 328 4622 buerit
354 4558 551 4622 facultatem.
597 4557 736 4623 Sanctae
763 4559 880 4643 quippe
909 4560 1080 4624 memoriae
1108 4560 1326 4626 Athanasium
1350 4559 1498 4644 synodus

224 4659 399 4724 Orientalis
421 4659 597 4742 addixerat,
628 4682 721 4744 quem
744 4663 852 4725 tamen
881 4667 1048 4746 exceptum
1075 4663 1165 4727 sedes
1194 4661 1388 4747 apostolica,
1416 4662 1500 4747 quia

222 4760 421 4826 damnationi
445 4762 638 4827 Graceomm
667 4784 730 4826 uon
758 4764 934 4846 consensit,
965 4763 1111 4829 absolvit.
1157 4767 1296 4831 Sanctae
1317 4765 1500 4832 memoriae

223 4862 430 4930 nihilominus
452 4864 636 4932 dolmuuenr
659 4866 1053 4951 Oonsturtinopolitanum
1075 4869 1215 4952 synodus
1237 4867 1336 4933 etiam
1356 4866 1501 4937 cathod-
