3412 5664
276 319 317 384 86
622 329 757 378 nonina
780 328 934 377 rancura
957 329 994 376 m
1017 300 1198 379 sunnncar

277 504 381 572 pugnat
397 494 449 551 boc
464 503 572 550 nomen'.
603 493 683 550 Gesta
699 494 799 567 quippe
814 481 991 547 llonrana'rum
1003 490 1178 566 synodorum,
1194 493 1221 547 iu
1234 489 1332 565 quibus
1344 490 1454 565 aliquid,
1474 489 1556 564 quod

277 581 311 638 ad
326 580 531 637 eeclesiasticam
548 579 714 653 disciplinam
730 579 865 639 attineret,
881 576 1085 640 decernebatur,
1100 576 1133 632 ad
1148 577 1211 632 alias
1224 578 1304 632 etiam
1319 575 1448 645 ecclesias
1465 575 1556 650 vulgo

279 668 359 722 missa
374 665 458 722 luisse
474 674 549 721 extra
564 665 776 721 controversiam
792 670 843 718 est.
864 661 944 719 tlertc
959 661 1066 736 synodi,
1082 678 1161 736 quam
1173 662 1348 737 Symmachus
1359 660 1473 719 biennio
1488 668 1558 735 post

280 751 378 808 Romae
393 750 546 813 celebravit,
568 752 594 806 in
611 749 707 805 Gallias
723 749 878 805 transmissa
894 765 954 804 esse
975 755 1042 810 acta,
1064 748 1143 804 brito
1159 747 1305 805 Viennensi
1320 747 1452 823 episcopo
1468 747 1556 821 epist.

281 838 320 895 31
339 843 410 894 testo
424 835 579 892 edocemur.

588 986 627 1045 In
647 983 822 1061 symmachi
844 982 1006 1061 epistolam
1026 982 1047 1044 2
1069 978 1237 1065 („Moott“).

219 1116 271 1183 [at]
371 1108 398 1164 1.
421 1106 497 1181 llpud
509 1107 651 1165 baronium
667 1109 693 1163 in
709 1103 849 1163 annalibus
865 1106 897 1162 ad
910 1123 972 1163 ann.
983 1103 1046 1164 499
1062 1107 1137 1164 ιι.37
1155 1123 1207 1163 ιιιιο
1221 1123 1282 1163 cum
1297 1107 1422 1181 sequenti
1433 1107 1561 1180 primum

282 1193 384 1269 prodiit
399 1210 434 1247 cr
447 1192 611 1249 Arelatensis
632 1192 762 1249 ecclesiae
784 1191 878 1247 codice
894 1198 979 1247 eruta.
1011 1190 1157 1266 Utramque
1177 1190 1338 1248 adulterum
1354 1190 1495 1265 exemplar
1510 1206 1561 1246 ex·

284 1287 368 1335 aetam
383 1275 498 1333 lacobus
514 1276 675 1334 Sirmondus
691 1275 787 1333 concil.
805 1275 873 1332 Gall.
891 1284 957 1332 tom.
975 1276 985 1331 l
1001 1278 1124 1332 inseruit.
1163 1275 1235 1332 [tuos
1251 1276 1312 1332 illos
1328 1274 1445 1339 codices,
1462 1276 1513 1349 qui
1530 1275 1561 1331 in

285 1363 448 1420 bibliotheca
464 1361 618 1419 Colbertina
630 1362 685 1433 jam
701 1369 881 1424 asservantur,
904 1361 994 1417 denuo
1010 1378 1071 1418 curu
1086 1361 1173 1435 Regio
1189 1360 1271 1419 3849
1288 1362 1512 1436 recognovimus.

206 1456 274 1527 [ρο]
370 1447 399 1502 2.
431 1447 516 1504 Porro
538 1448 607 1521 apud
624 1447 799 1504 conciliorum
815 1447 935 1502 editores
951 1455 1013 1502 ante
1028 1446 1201 1503 Sirmondum
1217 1446 1282 1503 baec
1297 1445 1412 1520 epistola
1425 1444 1561 1520 sequenti

284 1534 446 1609 postposita.
485 1532 598 1588 Primam
615 1533 741 1589 collocari
757 1531 882 1587 debuisse
897 1531 1013 1605 probant
1029 1549 1112 1606 quum
1127 1540 1218 1587 rectus
1234 1531 1312 1596 ordo,
1333 1533 1378 1606 qui
1395 1531 1561 1605 priusquam

224 1643 226 1647 ·
285 1617 391 1675 auditae
405 1618 460 1674 sint
476 1624 566 1692 partes
577 1617 710 1689 judicium
727 1614 784 1672 beri
800 1633 854 1673 non
869 1618 980 1690 patitur,
999 1626 1054 1672 tum
1071 1624 1136 1672 nota
1151 1617 1301 1673 eorrsularis
1317 1624 1403 1689 ‚port
1418 1618 1561 1674 consutu-
1574 1646 1589 1673 l

284 1707 374 1761 lutum
386 1704 532 1774 Paraliai“‚
550 1720 618 1777 (puae
633 1719 732 1758 annum
748 1700 809 1759 499
825 1700 951 1777 designat
965 1700 1011 1774 (cl.
1028 1701 1094 1777 Pag.
1112 1702 1144 1757 ad
1159 1720 1182 1757 a.
1196 1701 1258 1760 499
1275 1720 1301 1758 ιι.
1312 1700 1350 1775 1),
1374 1710 1430 1757 tum
1446 1699 1561 1757 demum

286 1796 351 1846 nota
371 1787 521 1844 consularis
544 1790 606 1844 anni
627 1788 767 1863 sequentis
788 1791 983 1860 iterumne.
1004 1788 1134 1849 Paulini,
1162 1804 1231 1861 quae
1248 1804 1305 1844 eam
1327 1803 1399 1844 antro
1419 1785 1485 1844 499
1502 1784 1563 1859 jam

286 1874 379 1948 elapso
395 1873 483 1929 datam
499 1889 559 1930 esse
575 1872 752 1929 demonstrat.

559 2021 598 2083 In
619 2022 795 2099 Symmachi
816 2022 1019 2101 epistolemd
1041 2020 1289 2107 („l)itectionis“).

223 2156 275 2225 [ιιι]
374 2144 459 2201 Simul
479 2162 538 2201 cunr
555 2146 697 2219 superiore
720 2152 748 2200 et
762 2161 795 2202 er
810 2144 906 2203 iisdem
922 2145 1119 2221 exemplaribus
1135 2148 1162 2203 in
1178 2147 1267 2204 lucem
1281 2148 1379 2204 emissa
1395 2153 1448 2203 est.
1479 2144 1565 2202 Notat

290 2229 422 2294 labbeus,
434 2231 548 2287 Caesarii
565 2248 663 2287 nomen
680 2231 741 2288 loco
758 2232 852 2288 »leonii
867 2238 946 2288 antea
960 2233 1113 2306 irrepsisse.

554 2380 593 2442 In
613 2381 788 2458 Symmachi
811 2380 972 2460 epistolam
993 2382 1015 2442 4
1036 2379 1137 2463 (,,Νοιι
1152 2379 1295 2464 deduit“).

227 2517 281 2585 [at]
376 2506 397 2559 Α
413 2504 485 2560 buca
500 2503 628 2560 ltacberio
644 2504 778 2579 spicilegii
795 2512 869 2561 tomo
885 2504 932 2570 tlt,
943 2505 1002 2563 307
1021 2522 1052 2561 ex
1069 2505 1227 2581 Hieronymi
1243 2506 1363 2582 vignerii
1383 2503 1568 2580 sebedis'pri·

292 2608 364 2647 mum
386 2590 493 2664 vulgata
509 2597 561 2645 est.
591 2588 655 2659 Ejus
671 2591 812 2683 veritatem
827 2589 945 2665 probant
960 2589 1028 2647 duae
1043 2592 1199 2666 superiores
1216 2591 1250 2649 ad
1265 2593 1399 2663 beoniam
1419 2588 1568 2665 epistolas.

293 2678 364 2734 sicut
379 2676 494 2733 vicissim
510 2676 604 2731 barum
619 2687 778 2751 γνηοιοτης
793 2677 844 2732 ista
859 2675 1046 2733 contirmatur.

320 2827 359 2889 In
373 2826 548 2904 Symmachi
563 2825 757 2904 epistolamb
777 2844 831 2888 seu
846 2828 995 2903 synodum
1009 2827 1180 2889 Romam
1194 2828 1237 2891 tv
1252 2790 1547 2908 („Rufio'lllaqno“).

224 2961 282 3035 [aa]
380 2950 407 3006 1.
438 2920 566 3005 Veterum
586 2949 719 3022 codicum,
741 2951 768 3006 in
789 2947 887 3024 quibus
908 2951 1048 3024 sequentis
1063 2951 1162 3024 synodi
1178 2957 1256 3025 gesta
1271 2948 1442 3013 exhibentur,
1466 2949 1570 3025 triplex

294 3054 381 3113 genus
397 3037 557 3111 reperimus.
589 3033 700 3091 Exstant
722 3037 794 3092 euim
815 3036 903 3109 primo
919 3037 947 3092 in
962 3035 1095 3109 singulari
1111 3036 1175 3093 olim
1190 3034 1290 3091 Nicolai
1307 3033 1384 3090 Fabri
1400 3050 1476 3091 nunc
1489 3032 1572 3090 ditis·

293 3125 376 3179 simae
391 3114 601 3192 bibliothecae¹)
616 3120 786 3177 Colbcrtinac
808 3122 960 3196 exemplari,
985 3123 1012 3177 iu
1035 3137 1090 3195 quo
1109 3128 1137 3177 et
1154 3120 1233 3196 plura
1254 3127 1429 3177 monumenta
1445 3118 1480 3175 ad
1495 3115 1572 3175 eam·'

296 3208 356 3265 dem
379 3205 514 3281 synodum
536 3207 677 3262 attinentia
698 3209 820 3281 proxime
841 3224 855 3262 a
877 3205 955 3262 nobis
975 3205 1141 3277 subjicienda
1161 3205 1286 3278 adjuncta
1306 3212 1380 3262 sunt.
1412 3202 1572 3279 optandum

300 3291 408 3366 quidem
425 3291 505 3353 ioret,
529 3300 559 3345 ut
574 3291 627 3347 huc
641 3291 776 3365 exemplar
791 3310 805 3347 a
821 3293 943 3365 peritiori
958 3308 1039 3347 manu
1054 3291 1219 3366 descriptum
1236 3299 1317 3348 esset.
1353 3288 1407 3347 Sed
1423 3288 1459 3347 ob
1471 3291 1574 3364 singu·

300 3377 431 3431 laritatem
448 3376 537 3448 magni
552 3374 633 3432 debet
648 3392 708 3431 esse
728 3378 817 3449 pretii.
855 3375 953 3432 Eadem
974 3383 1111 3451 praeterea
1125 3376 1270 3451 praedietis
1286 3376 1469 3432 monumentis
1485 3374 1573 3432 desti·

302 3467 360 3515 tuta
380 3477 410 3515 ac
431 3459 501 3514 nrrda
523 3460 548 3514 in
570 3476 600 3515 ea
615 3460 786 3530 collectione,
808 3477 888 3534 quam
904 3461 1077 3519 iladrianusl
1099 3462 1195 3518 Carolo
1207 3460 1304 3536 llagno
1318 3459 1403 3522 dedit.
1424 3459 1570 3535 leguntur.

301 3544 364 3600 lnde
384 3544 429 3600 illa
451 3550 588 3600 mutuatus
608 3543 728 3600 Isidorus
744 3544 876 3602 llercator
892 3546 984 3603 cadem
1004 3555 1032 3602 et
1052 3547 1237 3622 compilationi
1257 3562 1321 3603 suae
1336 3546 1462 3602 inseruit.
1489 3546 1572 3602 Anno

301 3639 389 3687 autem
407 3628 487 3686 1535
503 3629 593 3686 iacobi
610 3628 712 3686 llerlini
734 3646 816 3705 opera
838 3648 868 3688 ae
888 3632 1015 3707 deinceps
1035 3634 1063 3689 in
1084 3634 1181 3690 ceteris
1203 3632 1379 3690 conciliorum
1402 3629 1571 3689 editionibus

302 3714 410 3790 vulgata
424 3722 498 3771 sunt.
523 3714 596 3783 Quae
607 3732 690 3789 quum
702 3714 738 3772 ibi
749 3716 871 3773 nonnihil
883 3716 1026 3792 depravata
1037 3718 1187 3789 judicasset
1196 3719 1335 3781 baronius.
1358 3733 1393 3775 ea
1410 3733 1478 3773 cum
1493 3718 1571 3773 unti-

302 3804 397 3875 quitus
412 3804 531 3872 serapio,
554 3802 651 3874 inquit,
675 3796 810 3874 codicc²l
833 3803 1027 3873 Cresconiuno
1049 3803 1147 3860 collata
1169 3812 1251 3878 atque
1272 3811 1302 3860 ut
1325 3804 1408 3860 licuit
1428 3800 1573 3858 emendata

302 3888 329 3942 in
345 3885 486 3942 annalibus
502 3885 535 3942 ad
551 3903 612 3942 ann.
626 3885 687 3945 502
703 3887 796 3944 recudi
811 3889 922 3945 curarit.

387 3971 415 4035 2,
439 3972 473 4027 dt
488 3973 515 4027 in
531 3973 625 4045 quovis
641 3971 764 4029 codicum
779 3990 880 4047 genere
895 3982 973 4047 gesta
988 3973 1032 4029 illa
1047 3974 1128 4048 Rrrfo
1144 3974 1203 4047 (seu
1214 3972 1312 4047 Rufio)
1333 3973 1442 4048 Magno
1457 3971 1573 4029 Fausto

302 4058 409 4113 Avieno
432 4075 456 4113 ο.
474 4074 499 4113 c.
517 4073 596 4114 cons.
619 4059 672 4115 stab
687 4060 732 4116 die
746 4060 778 4115 X
787 4060 856 4116 Καὶ.
875 4059 1041 4129 decembr„
1065 4059 1119 4116 hoc
1139 4066 1182 4115 est
1203 4059 1243 4117 23
1262 4059 1305 4115 die
1326 4059 1427 4115 mensis
1444 4055 1573 4113 Octobris

302 4143 363 4199 anni
377 4142 436 4199 501
454 4144 658 4217 consignantur,
684 4144 735 4199 nisi
750 4143 824 4218 quod
840 4145 866 4200 in
883 4161 937 4200 uuo
953 4143 1115 4201 Coisliniano
1131 4162 1162 4201 ac
1177 4144 1250 4201 torte
1261 4144 1320 4201 aliis
1332 4142 1483 4218 perpaucis.
1498 4158 1574 4216 quos

302 4235 413 4284 secutus
428 4234 470 4283 est
486 4227 622 4294 blerlinus,
645 4237 709 4285 nota
730 4231 866 4286 numerica
880 4231 911 4286 Χ
925 4230 1063 4294 exciderit,
1085 4248 1115 4286 ac
1136 4237 1222 4286 restet
1242 4232 1289 4287 die
1303 4230 1372 4286 Kal.
1389 4245 1440 4303 pro
1455 4228 1508 4285 aab
1524 4228 1575 4285 die

302 4314 406 4371 a'aar.
422 4313 514 4387 Neque
529 4330 543 4368 a
555 4330 661 4370 summo
675 4314 723 4370 illo
738 4314 860 4371 codicum
876 4333 1011 4373 consensu
1027 4314 1157 4372 dissidere
1168 4313 1320 4372 censendus
1333 4322 1376 4370 est
1387 4310 1574 4384 Corbejeusis.

302 4399 367 4456 llam
383 4399 446 4456 licet
460 4401 488 4455 in
503 4415 536 4454 eo
552 4407 616 4455 uota
631 4399 701 4456 desit
716 4399 874 4463 consularis,
898 4402 980 4457 trium
996 4408 1085 4457 tamen
1100 4401 1230 4464 linearum
1246 4407 1330 4457 restat
1347 4400 1473 4474 spatium,
1495 4396 1574 4472 quod

303 4485 479 4560 antiquarius,
503 4490 532 4540 ut
547 4501 605 4541 eam
622 4493 716 4559 postea
732 4485 888 4557 majusculis
902 4493 930 4543 et
946 4488 1061 4543 miniatis
1077 4486 1175 4543 litteris
1190 4503 1242 4561 pro
1257 4502 1334 4543 more
1349 4486 1484 4560 pingeret,
1506 4482 1576 4541 rett-

373 4703 391 4769 ')
410 4698 490 4765 Quod
509 4698 614 4754 scilicet
631 4697 696 4753 olim
715 4698 875 4754 monasterii
893 4719 913 4754 s.
928 4700 1004 4754 Petri
1013 4699 1194 4768 Fossabensis,
1212 4717 1276 4754 mox
1293 4698 1358 4769 post
1371 4696 1434 4753 etio.
1448 4694 1578 4752 Fabrum

304 4767 382 4823 Colb.
397 4774 472 4836 1868,
490 4768 590 4824 deiude
607 4768 677 4837 Reg.
693 4773 767 4822 3887.
782 4773 805 4821 t).
820 4775 844 4834 e,
862 4771 922 4822 tum
939 4770 1011 4823 teste
1024 4768 1132 4822 bubalo
1144 4769 1215 4838 Reg.
1231 4775 1304 4834 1451,
1321 4763 1438 4821 membr.
1452 4780 1527 4820 saec.
1540 4764 1576 4820 X.

370 4839 392 4904 ²)
409 4836 467 4902 aa,
485 4838 517 4891 ui
530 4836 592 4906 jam
609 4852 692 4906 saepe
709 4835 873 4903 monuimus,
891 4837 981 4892 Vatic.
995 4844 1068 4902 1353,
1087 4835 1164 4905 cnjus
1176 4837 1360 4906 archetypum
1371 4832 1507 4889 Vallioell.
1520 4835 1580 4889 Aa

305 4902 396 4959 denuo
415 4905 588 4961 contulimus.
626 4906 698 4974 [aa]
