<?xml version="1.0" encoding="UTF-8"?>
<!DOCTYPE html PUBLIC "-//W3C//DTD XHTML 1.0 Transitional//EN"
    "http://www.w3.org/TR/xhtml1/DTD/xhtml1-transitional.dtd">
<html xmlns="http://www.w3.org/1999/xhtml" xml:lang="en" lang="en">
 <head>
  <title>
</title>
<meta http-equiv="Content-Type" content="text/html;charset=utf-8" />
  <meta name='ocr-system' content='tesseract 3.04.00' />
  <meta name='ocr-capabilities' content='ocr_page ocr_carea ocr_par ocr_line ocrx_word'/>
</head>
<body>
  <div class='ocr_page' id='page_1' title='image "./epistolaeromano00cousgoog/epistolaeromano00cousgoog_0840.png"; bbox 0 0 3450 5678; ppageno 0'>
   <div class='ocr_carea' id='block_1_1' title="bbox 601 307 1361 375">
    <p class='ocr_par' dir='ltr' id='par_1_1' title="bbox 601 307 1361 375">
     <span class='ocr_line' id='line_1_1' title="bbox 601 307 1361 375; baseline 0.001 -2"><span class='ocrx_word' id='word_1_1' title='bbox 601 324 773 375; x_wconf 67' lang='lat' dir='ltr'><strong>sersaoni</strong></span> <span class='ocrx_word' id='word_1_2' title='bbox 797 315 848 373; x_wconf 81' lang='lat'><strong>27.</strong></span> <span class='ocrx_word' id='word_1_3' title='bbox 1297 307 1361 374; x_wconf 75' lang='lat'><strong>799</strong></span> 
     </span>
    </p>
   </div>
   <div class='ocr_carea' id='block_1_2' title="bbox 89 475 1472 3725">
    <p class='ocr_par' dir='ltr' id='par_1_2' title="bbox 90 475 1466 1073">
     <span class='ocr_line' id='line_1_2' title="bbox 92 475 1466 564; baseline -0.002 -20"><span class='ocrx_word' id='word_1_4' title='bbox 92 480 233 544; x_wconf 85' lang='lat' dir='ltr'><strong>vestrum</strong></span> <span class='ocrx_word' id='word_1_5' title='bbox 255 475 294 543; x_wconf 90' lang='lat' dir='ltr'><strong>de</strong></span> <span class='ocrx_word' id='word_1_6' title='bbox 317 476 421 544; x_wconf 90' lang='lat' dir='ltr'><strong>alieno</strong></span> <span class='ocrx_word' id='word_1_7' title='bbox 443 499 549 543; x_wconf 88' lang='lat' dir='ltr'><strong>errore</strong></span> <span class='ocrx_word' id='word_1_8' title='bbox 571 478 780 564; x_wconf 88' lang='lat' dir='ltr'><strong>propositum.</strong></span> <span class='ocrx_word' id='word_1_9' title='bbox 826 477 887 544; x_wconf 82' lang='lat' dir='ltr'><strong>Sed</strong></span> <span class='ocrx_word' id='word_1_10' title='bbox 911 478 1118 563; x_wconf 83' lang='lat' dir='ltr'><strong>cogitandum</strong></span> <span class='ocrx_word' id='word_1_11' title='bbox 1140 481 1199 561; x_wconf 85' lang='lat' dir='ltr'><strong>est,</strong></span> <span class='ocrx_word' id='word_1_12' title='bbox 1225 479 1360 543; x_wconf 89' lang='lat' dir='ltr'><strong>elemen-</strong></span> <span class='ocrx_word' id='word_1_13' title='bbox 1373 493 1466 546; x_wconf 64' lang='lat' dir='ltr'><strong>atra</strong></span> 
     </span>
     <span class='ocr_line' id='line_1_3' title="bbox 90 580 1361 666; baseline -0.002 -20"><span class='ocrx_word' id='word_1_14' title='bbox 90 582 215 647; x_wconf 76' lang='lat' dir='ltr'><strong>tissime</strong></span> <span class='ocrx_word' id='word_1_15' title='bbox 236 580 421 665; x_wconf 86' lang='lat' dir='ltr'><strong>imperator,</strong></span> <span class='ocrx_word' id='word_1_16' title='bbox 444 580 472 644; x_wconf 94' lang='lat' dir='ltr'><strong>si</strong></span> <span class='ocrx_word' id='word_1_17' title='bbox 495 581 523 644; x_wconf 89' lang='lat' dir='ltr'><strong>ei</strong></span> <span class='ocrx_word' id='word_1_18' title='bbox 546 580 630 665; x_wconf 91' lang='lat' dir='ltr'><strong>apud</strong></span> <span class='ocrx_word' id='word_1_19' title='bbox 652 580 757 644; x_wconf 92' lang='lat' dir='ltr'><strong>Deum</strong></span> <span class='ocrx_word' id='word_1_20' title='bbox 784 580 926 646; x_wconf 81' lang='lat' dir='ltr'><strong>sufficiat</strong></span> <span class='ocrx_word' id='word_1_21' title='bbox 948 583 1054 645; x_wconf 84' lang='lat' dir='ltr'><strong>errata</strong></span> <span class='ocrx_word' id='word_1_22' title='bbox 1077 580 1223 664; x_wconf 89' lang='lat' dir='ltr'><strong>culpasse</strong></span> <span class='ocrx_word' id='word_1_23' title='bbox 1232 582 1280 666; x_wconf 79' lang='lat'><strong>¹²),</strong></span> <span class='ocrx_word' id='word_1_24' title='bbox 1311 581 1361 644; x_wconf 89' lang='lat' dir='ltr'><strong>oui</strong></span> 
     </span>
     <span class='ocr_line' id='line_1_4' title="bbox 92 676 1361 767; baseline 0 -20"><span class='ocrx_word' id='word_1_25' title='bbox 92 683 181 748; x_wconf 89' lang='lat' dir='ltr'><strong>dedit</strong></span> <span class='ocrx_word' id='word_1_26' title='bbox 202 704 294 767; x_wconf 89' lang='lat' dir='ltr'><strong>posse</strong></span> <span class='ocrx_word' id='word_1_27' title='bbox 318 682 493 767; x_wconf 81' lang='lat' dir='ltr'><strong>corrigere3</strong></span> <span class='ocrx_word' id='word_1_28' title='bbox 526 704 592 747; x_wconf 91' lang='lat' dir='ltr'><strong>non</strong></span> <span class='ocrx_word' id='word_1_29' title='bbox 620 685 670 747; x_wconf 90' lang='lat' dir='ltr'><strong>est</strong></span> <span class='ocrx_word' id='word_1_30' title='bbox 697 682 872 747; x_wconf 86' lang='lat' dir='ltr'><strong>differenda</strong></span> <span class='ocrx_word' id='word_1_31' title='bbox 900 682 1039 746; x_wconf 87' lang='lat' dir='ltr'><strong>curatio:</strong></span> <span class='ocrx_word' id='word_1_32' title='bbox 1067 676 1276 748; x_wconf 85' lang='lat' dir='ltr'><strong>amoveantur</strong></span> <span class='ocrx_word' id='word_1_33' title='bbox 1297 704 1361 747; x_wconf 92' lang='lat' dir='ltr'><strong>mo·</strong></span> 
     </span>
     <span class='ocr_line' id='line_1_5' title="bbox 92 783 1361 869; baseline -0.001 -20"><span class='ocrx_word' id='word_1_34' title='bbox 92 785 182 849; x_wconf 90' lang='lat' dir='ltr'><strong>dicae</strong></span> <span class='ocrx_word' id='word_1_35' title='bbox 204 783 373 869; x_wconf 87' lang='lat' dir='ltr'>profundis</span> <span class='ocrx_word' id='word_1_36' title='bbox 394 783 578 848; x_wconf 78' lang='lat' dir='ltr'><strong>vulneribus</strong></span> <span class='ocrx_word' id='word_1_37' title='bbox 607 786 738 849; x_wconf 80' lang='lat' dir='ltr'><strong>manus!</strong></span> <span class='ocrx_word' id='word_1_38' title='bbox 786 784 861 850; x_wconf 82' lang='lat' dir='ltr'><strong>Sola</strong></span> <span class='ocrx_word' id='word_1_39' title='bbox 888 787 963 848; x_wconf 88' lang='lat' dir='ltr'><strong>ante</strong></span> <span class='ocrx_word' id='word_1_40' title='bbox 986 785 1141 848; x_wconf 81' lang='lat' dir='ltr'><strong>Acacium</strong></span> <span class='ocrx_word' id='word_1_41' title='bbox 1164 783 1361 850; x_wconf 80' lang='lat' dir='ltr'><strong>Alexandria</strong></span> 
     </span>
     <span class='ocr_line' id='line_1_6' title="bbox 91 884 1361 972; baseline -0.001 -22"><span class='ocrx_word' id='word_1_42' title='bbox 91 886 243 970; x_wconf 89' lang='lat' dir='ltr'><strong>perfidiae</strong></span> <span class='ocrx_word' id='word_1_43' title='bbox 266 907 341 950; x_wconf 88' lang='lat' dir='ltr'><strong>suae</strong></span> <span class='ocrx_word' id='word_1_44' title='bbox 369 884 523 950; x_wconf 89' lang='lat' dir='ltr'><strong>foeditate</strong></span> <span class='ocrx_word' id='word_1_45' title='bbox 551 885 763 972; x_wconf 82' lang='lat' dir='ltr'><strong>sordebat¹³):</strong></span> <span class='ocrx_word' id='word_1_46' title='bbox 796 886 962 971; x_wconf 86' lang='lat' dir='ltr'><strong>respicite,</strong></span> <span class='ocrx_word' id='word_1_47' title='bbox 997 890 1133 971; x_wconf 89' lang='lat' dir='ltr'><strong>quantas</strong></span> <span class='ocrx_word' id='word_1_48' title='bbox 1157 886 1227 970; x_wconf 87' lang='lat' dir='ltr'><strong>jam</strong></span> <span class='ocrx_word' id='word_1_49' title='bbox 1253 889 1361 972; x_wconf 87' lang='lat' dir='ltr'><strong>partes</strong></span> 
     </span>
     <span class='ocr_line' id='line_1_7' title="bbox 92 987 636 1073; baseline -0.002 -20"><span class='ocrx_word' id='word_1_50' title='bbox 92 987 275 1073; x_wconf 79' lang='lat' dir='ltr'><strong>emendatio</strong></span> <span class='ocrx_word' id='word_1_51' title='bbox 297 987 448 1072; x_wconf 86' lang='lat' dir='ltr'><strong>neglecta</strong></span> <span class='ocrx_word' id='word_1_52' title='bbox 469 987 636 1071; x_wconf 80' lang='lat' dir='ltr'><strong>polluerit!</strong></span> 
     </span>
    </p>

    <p class='ocr_par' dir='ltr' id='par_1_3' title="bbox 91 1087 1472 2397">
     <span class='ocr_line' id='line_1_8' title="bbox 158 1087 1361 1174; baseline 0.001 -20"><span class='ocrx_word' id='word_1_53' title='bbox 158 1090 207 1154; x_wconf 74' lang='grc'><strong>’4.</strong></span> <span class='ocrx_word' id='word_1_54' title='bbox 246 1087 415 1173; x_wconf 84' lang='lat' dir='ltr'><strong>Quousque</strong></span> <span class='ocrx_word' id='word_1_55' title='bbox 442 1089 579 1174; x_wconf 89' lang='lat' dir='ltr'><strong>pateris,</strong></span> <span class='ocrx_word' id='word_1_56' title='bbox 614 1089 741 1155; x_wconf 91' lang='lat' dir='ltr'><strong>domine</strong></span> <span class='ocrx_word' id='word_1_57' title='bbox 768 1089 831 1172; x_wconf 92' lang='lat' dir='ltr'><strong>fili,</strong></span> <span class='ocrx_word' id='word_1_58' title='bbox 871 1089 1050 1154; x_wconf 79' lang='lat' dir='ltr'><strong>Ecclesiam</strong></span> <span class='ocrx_word' id='word_1_59' title='bbox 1079 1090 1139 1154; x_wconf 86' lang='lat' dir='ltr'><strong>llei</strong></span> <span class='ocrx_word' id='word_1_60' title='bbox 1173 1091 1361 1155; x_wconf 88' lang='lat' dir='ltr'><strong>divisionem</strong></span> 
     </span>
     <span class='ocr_line' id='line_1_9' title="bbox 91 1190 1361 1277; baseline 0.001 -22"><span class='ocrx_word' id='word_1_61' title='bbox 91 1213 221 1256; x_wconf 90' lang='lat' dir='ltr'><strong>suorum</strong></span> <span class='ocrx_word' id='word_1_62' title='bbox 248 1213 390 1256; x_wconf 91' lang='lat' dir='ltr'><strong>moerere</strong></span> <span class='ocrx_word' id='word_1_63' title='bbox 417 1190 655 1256; x_wconf 79' lang='lat' dir='ltr'><strong>membrorum?</strong></span> <span class='ocrx_word' id='word_1_64' title='bbox 698 1191 891 1277; x_wconf 88' lang='lat' dir='ltr'><strong>Anticipent</strong></span> <span class='ocrx_word' id='word_1_65' title='bbox 917 1192 1073 1256; x_wconf 89' lang='lat' dir='ltr'><strong>beneficia</strong></span> <span class='ocrx_word' id='word_1_66' title='bbox 1106 1196 1162 1256; x_wconf 90' lang='lat' dir='ltr'><strong>tua</strong></span> <span class='ocrx_word' id='word_1_67' title='bbox 1189 1193 1229 1256; x_wconf 87' lang='lat' dir='ltr'><strong>ad</strong></span> <span class='ocrx_word' id='word_1_68' title='bbox 1258 1192 1361 1256; x_wconf 91' lang='lat' dir='ltr'><strong>Deum</strong></span> 
     </span>
     <span class='ocr_line' id='line_1_10' title="bbox 91 1293 1359 1378; baseline 0 -20"><span class='ocrx_word' id='word_1_69' title='bbox 91 1296 285 1378; x_wconf 87' lang='lat' dir='ltr'><strong>perventura</strong></span> <span class='ocrx_word' id='word_1_70' title='bbox 305 1293 458 1378; x_wconf 90' lang='lat' dir='ltr'><strong>suspiria:</strong></span> <span class='ocrx_word' id='word_1_71' title='bbox 481 1314 607 1358; x_wconf 85' lang='lat' dir='ltr'><strong>assume</strong></span> <span class='ocrx_word' id='word_1_72' title='bbox 622 1293 695 1358; x_wconf 90' lang='lat' dir='ltr'><strong>fidei</strong></span> <span class='ocrx_word' id='word_1_73' title='bbox 712 1316 831 1377; x_wconf 88' lang='lat' dir='ltr'><strong>curam,</strong></span> <span class='ocrx_word' id='word_1_74' title='bbox 856 1296 888 1358; x_wconf 88' lang='lat' dir='ltr'><strong>et</strong></span> <span class='ocrx_word' id='word_1_75' title='bbox 902 1294 1054 1358; x_wconf 86' lang='lat' dir='ltr'><strong>vexillum</strong></span> <span class='ocrx_word' id='word_1_76' title='bbox 1069 1294 1183 1358; x_wconf 89' lang='lat' dir='ltr'><strong>salutis</strong></span> <span class='ocrx_word' id='word_1_77' title='bbox 1199 1293 1359 1376; x_wconf 85' lang='lat' dir='ltr'><strong>attollens,</strong></span> 
     </span>
     <span class='ocr_line' id='line_1_11' title="bbox 92 1395 1361 1481; baseline 0 -22"><span class='ocrx_word' id='word_1_78' title='bbox 92 1395 133 1459; x_wconf 87' lang='lat' dir='ltr'><strong>ad</strong></span> <span class='ocrx_word' id='word_1_79' title='bbox 155 1416 277 1460; x_wconf 88' lang='lat' dir='ltr'><strong>errores</strong></span> <span class='ocrx_word' id='word_1_80' title='bbox 300 1395 341 1459; x_wconf 88' lang='lat' dir='ltr'><strong>ab</strong></span> <span class='ocrx_word' id='word_1_81' title='bbox 364 1395 481 1459; x_wconf 89' lang='lat' dir='ltr'><strong>lsraele</strong></span> <span class='ocrx_word' id='word_1_82' title='bbox 504 1396 710 1460; x_wconf 90' lang='lat' dir='ltr'><strong>removendos</strong></span> <span class='ocrx_word' id='word_1_83' title='bbox 733 1396 820 1460; x_wconf 89' lang='lat' dir='ltr'><strong>velut</strong></span> <span class='ocrx_word' id='word_1_84' title='bbox 841 1395 998 1460; x_wconf 84' lang='lat' dir='ltr'><strong>Ezechias</strong></span> <span class='ocrx_word' id='word_1_85' title='bbox 1026 1397 1108 1460; x_wconf 88' lang='lat' dir='ltr'><strong>alter</strong></span> <span class='ocrx_word' id='word_1_86' title='bbox 1130 1417 1281 1481; x_wconf 82' lang='lat' dir='ltr'><strong>exsurge:</strong></span> <span class='ocrx_word' id='word_1_87' title='bbox 1310 1396 1361 1460; x_wconf 89' lang='lat' dir='ltr'><strong>fas</strong></span> 
     </span>
     <span class='ocr_line' id='line_1_12' title="bbox 91 1497 1361 1582; baseline -0.002 -20"><span class='ocrx_word' id='word_1_88' title='bbox 91 1498 152 1562; x_wconf 86' lang='lat' dir='ltr'><strong>tibi</strong></span> <span class='ocrx_word' id='word_1_89' title='bbox 179 1498 272 1563; x_wconf 91' lang='lat' dir='ltr'><strong>laude</strong></span> <span class='ocrx_word' id='word_1_90' title='bbox 299 1518 454 1561; x_wconf 89' lang='lat' dir='ltr'><strong>novorum</strong></span> <span class='ocrx_word' id='word_1_91' title='bbox 482 1518 613 1581; x_wconf 90' lang='lat' dir='ltr'><strong>operum</strong></span> <span class='ocrx_word' id='word_1_92' title='bbox 639 1497 751 1562; x_wconf 90' lang='lat' dir='ltr'><strong>titulos</strong></span> <span class='ocrx_word' id='word_1_93' title='bbox 780 1520 916 1582; x_wconf 88' lang='lat' dir='ltr'><strong>aequare</strong></span> <span class='ocrx_word' id='word_1_94' title='bbox 943 1497 1129 1582; x_wconf 89' lang='lat' dir='ltr'><strong>priscorum.</strong></span> <span class='ocrx_word' id='word_1_95' title='bbox 1185 1498 1244 1562; x_wconf 91' lang='lat' dir='ltr'><strong>Ille</strong></span> <span class='ocrx_word' id='word_1_96' title='bbox 1271 1497 1361 1561; x_wconf 91' lang='lat' dir='ltr'><strong>dissi-</strong></span> 
     </span>
     <span class='ocr_line' id='line_1_13' title="bbox 91 1599 1362 1684; baseline -0.001 -20"><span class='ocrx_word' id='word_1_97' title='bbox 91 1600 182 1684; x_wconf 81' lang='lat' dir='ltr'><strong>pavit</strong></span> <span class='ocrx_word' id='word_1_98' title='bbox 203 1600 339 1683; x_wconf 85' lang='lat' dir='ltr'><strong>excelsa,</strong></span> <span class='ocrx_word' id='word_1_99' title='bbox 363 1602 400 1664; x_wconf 89' lang='lat' dir='ltr'><strong>tu</strong></span> <span class='ocrx_word' id='word_1_100' title='bbox 422 1599 605 1683; x_wconf 87' lang='lat' dir='ltr'><strong>superbiam</strong></span> <span class='ocrx_word' id='word_1_101' title='bbox 628 1603 753 1664; x_wconf 88' lang='lat' dir='ltr'><strong>erectae</strong></span> <span class='ocrx_word' id='word_1_102' title='bbox 768 1599 943 1682; x_wconf 89' lang='lat' dir='ltr'><strong>impietatis</strong></span> <span class='ocrx_word' id='word_1_103' title='bbox 958 1599 1095 1682; x_wconf 81' lang='lat' dir='ltr'><strong>inelina3</strong></span> <span class='ocrx_word' id='word_1_104' title='bbox 1117 1599 1171 1663; x_wconf 89' lang='lat' dir='ltr'><strong>ille</strong></span> <span class='ocrx_word' id='word_1_105' title='bbox 1191 1599 1362 1664; x_wconf 88' lang='lat' dir='ltr'><strong>simulacra</strong></span> 
     </span>
     <span class='ocr_line' id='line_1_14' title="bbox 92 1700 1361 1786; baseline -0.002 -19"><span class='ocrx_word' id='word_1_106' title='bbox 92 1701 255 1784; x_wconf 75' lang='lat' dir='ltr'><strong>contrivit,</strong></span> <span class='ocrx_word' id='word_1_107' title='bbox 278 1706 315 1766; x_wconf 92' lang='lat' dir='ltr'><strong>tu</strong></span> <span class='ocrx_word' id='word_1_108' title='bbox 336 1702 416 1765; x_wconf 87' lang='lat' dir='ltr'><strong>dura</strong></span> <span class='ocrx_word' id='word_1_109' title='bbox 437 1700 614 1765; x_wconf 88' lang='lat' dir='ltr'><strong>infidelium</strong></span> <span class='ocrx_word' id='word_1_110' title='bbox 636 1700 732 1765; x_wconf 91' lang='lat' dir='ltr'><strong>eorda</strong></span> <span class='ocrx_word' id='word_1_111' title='bbox 755 1701 937 1786; x_wconf 68' lang='lat' dir='ltr'><strong>confringe,</strong></span> <span class='ocrx_word' id='word_1_112' title='bbox 960 1700 1015 1765; x_wconf 88' lang='lat' dir='ltr'><strong>ille</strong></span> <span class='ocrx_word' id='word_1_113' title='bbox 1032 1703 1218 1765; x_wconf 88' lang='lat' dir='ltr'><strong>memoriam</strong></span> <span class='ocrx_word' id='word_1_114' title='bbox 1233 1722 1361 1784; x_wconf 91' lang='lat' dir='ltr'><strong>serpen·</strong></span> 
     </span>
     <span class='ocr_line' id='line_1_15' title="bbox 91 1802 1361 1887; baseline -0.002 -19"><span class='ocrx_word' id='word_1_115' title='bbox 91 1804 135 1868; x_wconf 91' lang='lat' dir='ltr'><strong>tis</strong></span> <span class='ocrx_word' id='word_1_116' title='bbox 159 1804 245 1868; x_wconf 89' lang='lat' dir='ltr'><strong>aerei</strong></span> <span class='ocrx_word' id='word_1_117' title='bbox 267 1803 407 1885; x_wconf 85' lang='lat' dir='ltr'><strong>sustulit,</strong></span> <span class='ocrx_word' id='word_1_118' title='bbox 431 1806 467 1866; x_wconf 91' lang='lat' dir='ltr'><strong>tu</strong></span> <span class='ocrx_word' id='word_1_119' title='bbox 489 1802 576 1865; x_wconf 86' lang='lat' dir='ltr'><strong>virus</strong></span> <span class='ocrx_word' id='word_1_120' title='bbox 598 1803 776 1887; x_wconf 86' lang='lat' dir='ltr'><strong>praesentis</strong></span> <span class='ocrx_word' id='word_1_121' title='bbox 799 1802 934 1867; x_wconf 88' lang='lat' dir='ltr'><strong>effunde.</strong></span> <span class='ocrx_word' id='word_1_122' title='bbox 972 1803 1059 1868; x_wconf 86' lang='lat' dir='ltr'><strong>Offcr</strong></span> <span class='ocrx_word' id='word_1_123' title='bbox 1080 1802 1149 1867; x_wconf 90' lang='lat' dir='ltr'><strong>Deo</strong></span> <span class='ocrx_word' id='word_1_124' title='bbox 1170 1806 1258 1867; x_wconf 87' lang='lat' dir='ltr'><strong>recta</strong></span> <span class='ocrx_word' id='word_1_125' title='bbox 1280 1824 1361 1887; x_wconf 89' lang='lat' dir='ltr'><strong>quae</strong></span> 
     </span>
     <span class='ocr_line' id='line_1_16' title="bbox 91 1893 1472 2017; baseline 0 -49"><span class='ocrx_word' id='word_1_126' title='bbox 91 1904 179 1989; x_wconf 88' lang='lat' dir='ltr'><strong>fecit,</strong></span> <span class='ocrx_word' id='word_1_127' title='bbox 204 1908 237 1970; x_wconf 89' lang='lat' dir='ltr'><strong>et</strong></span> <span class='ocrx_word' id='word_1_128' title='bbox 258 1926 351 1989; x_wconf 91' lang='lat' dir='ltr'><strong>spera</strong></span> <span class='ocrx_word' id='word_1_129' title='bbox 373 1904 457 1968; x_wconf 88' lang='lat' dir='ltr'><strong>dona</strong></span> <span class='ocrx_word' id='word_1_130' title='bbox 480 1925 561 1988; x_wconf 86' lang='lat' dir='ltr'><strong>quae</strong></span> <span class='ocrx_word' id='word_1_131' title='bbox 583 1904 709 1968; x_wconf 88' lang='lat' dir='ltr'><strong>meruit.</strong></span> <span class='ocrx_word' id='word_1_132' title='bbox 747 1911 862 1969; x_wconf 71' lang='lat' dir='ltr'><strong>Fideles</strong></span> <span class='ocrx_word' id='word_1_133' title='bbox 883 1916 927 1969; x_wconf 83' lang='lat' dir='ltr'><strong>est</strong></span> <span class='ocrx_word' id='word_1_134' title='bbox 947 1913 1025 2006; x_wconf 79' lang='lat' dir='ltr'><strong>enim</strong></span> <span class='ocrx_word' id='word_1_135' title='bbox 1043 1910 1194 1983; x_wconf 78' lang='lat' dir='ltr'><strong>Dominus,</strong></span> <span class='ocrx_word' id='word_1_136' title='bbox 1218 1893 1472 2017; x_wconf 24' lang='lat' dir='ltr'><strong>edilred-{⁸2¹¹-</strong></span> 
     </span>
     <span class='ocr_line' id='line_1_17' title="bbox 92 2004 1460 2091; baseline -0.001 -20"><span class='ocrx_word' id='word_1_137' title='bbox 92 2012 138 2071; x_wconf 82' lang='lat' dir='ltr'><strong>dit</strong></span> <span class='ocrx_word' id='word_1_138' title='bbox 158 2012 288 2086; x_wconf 77' lang='lat' dir='ltr'><strong>sinpnlr&#39;s</strong></span> <span class='ocrx_word' id='word_1_139' title='bbox 308 2012 473 2070; x_wconf 83' lang='lat' dir='ltr'><strong>secundum</strong></span> <span class='ocrx_word' id='word_1_140' title='bbox 496 2027 591 2086; x_wconf 84' lang='lat' dir='ltr'><strong>opera</strong></span> <span class='ocrx_word' id='word_1_141' title='bbox 613 2028 725 2071; x_wconf 85' lang='lat' dir='ltr'><strong>eornm.</strong></span> <span class='ocrx_word' id='word_1_142' title='bbox 759 2006 798 2070; x_wconf 88' lang='lat' dir='ltr'><strong>ln</strong></span> <span class='ocrx_word' id='word_1_143' title='bbox 821 2009 932 2090; x_wconf 87' lang='lat' dir='ltr'><strong>aperto</strong></span> <span class='ocrx_word' id='word_1_144' title='bbox 955 2011 1019 2090; x_wconf 89' lang='lat' dir='ltr'><strong>est,</strong></span> <span class='ocrx_word' id='word_1_145' title='bbox 1043 2009 1165 2091; x_wconf 87' lang='lat' dir='ltr'><strong>quanta</strong></span> <span class='ocrx_word' id='word_1_146' title='bbox 1186 2006 1230 2070; x_wconf 90' lang='lat' dir='ltr'><strong>sit</strong></span> <span class='ocrx_word' id='word_1_147' title='bbox 1252 2028 1361 2090; x_wconf 89' lang='lat' dir='ltr'><strong>exspe-</strong></span> <span class='ocrx_word' id='word_1_148' title='bbox 1407 2004 1413 2030; x_wconf 85' lang='lat'><em>’</em></span> <span class='ocrx_word' id='word_1_149' title='bbox 1454 2004 1460 2017; x_wconf 89' lang='lat'>&#39;</span> 
     </span>
     <span class='ocr_line' id='line_1_18' title="bbox 93 2106 1361 2192; baseline 0 -20"><span class='ocrx_word' id='word_1_150' title='bbox 93 2108 193 2172; x_wconf 90' lang='lat' dir='ltr'><strong>etatio</strong></span> <span class='ocrx_word' id='word_1_151' title='bbox 215 2108 366 2191; x_wconf 91' lang='lat' dir='ltr'><strong>fidelium,</strong></span> <span class='ocrx_word' id='word_1_152' title='bbox 390 2109 512 2192; x_wconf 85' lang='lat' dir='ltr'><strong>quanta</strong></span> <span class='ocrx_word' id='word_1_153' title='bbox 532 2106 705 2192; x_wconf 88' lang='lat' dir='ltr'><strong>trepidatio</strong></span> <span class='ocrx_word' id='word_1_154' title='bbox 727 2109 930 2192; x_wconf 90' lang='lat' dir='ltr'><strong>perfidorum.</strong></span> <span class='ocrx_word' id='word_1_155' title='bbox 974 2108 1026 2172; x_wconf 92' lang='lat' dir='ltr'><strong>Illi</strong></span> <span class='ocrx_word' id='word_1_156' title='bbox 1053 2109 1199 2173; x_wconf 89' lang='lat' dir='ltr'><strong>ambiunt</strong></span> <span class='ocrx_word' id='word_1_157' title='bbox 1220 2107 1361 2192; x_wconf 89' lang='lat' dir='ltr'><strong>gaudere</strong></span> 
     </span>
     <span class='ocr_line' id='line_1_19' title="bbox 92 2209 1360 2297; baseline 0 -23"><span class='ocrx_word' id='word_1_158' title='bbox 92 2231 165 2274; x_wconf 86' lang='lat' dir='ltr'><strong>oum</strong></span> <span class='ocrx_word' id='word_1_159' title='bbox 188 2210 312 2295; x_wconf 87' lang='lat' dir='ltr'><strong>angelis</strong></span> <span class='ocrx_word' id='word_1_160' title='bbox 335 2211 373 2274; x_wconf 92' lang='lat' dir='ltr'><strong>de</strong></span> <span class='ocrx_word' id='word_1_161' title='bbox 396 2209 550 2292; x_wconf 85' lang='lat' dir='ltr'><strong>receptis:</strong></span> <span class='ocrx_word' id='word_1_162' title='bbox 573 2209 627 2273; x_wconf 91' lang='lat' dir='ltr'><strong>isti</strong></span> <span class='ocrx_word' id='word_1_163' title='bbox 649 2213 806 2293; x_wconf 89' lang='lat' dir='ltr'><strong>metuunt,</strong></span> <span class='ocrx_word' id='word_1_164' title='bbox 838 2233 878 2274; x_wconf 86' lang='lat' dir='ltr'><strong>ne</strong></span> <span class='ocrx_word' id='word_1_165' title='bbox 902 2212 943 2274; x_wconf 93' lang='lat' dir='ltr'><strong>ab</strong></span> <span class='ocrx_word' id='word_1_166' title='bbox 964 2210 1026 2294; x_wconf 91' lang='lat' dir='ltr'><strong>his,</strong></span> <span class='ocrx_word' id='word_1_167' title='bbox 1055 2234 1134 2297; x_wconf 92' lang='lat' dir='ltr'><strong>quos</strong></span> <span class='ocrx_word' id='word_1_168' title='bbox 1155 2209 1360 2294; x_wconf 87' lang='lat' dir='ltr'><strong>deceperant,</strong></span> 
     </span>
     <span class='ocr_line' id='line_1_20' title="bbox 91 2311 813 2397; baseline -0.001 -21"><span class='ocrx_word' id='word_1_169' title='bbox 91 2311 238 2376; x_wconf 88' lang='lat' dir='ltr'><strong>destituti</strong></span> <span class='ocrx_word' id='word_1_170' title='bbox 260 2312 371 2397; x_wconf 89' lang='lat' dir='ltr'><strong>poenis</strong></span> <span class='ocrx_word' id='word_1_171' title='bbox 392 2315 583 2375; x_wconf 86' lang='lat' dir='ltr'><strong>remaneant</strong></span> <span class='ocrx_word' id='word_1_172' title='bbox 603 2312 813 2396; x_wconf 87' lang='lat' dir='ltr'><strong>praeparatis.</strong></span> 
     </span>
    </p>

    <p class='ocr_par' dir='ltr' id='par_1_4' title="bbox 89 2412 1362 3725">
     <span class='ocr_line' id='line_1_21' title="bbox 176 2412 1361 2480; baseline 0 -1"><span class='ocrx_word' id='word_1_173' title='bbox 176 2414 207 2479; x_wconf 82' lang='lat' dir='ltr'><strong>b.</strong></span> <span class='ocrx_word' id='word_1_174' title='bbox 241 2412 390 2478; x_wconf 80' lang='lat' dir='ltr'><strong>Pendeat</strong></span> <span class='ocrx_word' id='word_1_175' title='bbox 412 2414 509 2477; x_wconf 89' lang='lat' dir='ltr'><strong>anxia</strong></span> <span class='ocrx_word' id='word_1_176' title='bbox 533 2413 628 2477; x_wconf 87' lang='lat' dir='ltr'><strong>corda</strong></span> <span class='ocrx_word' id='word_1_177' title='bbox 652 2416 848 2478; x_wconf 84' lang='lat' dir='ltr'><strong>cunctorum.</strong></span> <span class='ocrx_word' id='word_1_178' title='bbox 883 2414 937 2478; x_wconf 88' lang='lat' dir='ltr'><strong>Ab</strong></span> <span class='ocrx_word' id='word_1_179' title='bbox 958 2413 1080 2478; x_wconf 87' lang='lat' dir='ltr'><strong>ultimis</strong></span> <span class='ocrx_word' id='word_1_180' title='bbox 1103 2415 1143 2478; x_wconf 88' lang='lat' dir='ltr'><strong>ad</strong></span> <span class='ocrx_word' id='word_1_181' title='bbox 1165 2435 1224 2479; x_wconf 89' lang='lat' dir='ltr'><strong>nos</strong></span> <span class='ocrx_word' id='word_1_182' title='bbox 1247 2414 1361 2480; x_wconf 85' lang='lat' dir='ltr'><strong>Galliis</strong></span> 
     </span>
     <span class='ocr_line' id='line_1_22' title="bbox 91 2515 1362 2601; baseline 0.002 -22"><span class='ocrx_word' id='word_1_183' title='bbox 91 2515 214 2580; x_wconf 86' lang='lat' dir='ltr'><strong>directa</strong></span> <span class='ocrx_word' id='word_1_184' title='bbox 235 2515 366 2601; x_wconf 82' lang='lat' dir='ltr'><strong>legatio,</strong></span> <span class='ocrx_word' id='word_1_185' title='bbox 390 2516 417 2580; x_wconf 90' lang='lat' dir='ltr'><strong>si</strong></span> <span class='ocrx_word' id='word_1_186' title='bbox 440 2516 516 2599; x_wconf 90' lang='lat' dir='ltr'><strong>quid</strong></span> <span class='ocrx_word' id='word_1_187' title='bbox 538 2516 577 2580; x_wconf 91' lang='lat' dir='ltr'><strong>de</strong></span> <span class='ocrx_word' id='word_1_188' title='bbox 599 2515 735 2579; x_wconf 90' lang='lat' dir='ltr'><strong>unitatis</strong></span> <span class='ocrx_word' id='word_1_189' title='bbox 751 2515 1026 2600; x_wconf 85' lang='lat' dir='ltr'><strong>redintegratione</strong></span> <span class='ocrx_word' id='word_1_190' title='bbox 1049 2515 1228 2580; x_wconf 89' lang='lat' dir='ltr'><strong>sollicitudo</strong></span> <span class='ocrx_word' id='word_1_191' title='bbox 1249 2520 1362 2582; x_wconf 89' lang='lat' dir='ltr'><strong>nostra</strong></span> 
     </span>
     <span class='ocr_line' id='line_1_23' title="bbox 90 2615 1362 2703; baseline 0.002 -22"><span class='ocrx_word' id='word_1_192' title='bbox 90 2617 302 2702; x_wconf 87' lang='lat' dir='ltr'><strong>promovisset</strong></span> <span class='ocrx_word' id='word_1_193' title='bbox 310 2618 359 2703; x_wconf 84' lang='lat'><strong>¹⁴),</strong></span> <span class='ocrx_word' id='word_1_194' title='bbox 382 2618 471 2681; x_wconf 88' lang='lat' dir='ltr'><strong>fama</strong></span> <span class='ocrx_word' id='word_1_195' title='bbox 486 2621 605 2699; x_wconf 84' lang='lat' dir='ltr'><strong>secuta,</strong></span> <span class='ocrx_word' id='word_1_196' title='bbox 630 2616 800 2681; x_wconf 89' lang='lat' dir='ltr'><strong>consuluit.</strong></span> <span class='ocrx_word' id='word_1_197' title='bbox 835 2615 904 2681; x_wconf 90' lang='lat' dir='ltr'><strong>Neo</strong></span> <span class='ocrx_word' id='word_1_198' title='bbox 924 2616 1056 2681; x_wconf 84' lang='lat' dir='ltr'><strong>difficile</strong></span> <span class='ocrx_word' id='word_1_199' title='bbox 1077 2639 1157 2702; x_wconf 90' lang='lat' dir='ltr'><strong>opus</strong></span> <span class='ocrx_word' id='word_1_200' title='bbox 1172 2618 1362 2684; x_wconf 85' lang='lat' dir='ltr'><strong>elementiae</strong></span> 
     </span>
     <span class='ocr_line' id='line_1_24' title="bbox 91 2718 1361 2805; baseline 0.001 -21"><span class='ocrx_word' id='word_1_201' title='bbox 91 2724 181 2784; x_wconf 89' lang='lat' dir='ltr'><strong>tuae:</strong></span> <span class='ocrx_word' id='word_1_202' title='bbox 204 2719 265 2784; x_wconf 91' lang='lat' dir='ltr'><strong>scit</strong></span> <span class='ocrx_word' id='word_1_203' title='bbox 286 2718 373 2783; x_wconf 74' lang='lat' dir='ltr'><strong>Deus</strong></span> <span class='ocrx_word' id='word_1_204' title='bbox 395 2741 524 2783; x_wconf 90' lang='lat' dir='ltr'><strong>suorum</strong></span> <span class='ocrx_word' id='word_1_205' title='bbox 546 2718 709 2783; x_wconf 90' lang='lat' dir='ltr'><strong>laboribus</strong></span> <span class='ocrx_word' id='word_1_206' title='bbox 732 2719 911 2783; x_wconf 78' lang='lat' dir='ltr'><strong>subvenire.</strong></span> <span class='ocrx_word' id='word_1_207' title='bbox 962 2718 1013 2783; x_wconf 82' lang='lat' dir='ltr'><strong>Ex</strong></span> <span class='ocrx_word' id='word_1_208' title='bbox 1034 2741 1094 2783; x_wconf 91' lang='lat' dir='ltr'><strong>usu</strong></span> <span class='ocrx_word' id='word_1_209' title='bbox 1116 2724 1182 2804; x_wconf 88' lang='lat' dir='ltr'><strong>est,</strong></span> <span class='ocrx_word' id='word_1_210' title='bbox 1213 2721 1253 2784; x_wconf 88' lang='lat' dir='ltr'><strong>ad</strong></span> <span class='ocrx_word' id='word_1_211' title='bbox 1273 2720 1361 2805; x_wconf 91' lang='lat' dir='ltr'><strong>prin-</strong></span> 
     </span>
     <span class='ocr_line' id='line_1_25' title="bbox 92 2819 1362 2907; baseline -0.001 -20"><span class='ocrx_word' id='word_1_212' title='bbox 92 2823 179 2907; x_wconf 85' lang='lat' dir='ltr'><strong>cipes</strong></span> <span class='ocrx_word' id='word_1_213' title='bbox 202 2844 275 2886; x_wconf 91' lang='lat' dir='ltr'><strong>suos</strong></span> <span class='ocrx_word' id='word_1_214' title='bbox 299 2824 484 2886; x_wconf 85' lang='lat' dir='ltr'><strong>convertere</strong></span> <span class='ocrx_word' id='word_1_215' title='bbox 507 2822 602 2885; x_wconf 86' lang='lat' dir='ltr'><strong>corda</strong></span> <span class='ocrx_word' id='word_1_216' title='bbox 624 2820 794 2904; x_wconf 88' lang='lat' dir='ltr'><strong>subjectos.</strong></span> <span class='ocrx_word' id='word_1_217' title='bbox 829 2819 895 2884; x_wconf 87' lang='lat' dir='ltr'><strong>Dat</strong></span> <span class='ocrx_word' id='word_1_218' title='bbox 915 2820 1022 2904; x_wconf 90' lang='lat' dir='ltr'><strong>specie</strong></span> <span class='ocrx_word' id='word_1_219' title='bbox 1043 2821 1218 2886; x_wconf 87' lang='lat' dir='ltr'><strong>maximum</strong></span> <span class='ocrx_word' id='word_1_220' title='bbox 1233 2823 1362 2907; x_wconf 88' lang='lat' dir='ltr'><strong>signum</strong></span> 
     </span>
     <span class='ocr_line' id='line_1_26' title="bbox 90 2921 1362 3008; baseline 0 -20"><span class='ocrx_word' id='word_1_221' title='bbox 90 2946 203 2990; x_wconf 90' lang='lat' dir='ltr'><strong>recens</strong></span> <span class='ocrx_word' id='word_1_222' title='bbox 225 2924 393 3008; x_wconf 82' lang='lat' dir='ltr'><strong>religiosae</strong></span> <span class='ocrx_word' id='word_1_223' title='bbox 421 2923 592 2986; x_wconf 87' lang='lat' dir='ltr'><strong>memoriae</strong></span> <span class='ocrx_word' id='word_1_224' title='bbox 614 2921 773 2985; x_wconf 87' lang='lat' dir='ltr'><strong>Marciani</strong></span> <span class='ocrx_word' id='word_1_225' title='bbox 802 2921 1004 3005; x_wconf 81' lang='lat' dir='ltr'><strong>imperatoris</strong></span> <span class='ocrx_word' id='word_1_226' title='bbox 1033 2924 1223 3008; x_wconf 87' lang='lat' dir='ltr'><strong>exemplum.</strong></span> <span class='ocrx_word' id='word_1_227' title='bbox 1279 2922 1362 2999; x_wconf 84' lang='lat' dir='ltr'><strong>Quid</strong></span> 
     </span>
     <span class='ocr_line' id='line_1_27' title="bbox 91 3022 1362 3113; baseline -0.002 -21"><span class='ocrx_word' id='word_1_228' title='bbox 91 3028 162 3113; x_wconf 87' lang='lat' dir='ltr'><strong>egit</strong></span> <span class='ocrx_word' id='word_1_229' title='bbox 181 3030 260 3090; x_wconf 92' lang='lat' dir='ltr'><strong>tunc</strong></span> <span class='ocrx_word' id='word_1_230' title='bbox 281 3026 396 3110; x_wconf 89' lang='lat' dir='ltr'><strong>vulgus</strong></span> <span class='ocrx_word' id='word_1_231' title='bbox 419 3028 475 3088; x_wconf 88' lang='lat' dir='ltr'><strong>aut</strong></span> <span class='ocrx_word' id='word_1_232' title='bbox 501 3023 661 3108; x_wconf 81' lang='lat' dir='ltr'><strong>populus?</strong></span> <span class='ocrx_word' id='word_1_233' title='bbox 704 3022 779 3087; x_wconf 86' lang='lat' dir='ltr'><strong>Nou</strong></span> <span class='ocrx_word' id='word_1_234' title='bbox 807 3045 886 3108; x_wconf 90' lang='lat' dir='ltr'><strong>opus</strong></span> <span class='ocrx_word' id='word_1_235' title='bbox 917 3027 995 3089; x_wconf 88' lang='lat' dir='ltr'><strong>nota</strong></span> <span class='ocrx_word' id='word_1_236' title='bbox 1022 3025 1194 3090; x_wconf 78' lang='lat' dir='ltr'><strong>revolvere.</strong></span> <span class='ocrx_word' id='word_1_237' title='bbox 1240 3025 1362 3089; x_wconf 86' lang='lat' dir='ltr'><strong>Adulta</strong></span> 
     </span>
     <span class='ocr_line' id='line_1_28' title="bbox 90 3125 1362 3213; baseline -0.002 -18"><span class='ocrx_word' id='word_1_238' title='bbox 90 3133 141 3195; x_wconf 90' lang='lat' dir='ltr'><strong>est</strong></span> <span class='ocrx_word' id='word_1_239' title='bbox 162 3128 298 3213; x_wconf 86' lang='lat' dir='ltr'><strong>perfidia</strong></span> <span class='ocrx_word' id='word_1_240' title='bbox 318 3127 382 3191; x_wconf 85' lang='lat' dir='ltr'><strong>ista</strong></span> <span class='ocrx_word' id='word_1_241' title='bbox 403 3148 460 3210; x_wconf 88' lang='lat' dir='ltr'><strong>per</strong></span> <span class='ocrx_word' id='word_1_242' title='bbox 483 3126 607 3208; x_wconf 90' lang='lat' dir='ltr'><strong>devios,</strong></span> <span class='ocrx_word' id='word_1_243' title='bbox 638 3125 743 3208; x_wconf 89' lang='lat' dir='ltr'><strong>sopita</strong></span> <span class='ocrx_word' id='word_1_244' title='bbox 765 3147 822 3210; x_wconf 91' lang='lat' dir='ltr'><strong>per</strong></span> <span class='ocrx_word' id='word_1_245' title='bbox 839 3126 960 3211; x_wconf 74' lang='lat' dir='ltr'><strong>justos,</strong></span> <span class='ocrx_word' id='word_1_246' title='bbox 994 3127 1120 3192; x_wconf 89' lang='lat' dir='ltr'><strong>imitare</strong></span> <span class='ocrx_word' id='word_1_247' title='bbox 1148 3126 1291 3212; x_wconf 81' lang='lat' dir='ltr'><strong>religiosi</strong></span> <span class='ocrx_word' id='word_1_248' title='bbox 1313 3127 1362 3192; x_wconf 89' lang='lat' dir='ltr'><strong>in-</strong></span> 
     </span>
     <span class='ocr_line' id='line_1_29' title="bbox 89 3227 1361 3316; baseline -0.002 -20"><span class='ocrx_word' id='word_1_249' title='bbox 89 3233 278 3316; x_wconf 85' lang='lat' dir='ltr'><strong>tegritatem</strong></span> <span class='ocrx_word' id='word_1_250' title='bbox 292 3229 459 3315; x_wconf 87' lang='lat' dir='ltr'><strong>propositi,</strong></span> <span class='ocrx_word' id='word_1_251' title='bbox 483 3251 578 3313; x_wconf 86' lang='lat' dir='ltr'><strong>quam</strong></span> <span class='ocrx_word' id='word_1_252' title='bbox 594 3227 699 3291; x_wconf 89' lang='lat' dir='ltr'><strong>studio</strong></span> <span class='ocrx_word' id='word_1_253' title='bbox 714 3227 878 3292; x_wconf 82' lang='lat' dir='ltr'><strong>civilitatis</strong></span> <span class='ocrx_word' id='word_1_254' title='bbox 893 3229 1049 3312; x_wconf 85' lang='lat' dir='ltr'><strong>aequasti.</strong></span> <span class='ocrx_word' id='word_1_255' title='bbox 1080 3230 1132 3294; x_wconf 93' lang='lat' dir='ltr'><strong>Ad</strong></span> <span class='ocrx_word' id='word_1_256' title='bbox 1147 3228 1228 3294; x_wconf 85' lang='lat' dir='ltr'><strong>haec</strong></span> <span class='ocrx_word' id='word_1_257' title='bbox 1242 3230 1361 3294; x_wconf 90' lang='lat' dir='ltr'><strong>nostris</strong></span> 
     </span>
     <span class='ocr_line' id='line_1_30' title="bbox 89 3328 1361 3417; baseline -0.001 -20"><span class='ocrx_word' id='word_1_258' title='bbox 89 3333 257 3417; x_wconf 84' lang='lat' dir='ltr'><strong>lacrymis,</strong></span> <span class='ocrx_word' id='word_1_259' title='bbox 286 3332 405 3395; x_wconf 87' lang='lat' dir='ltr'><strong>nostris</strong></span> <span class='ocrx_word' id='word_1_260' title='bbox 428 3331 576 3415; x_wconf 90' lang='lat' dir='ltr'><strong>precibus</strong></span> <span class='ocrx_word' id='word_1_261' title='bbox 605 3328 791 3414; x_wconf 85' lang='lat' dir='ltr'><strong>alleganda,</strong></span> <span class='ocrx_word' id='word_1_262' title='bbox 821 3328 1006 3395; x_wconf 85' lang='lat' dir='ltr'><strong>Ennodium</strong></span> <span class='ocrx_word' id='word_1_263' title='bbox 1033 3334 1130 3415; x_wconf 90' lang='lat' dir='ltr'><strong>atque</strong></span> <span class='ocrx_word' id='word_1_264' title='bbox 1151 3331 1361 3416; x_wconf 86' lang='lat' dir='ltr'><strong>Peregrinum</strong></span> 
     </span>
     <span class='ocr_line' id='line_1_31' title="bbox 89 3431 1362 3517; baseline -0.002 -18"><span class='ocrx_word' id='word_1_265' title='bbox 89 3436 208 3500; x_wconf 87' lang='lat' dir='ltr'><strong>fratres</strong></span> <span class='ocrx_word' id='word_1_266' title='bbox 231 3437 264 3498; x_wconf 91' lang='lat' dir='ltr'><strong>et</strong></span> <span class='ocrx_word' id='word_1_267' title='bbox 286 3433 489 3517; x_wconf 90' lang='lat' dir='ltr'><strong>coepiscopos</strong></span> <span class='ocrx_word' id='word_1_268' title='bbox 511 3435 638 3496; x_wconf 85' lang='lat' dir='ltr'><strong>nostros</strong></span> <span class='ocrx_word' id='word_1_269' title='bbox 659 3431 729 3495; x_wconf 85' lang='lat' dir='ltr'><strong>viee</strong></span> <span class='ocrx_word' id='word_1_270' title='bbox 749 3433 861 3495; x_wconf 89' lang='lat' dir='ltr'><strong>nostra</strong></span> <span class='ocrx_word' id='word_1_271' title='bbox 882 3454 941 3515; x_wconf 92' lang='lat' dir='ltr'><strong>pro</strong></span> <span class='ocrx_word' id='word_1_272' title='bbox 956 3432 1136 3497; x_wconf 90' lang='lat' dir='ltr'><strong>exhibenda</strong></span> <span class='ocrx_word' id='word_1_273' title='bbox 1151 3435 1249 3498; x_wconf 86' lang='lat' dir='ltr'><strong>etiam</strong></span> <span class='ocrx_word' id='word_1_274' title='bbox 1263 3433 1362 3498; x_wconf 92' lang='lat' dir='ltr'><strong>hono-</strong></span> 
     </span>
     <span class='ocr_line' id='line_1_32' title="bbox 89 3533 1361 3619; baseline -0.002 -17"><span class='ocrx_word' id='word_1_275' title='bbox 89 3537 185 3602; x_wconf 86' lang='lat' dir='ltr'><strong>rifica</strong></span> <span class='ocrx_word' id='word_1_276' title='bbox 204 3535 398 3600; x_wconf 87' lang='lat' dir='ltr'><strong>salutatione</strong></span> <span class='ocrx_word' id='word_1_277' title='bbox 420 3535 608 3617; x_wconf 90' lang='lat' dir='ltr'><strong>direximus,</strong></span> <span class='ocrx_word' id='word_1_278' title='bbox 641 3533 711 3597; x_wconf 93' lang='lat' dir='ltr'><strong>ideo</strong></span> <span class='ocrx_word' id='word_1_279' title='bbox 739 3534 877 3597; x_wconf 87' lang='lat' dir='ltr'><strong>maxime</strong></span> <span class='ocrx_word' id='word_1_280' title='bbox 905 3534 1075 3619; x_wconf 88' lang='lat' dir='ltr'><strong>designato</strong></span> <span class='ocrx_word' id='word_1_281' title='bbox 1103 3535 1171 3600; x_wconf 83' lang='lat' dir='ltr'><strong>viro</strong></span> <span class='ocrx_word' id='word_1_282' title='bbox 1199 3537 1286 3603; x_wconf 87' lang='lat' dir='ltr'><strong>fasce</strong></span> <span class='ocrx_word' id='word_1_283' title='bbox 1314 3559 1361 3600; x_wconf 91' lang='lat' dir='ltr'><strong>se-</strong></span> 
     </span>
     <span class='ocr_line' id='line_1_33' title="bbox 90 3637 1361 3725; baseline -0.002 -20"><span class='ocrx_word' id='word_1_284' title='bbox 90 3638 215 3706; x_wconf 86' lang='lat' dir='ltr'><strong>eundae</strong></span> <span class='ocrx_word' id='word_1_285' title='bbox 224 3640 263 3725; x_wconf 82' lang='lat'><strong>¹⁵)</strong></span> <span class='ocrx_word' id='word_1_286' title='bbox 285 3637 458 3722; x_wconf 88' lang='lat' dir='ltr'><strong>legationis</strong></span> <span class='ocrx_word' id='word_1_287' title='bbox 480 3637 644 3721; x_wconf 87' lang='lat' dir='ltr'><strong>imposito,</strong></span> <span class='ocrx_word' id='word_1_288' title='bbox 675 3640 712 3700; x_wconf 89' lang='lat' dir='ltr'><strong>ut</strong></span> <span class='ocrx_word' id='word_1_289' title='bbox 740 3637 794 3720; x_wconf 92' lang='lat' dir='ltr'><strong>qui</strong></span> <span class='ocrx_word' id='word_1_290' title='bbox 821 3637 914 3701; x_wconf 93' lang='lat' dir='ltr'><strong>nobis</strong></span> <span class='ocrx_word' id='word_1_291' title='bbox 943 3637 1011 3721; x_wconf 89' lang='lat' dir='ltr'><strong>spei</strong></span> <span class='ocrx_word' id='word_1_292' title='bbox 1039 3637 1142 3702; x_wconf 89' lang='lat' dir='ltr'><strong>bonae</strong></span> <span class='ocrx_word' id='word_1_293' title='bbox 1165 3638 1280 3702; x_wconf 89' lang='lat' dir='ltr'><strong>detulit</strong></span> <span class='ocrx_word' id='word_1_294' title='bbox 1301 3639 1361 3703; x_wconf 92' lang='lat' dir='ltr'><strong>ini-</strong></span> 
     </span>
    </p>
   </div>
   <div class='ocr_carea' id='block_1_3' title="bbox 82 3856 1362 4951">
    <p class='ocr_par' dir='ltr' id='par_1_5' title="bbox 82 3856 1362 4100">
     <span class='ocr_line' id='line_1_34' title="bbox 161 3856 1361 3929; baseline 0 -15"><span class='ocrx_word' id='word_1_295' title='bbox 161 3864 192 3929; x_wconf 86' lang='lat'><strong>¹²)</strong></span> <span class='ocrx_word' id='word_1_296' title='bbox 209 3859 247 3914; x_wconf 86' lang='lat' dir='ltr'><strong>Et</strong></span> <span class='ocrx_word' id='word_1_297' title='bbox 263 3858 309 3914; x_wconf 90' lang='lat' dir='ltr'><strong>hic</strong></span> <span class='ocrx_word' id='word_1_298' title='bbox 325 3858 439 3929; x_wconf 84' lang='lat' dir='ltr'><strong>respicit</strong></span> <span class='ocrx_word' id='word_1_299' title='bbox 455 3857 606 3913; x_wconf 88' lang='lat' dir='ltr'><strong>Hormisda</strong></span> <span class='ocrx_word' id='word_1_300' title='bbox 623 3856 660 3912; x_wconf 86' lang='lat' dir='ltr'><strong>ad</strong></span> <span class='ocrx_word' id='word_1_301' title='bbox 676 3857 764 3912; x_wconf 84' lang='lat' dir='ltr'><strong>verba</strong></span> <span class='ocrx_word' id='word_1_302' title='bbox 780 3858 923 3913; x_wconf 83' lang='lat' dir='ltr'><strong>Anastasii</strong></span> <span class='ocrx_word' id='word_1_303' title='bbox 940 3857 1019 3928; x_wconf 89' lang='lat' dir='ltr'><strong>epist.</strong></span> <span class='ocrx_word' id='word_1_304' title='bbox 1035 3864 1080 3924; x_wconf 86' lang='lat'><strong>10,</strong></span> <span class='ocrx_word' id='word_1_305' title='bbox 1099 3858 1147 3912; x_wconf 91' lang='lat' dir='ltr'><strong>ubi</strong></span> <span class='ocrx_word' id='word_1_306' title='bbox 1165 3857 1272 3913; x_wconf 85' lang='lat' dir='ltr'><strong>divinas</strong></span> <span class='ocrx_word' id='word_1_307' title='bbox 1288 3859 1361 3914; x_wconf 89' lang='lat' dir='ltr'><strong>litte·</strong></span> 
     </span>
     <span class='ocr_line' id='line_1_35' title="bbox 88 3942 1362 4014; baseline -0.002 -12"><span class='ocrx_word' id='word_1_308' title='bbox 88 3965 136 4002; x_wconf 85' lang='lat' dir='ltr'><strong>ras</strong></span> <span class='ocrx_word' id='word_1_309' title='bbox 153 3963 172 4000; x_wconf 88' lang='lat' dir='ltr'><strong>a</strong></span> <span class='ocrx_word' id='word_1_310' title='bbox 189 3962 218 4001; x_wconf 86' lang='lat' dir='ltr'><strong>se</strong></span> <span class='ocrx_word' id='word_1_311' title='bbox 235 3943 434 4000; x_wconf 81' lang='lat' dir='ltr'><strong>Alexandriam</strong></span> <span class='ocrx_word' id='word_1_312' title='bbox 451 3942 593 3998; x_wconf 87' lang='lat' dir='ltr'><strong>multoties</strong></span> <span class='ocrx_word' id='word_1_313' title='bbox 617 3942 771 3998; x_wconf 89' lang='lat' dir='ltr'><strong>destinatas</strong></span> <span class='ocrx_word' id='word_1_314' title='bbox 789 3946 1002 4010; x_wconf 84' lang='lat' dir='ltr'><strong>commemorat,</strong></span> <span class='ocrx_word' id='word_1_315' title='bbox 1024 3964 1073 4012; x_wconf 81' lang='lat' dir='ltr'><strong>per</strong></span> <span class='ocrx_word' id='word_1_316' title='bbox 1091 3964 1167 4014; x_wconf 78' lang='lat' dir='ltr'><strong>quas,</strong></span> <span class='ocrx_word' id='word_1_317' title='bbox 1188 3943 1295 4013; x_wconf 88' lang='lat' dir='ltr'><strong>inquit,</strong></span> <span class='ocrx_word' id='word_1_318' title='bbox 1318 3949 1362 4001; x_wconf 84' lang='lat' dir='ltr'><strong>ob·</strong></span> 
     </span>
     <span class='ocr_line' id='line_1_36' title="bbox 82 4027 1326 4100; baseline -0.002 -14"><span class='ocrx_word' id='word_1_319' title='bbox 82 4037 244 4100; x_wconf 76' lang='lat' dir='ltr'><strong>jnrpouinms</strong></span> <span class='ocrx_word' id='word_1_320' title='bbox 262 4042 309 4087; x_wconf 82' lang='lat' dir='ltr'><strong>ete.</strong></span> <span class='ocrx_word' id='word_1_321' title='bbox 329 4028 487 4084; x_wconf 88' lang='lat' dir='ltr'><strong>-Ibidem</strong></span> <span class='ocrx_word' id='word_1_322' title='bbox 505 4027 540 4083; x_wconf 86' lang='lat' dir='ltr'><strong>G¹</strong></span> <span class='ocrx_word' id='word_1_323' title='bbox 558 4039 721 4083; x_wconf 76' lang='lat' dir='ltr'><strong>amoveantur</strong></span> <span class='ocrx_word' id='word_1_324' title='bbox 737 4034 863 4091; x_wconf 80' lang='lat' dir='ltr'><strong>modicae,</strong></span> <span class='ocrx_word' id='word_1_325' title='bbox 882 4028 931 4082; x_wconf 90' lang='lat' dir='ltr'><strong>ubi</strong></span> <span class='ocrx_word' id='word_1_326' title='bbox 948 4029 991 4083; x_wconf 91' lang='lat' dir='ltr'><strong>ed.</strong></span> <span class='ocrx_word' id='word_1_327' title='bbox 1010 4035 1190 4084; x_wconf 77' lang='lat' dir='ltr'><strong>admoneantur</strong></span> <span class='ocrx_word' id='word_1_328' title='bbox 1207 4035 1326 4084; x_wconf 79' lang='lat' dir='ltr'><strong>medicae.</strong></span> 
     </span>
    </p>

    <p class='ocr_par' dir='ltr' id='par_1_6' title="bbox 87 4112 1361 4269">
     <span class='ocr_line' id='line_1_37' title="bbox 160 4112 1361 4184; baseline -0.001 -14"><span class='ocrx_word' id='word_1_329' title='bbox 160 4119 192 4184; x_wconf 81' lang='lat'><strong>¹³)</strong></span> <span class='ocrx_word' id='word_1_330' title='bbox 210 4114 335 4170; x_wconf 89' lang='lat' dir='ltr'><strong>Primum</strong></span> <span class='ocrx_word' id='word_1_331' title='bbox 352 4113 489 4181; x_wconf 89' lang='lat' dir='ltr'><strong>Dioscori,</strong></span> <span class='ocrx_word' id='word_1_332' title='bbox 512 4115 572 4167; x_wconf 90' lang='lat' dir='ltr'><strong>tum</strong></span> <span class='ocrx_word' id='word_1_333' title='bbox 590 4112 743 4178; x_wconf 87' lang='lat' dir='ltr'><strong>Timothei,</strong></span> <span class='ocrx_word' id='word_1_334' title='bbox 766 4112 878 4167; x_wconf 90' lang='lat' dir='ltr'><strong>demum</strong></span> <span class='ocrx_word' id='word_1_335' title='bbox 895 4112 973 4167; x_wconf 89' lang='lat' dir='ltr'><strong>Petri</strong></span> <span class='ocrx_word' id='word_1_336' title='bbox 994 4113 1103 4183; x_wconf 78' lang='lat' dir='ltr'><strong>Mergi,</strong></span> <span class='ocrx_word' id='word_1_337' title='bbox 1127 4113 1204 4183; x_wconf 77' lang='lat' dir='ltr'><strong>cujus</strong></span> <span class='ocrx_word' id='word_1_338' title='bbox 1227 4114 1361 4169; x_wconf 88' lang='lat' dir='ltr'><strong>societate</strong></span> 
     </span>
     <span class='ocr_line' id='line_1_38' title="bbox 87 4197 931 4269; baseline -0.007 -12"><span class='ocrx_word' id='word_1_339' title='bbox 87 4220 118 4258; x_wconf 82' lang='lat' dir='ltr'><strong>se</strong></span> <span class='ocrx_word' id='word_1_340' title='bbox 136 4201 254 4256; x_wconf 82' lang='lat' dir='ltr'><strong>Aeacius</strong></span> <span class='ocrx_word' id='word_1_341' title='bbox 271 4200 482 4265; x_wconf 86' lang='lat' dir='ltr'><strong>contaminavit,</strong></span> <span class='ocrx_word' id='word_1_342' title='bbox 500 4198 642 4254; x_wconf 86' lang='lat' dir='ltr'><strong>haeretica</strong></span> <span class='ocrx_word' id='word_1_343' title='bbox 658 4197 797 4269; x_wconf 82' lang='lat' dir='ltr'><strong>pravitate</strong></span> <span class='ocrx_word' id='word_1_344' title='bbox 815 4198 931 4268; x_wconf 84' lang='lat' dir='ltr'><strong>polluta.</strong></span> 
     </span>
    </p>

    <p class='ocr_par' dir='ltr' id='par_1_7' title="bbox 88 4282 1361 4526">
     <span class='ocr_line' id='line_1_39' title="bbox 160 4282 1361 4355; baseline -0.002 -14"><span class='ocrx_word' id='word_1_345' title='bbox 160 4290 191 4355; x_wconf 82' lang='lat'><strong>¹⁴)</strong></span> <span class='ocrx_word' id='word_1_346' title='bbox 208 4286 306 4355; x_wconf 86' lang='lat' dir='ltr'><strong>Neque</strong></span> <span class='ocrx_word' id='word_1_347' title='bbox 324 4285 369 4340; x_wconf 87' lang='lat' dir='ltr'><strong>hie</strong></span> <span class='ocrx_word' id='word_1_348' title='bbox 385 4291 543 4354; x_wconf 77' lang='lat' dir='ltr'><strong>promisisset</strong></span> <span class='ocrx_word' id='word_1_349' title='bbox 562 4301 624 4338; x_wconf 90' lang='lat' dir='ltr'><strong>cum</strong></span> <span class='ocrx_word' id='word_1_350' title='bbox 634 4282 755 4338; x_wconf 88' lang='lat' dir='ltr'><strong>Baronio</strong></span> <span class='ocrx_word' id='word_1_351' title='bbox 772 4283 987 4354; x_wconf 84' lang='lat' dir='ltr'><strong>praeferendum</strong></span> <span class='ocrx_word' id='word_1_352' title='bbox 999 4299 1071 4349; x_wconf 90' lang='lat' dir='ltr'><strong>esse,</strong></span> <span class='ocrx_word' id='word_1_353' title='bbox 1087 4283 1176 4352; x_wconf 87' lang='lat' dir='ltr'><strong>liquet</strong></span> <span class='ocrx_word' id='word_1_354' title='bbox 1193 4301 1226 4338; x_wconf 86' lang='lat' dir='ltr'><strong>ex</strong></span> <span class='ocrx_word' id='word_1_355' title='bbox 1242 4284 1361 4355; x_wconf 88' lang='lat' dir='ltr'><strong>epistola</strong></span> 
     </span>
     <span class='ocr_line' id='line_1_40' title="bbox 88 4367 1361 4439; baseline -0.005 -10"><span class='ocrx_word' id='word_1_356' title='bbox 88 4381 120 4429; x_wconf 78' lang='lat'><strong>2¹</strong></span> <span class='ocrx_word' id='word_1_357' title='bbox 140 4392 168 4427; x_wconf 89' lang='lat' dir='ltr'><strong>n.</strong></span> <span class='ocrx_word' id='word_1_358' title='bbox 189 4379 216 4438; x_wconf 92' lang='lat'><strong>1,</strong></span> <span class='ocrx_word' id='word_1_359' title='bbox 234 4388 318 4439; x_wconf 82' lang='lat' dir='ltr'><strong>quam</strong></span> <span class='ocrx_word' id='word_1_360' title='bbox 335 4377 413 4425; x_wconf 74' lang='lat' dir='ltr'><strong>lotias</strong></span> <span class='ocrx_word' id='word_1_361' title='bbox 430 4374 576 4439; x_wconf 79' lang='lat' dir='ltr'><strong>provinciae</strong></span> <span class='ocrx_word' id='word_1_362' title='bbox 598 4372 750 4423; x_wconf 80' lang='lat' dir='ltr'><strong>Viennensis</strong></span> <span class='ocrx_word' id='word_1_363' title='bbox 767 4374 864 4423; x_wconf 84' lang='lat' dir='ltr'><strong>nomine</strong></span> <span class='ocrx_word' id='word_1_364' title='bbox 887 4367 1028 4423; x_wconf 80' lang='lat' dir='ltr'><strong>detulerat</strong></span> <span class='ocrx_word' id='word_1_365' title='bbox 1048 4368 1167 4437; x_wconf 80' lang='lat' dir='ltr'><strong>legatio,</strong></span> <span class='ocrx_word' id='word_1_366' title='bbox 1190 4368 1268 4438; x_wconf 88' lang='lat' dir='ltr'><strong>cujus</strong></span> <span class='ocrx_word' id='word_1_367' title='bbox 1285 4368 1361 4423; x_wconf 79' lang='lat' dir='ltr'><strong>diota</strong></span> 
     </span>
     <span class='ocr_line' id='line_1_41' title="bbox 89 4453 1083 4526; baseline -0.007 -13"><span class='ocrx_word' id='word_1_368' title='bbox 89 4458 136 4513; x_wconf 93' lang='lat' dir='ltr'><strong>hic</strong></span> <span class='ocrx_word' id='word_1_369' title='bbox 152 4456 303 4512; x_wconf 83' lang='lat' dir='ltr'><strong>Hormisda</strong></span> <span class='ocrx_word' id='word_1_370' title='bbox 320 4454 490 4526; x_wconf 87' lang='lat' dir='ltr'><strong>perstringit.</strong></span> <span class='ocrx_word' id='word_1_371' title='bbox 509 4484 542 4492; x_wconf 97' lang='lat'>—</span> <span class='ocrx_word' id='word_1_372' title='bbox 560 4453 624 4508; x_wconf 88' lang='lat' dir='ltr'><strong>Mox</strong></span> <span class='ocrx_word' id='word_1_373' title='bbox 643 4453 686 4508; x_wconf 90' lang='lat' dir='ltr'><strong>ed.</strong></span> <span class='ocrx_word' id='word_1_374' title='bbox 705 4459 731 4506; x_wconf 81' lang='lat' dir='ltr'><strong>in</strong></span> <span class='ocrx_word' id='word_1_375' title='bbox 748 4473 794 4507; x_wconf 83' lang='lat' dir='ltr'><strong>usu</strong></span> <span class='ocrx_word' id='word_1_376' title='bbox 864 4460 930 4508; x_wconf 86' lang='lat' dir='ltr'><strong>colla</strong></span> <span class='ocrx_word' id='word_1_377' title='bbox 947 4457 1083 4519; x_wconf 77' lang='lat' dir='ltr'><strong>subjectos.</strong></span> 
     </span>
    </p>

    <p class='ocr_par' dir='ltr' id='par_1_8' title="bbox 88 4537 1361 4951">
     <span class='ocr_line' id='line_1_42' title="bbox 161 4537 1361 4612; baseline -0.003 -16"><span class='ocrx_word' id='word_1_378' title='bbox 161 4545 191 4612; x_wconf 60' lang='grc'><strong>18)</strong></span> <span class='ocrx_word' id='word_1_379' title='bbox 210 4541 281 4607; x_wconf 85' lang='lat' dir='ltr'><strong>Quia</strong></span> <span class='ocrx_word' id='word_1_380' title='bbox 297 4540 428 4594; x_wconf 89' lang='lat' dir='ltr'><strong>nimirum</strong></span> <span class='ocrx_word' id='word_1_381' title='bbox 445 4539 519 4593; x_wconf 90' lang='lat' dir='ltr'><strong>idem</strong></span> <span class='ocrx_word' id='word_1_382' title='bbox 536 4537 678 4592; x_wconf 82' lang='lat' dir='ltr'><strong>Ennodius</strong></span> <span class='ocrx_word' id='word_1_383' title='bbox 692 4537 752 4607; x_wconf 88' lang='lat' dir='ltr'><strong>jam</strong></span> <span class='ocrx_word' id='word_1_384' title='bbox 771 4555 827 4592; x_wconf 87' lang='lat' dir='ltr'><strong>una</strong></span> <span class='ocrx_word' id='word_1_385' title='bbox 843 4539 952 4592; x_wconf 86' lang='lat' dir='ltr'><strong>functus</strong></span> <span class='ocrx_word' id='word_1_386' title='bbox 969 4539 1069 4592; x_wconf 82' lang='lat' dir='ltr'><strong>fuerat.</strong></span> <span class='ocrx_word' id='word_1_387' title='bbox 1105 4538 1146 4592; x_wconf 90' lang='lat' dir='ltr'><strong>De</strong></span> <span class='ocrx_word' id='word_1_388' title='bbox 1168 4539 1222 4593; x_wconf 88' lang='lat' dir='ltr'><strong>hac</strong></span> <span class='ocrx_word' id='word_1_389' title='bbox 1239 4537 1361 4593; x_wconf 85' lang='lat' dir='ltr'><strong>secunda</strong></span> 
     </span>
     <span class='ocr_line' id='line_1_43' title="bbox 88 4622 1360 4698; baseline -0.006 -13"><span class='ocrx_word' id='word_1_390' title='bbox 88 4627 240 4698; x_wconf 82' lang='lat' dir='ltr'><strong>legatione,</strong></span> <span class='ocrx_word' id='word_1_391' title='bbox 258 4644 344 4695; x_wconf 89' lang='lat' dir='ltr'><strong>quum</strong></span> <span class='ocrx_word' id='word_1_392' title='bbox 355 4626 447 4681; x_wconf 89' lang='lat' dir='ltr'><strong>adhuc</strong></span> <span class='ocrx_word' id='word_1_393' title='bbox 463 4625 492 4677; x_wconf 89' lang='lat' dir='ltr'><strong>in</strong></span> <span class='ocrx_word' id='word_1_394' title='bbox 504 4622 648 4693; x_wconf 87' lang='lat' dir='ltr'><strong>procinctu</strong></span> <span class='ocrx_word' id='word_1_395' title='bbox 661 4625 741 4689; x_wconf 79' lang='lat' dir='ltr'><strong>esset,</strong></span> <span class='ocrx_word' id='word_1_396' title='bbox 759 4623 908 4677; x_wconf 83' lang='lat' dir='ltr'><strong>Hormisda</strong></span> <span class='ocrx_word' id='word_1_397' title='bbox 920 4622 1000 4692; x_wconf 87' lang='lat' dir='ltr'><strong>epist.</strong></span> <span class='ocrx_word' id='word_1_398' title='bbox 1011 4630 1043 4676; x_wconf 80' lang='lat'><strong>22</strong></span> <span class='ocrx_word' id='word_1_399' title='bbox 1061 4641 1087 4676; x_wconf 91' lang='lat' dir='ltr'><strong>n.</strong></span> <span class='ocrx_word' id='word_1_400' title='bbox 1100 4630 1115 4676; x_wconf 81' lang='lat'><strong>5</strong></span> <span class='ocrx_word' id='word_1_401' title='bbox 1129 4625 1158 4678; x_wconf 88' lang='lat' dir='ltr'><strong>et</strong></span> <span class='ocrx_word' id='word_1_402' title='bbox 1170 4622 1249 4692; x_wconf 90' lang='lat' dir='ltr'><strong>epist.</strong></span> <span class='ocrx_word' id='word_1_403' title='bbox 1261 4631 1294 4678; x_wconf 83' lang='lat'><strong>23</strong></span> <span class='ocrx_word' id='word_1_404' title='bbox 1307 4630 1360 4677; x_wconf 66' lang='lat' dir='ltr'><strong>n?</strong></span> 
     </span>
     <span class='ocr_line' id='line_1_44' title="bbox 90 4706 1361 4782; baseline -0.006 -15"><span class='ocrx_word' id='word_1_405' title='bbox 90 4712 218 4782; x_wconf 78' lang='lat' dir='ltr'><strong>cogitare</strong></span> <span class='ocrx_word' id='word_1_406' title='bbox 236 4729 265 4766; x_wconf 89' lang='lat' dir='ltr'><strong>se</strong></span> <span class='ocrx_word' id='word_1_407' title='bbox 283 4710 457 4781; x_wconf 82' lang='lat' dir='ltr'><strong>significavit.</strong></span> <span class='ocrx_word' id='word_1_408' title='bbox 493 4709 583 4778; x_wconf 77' lang='lat' dir='ltr'><strong>Hujus</strong></span> <span class='ocrx_word' id='word_1_409' title='bbox 601 4708 686 4763; x_wconf 88' lang='lat' dir='ltr'><strong>etiam</strong></span> <span class='ocrx_word' id='word_1_410' title='bbox 703 4710 780 4762; x_wconf 87' lang='lat' dir='ltr'><strong>fama</strong></span> <span class='ocrx_word' id='word_1_411' title='bbox 793 4709 855 4776; x_wconf 85' lang='lat' dir='ltr'><strong>jam</strong></span> <span class='ocrx_word' id='word_1_412' title='bbox 873 4708 909 4762; x_wconf 89' lang='lat' dir='ltr'><strong>ab</strong></span> <span class='ocrx_word' id='word_1_413' title='bbox 921 4706 1007 4761; x_wconf 89' lang='lat' dir='ltr'><strong>initiis</strong></span> <span class='ocrx_word' id='word_1_414' title='bbox 1018 4708 1099 4777; x_wconf 90' lang='lat' dir='ltr'><strong>hujus</strong></span> <span class='ocrx_word' id='word_1_415' title='bbox 1111 4707 1177 4762; x_wconf 88' lang='lat' dir='ltr'><strong>anni</strong></span> <span class='ocrx_word' id='word_1_416' title='bbox 1189 4714 1238 4761; x_wconf 77' lang='lat'><strong>51⁷</strong></span> <span class='ocrx_word' id='word_1_417' title='bbox 1256 4708 1285 4761; x_wconf 91' lang='lat' dir='ltr'><strong>in</strong></span> <span class='ocrx_word' id='word_1_418' title='bbox 1297 4709 1361 4762; x_wconf 83' lang='lat' dir='ltr'><strong>Gal·</strong></span> 
     </span>
     <span class='ocr_line' id='line_1_45' title="bbox 89 4792 1360 4868; baseline -0.005 -15"><span class='ocrx_word' id='word_1_419' title='bbox 89 4799 142 4853; x_wconf 86' lang='lat' dir='ltr'><strong>lias</strong></span> <span class='ocrx_word' id='word_1_420' title='bbox 159 4798 332 4868; x_wconf 84' lang='lat' dir='ltr'><strong>pervaserat,</strong></span> <span class='ocrx_word' id='word_1_421' title='bbox 351 4796 392 4850; x_wconf 86' lang='lat' dir='ltr'><strong>uti</strong></span> <span class='ocrx_word' id='word_1_422' title='bbox 409 4795 492 4848; x_wconf 84' lang='lat' dir='ltr'><strong>fidem</strong></span> <span class='ocrx_word' id='word_1_423' title='bbox 509 4795 577 4848; x_wconf 82' lang='lat' dir='ltr'><strong>facit</strong></span> <span class='ocrx_word' id='word_1_424' title='bbox 594 4793 673 4863; x_wconf 82' lang='lat' dir='ltr'><strong>epist</strong></span> <span class='ocrx_word' id='word_1_425' title='bbox 687 4801 718 4847; x_wconf 82' lang='lat'><strong>21</strong></span> <span class='ocrx_word' id='word_1_426' title='bbox 737 4812 764 4847; x_wconf 90' lang='lat' dir='ltr'><strong>n.</strong></span> <span class='ocrx_word' id='word_1_427' title='bbox 781 4801 802 4846; x_wconf 91' lang='lat' dir='ltr'><strong>l.</strong></span> <span class='ocrx_word' id='word_1_428' title='bbox 834 4793 930 4848; x_wconf 88' lang='lat' dir='ltr'><strong>Plures</strong></span> <span class='ocrx_word' id='word_1_429' title='bbox 947 4793 977 4846; x_wconf 90' lang='lat' dir='ltr'><strong>in</strong></span> <span class='ocrx_word' id='word_1_430' title='bbox 993 4793 1085 4862; x_wconf 85' lang='lat' dir='ltr'><strong>prima</strong></span> <span class='ocrx_word' id='word_1_431' title='bbox 1096 4792 1223 4846; x_wconf 82' lang='lat' dir='ltr'><strong>Ennodio</strong></span> <span class='ocrx_word' id='word_1_432' title='bbox 1236 4792 1360 4847; x_wconf 85' lang='lat' dir='ltr'><strong>adiuncti</strong></span> 
     </span>
     <span class='ocr_line' id='line_1_46' title="bbox 91 4879 918 4951; baseline -0.006 -14"><span class='ocrx_word' id='word_1_433' title='bbox 91 4885 157 4938; x_wconf 89' lang='lat' dir='ltr'><strong>sunt</strong></span> <span class='ocrx_word' id='word_1_434' title='bbox 174 4882 254 4950; x_wconf 87' lang='lat' dir='ltr'><strong>socii,</strong></span> <span class='ocrx_word' id='word_1_435' title='bbox 273 4882 414 4951; x_wconf 83' lang='lat' dir='ltr'><strong>quintum</strong></span> <span class='ocrx_word' id='word_1_436' title='bbox 433 4879 553 4949; x_wconf 74' lang='lat' dir='ltr'><strong>synodus</strong></span> <span class='ocrx_word' id='word_1_437' title='bbox 573 4879 740 4933; x_wconf 89' lang='lat' dir='ltr'><strong>celebranda</strong></span> <span class='ocrx_word' id='word_1_438' title='bbox 757 4879 918 4948; x_wconf 86' lang='lat' dir='ltr'><strong>putabatur.</strong></span> 
     </span>
    </p>
   </div>
   <div class='ocr_carea' id='block_1_4' title="bbox 0 0 1730 5678">
    <p class='ocr_par' dir='ltr' id='par_1_9' title="bbox 0 0 1730 5678">
     <span class='ocr_line' id='line_1_47' title="bbox 0 0 1730 5678; baseline 0 0"><span class='ocrx_word' id='word_1_439' title='bbox 0 0 1730 5678; x_wconf 95' lang='lat' dir='ltr'><strong> </strong></span> 
     </span>
    </p>
   </div>
  </div>
 </body>
</html>
