3450 5678
352 336 415 402 754
792 356 819 402 s.
837 352 1044 402 nonnrsosa
1067 350 1181 400 erana

222 520 455 589 (soloppotesl.
501 507 545 571 Et
567 507 655 571 nullo
678 509 802 572 ratione
824 529 861 572 eo
883 510 1052 592 praesente
1081 506 1200 592 aliquid
1223 505 1386 591 allegetis,
1416 506 1472 571 sed
1495 528 1630 592 egresso

352 610 544 694 ordinem²⁷)
567 610 778 695 delegationis
801 611 946 675 exserite.

628 764 658 828 8.
691 768 771 830 Item
795 767 940 846 Capitale
962 767 1152 845 singularum
1174 784 1344 828 causamn

436 884 461 949 l.
499 883 545 948 Ut
566 887 679 947 sancta
701 883 840 967 synodus
863 881 1132 948 Calchedonensis
1154 884 1188 944 et
1209 880 1364 966 epistolae
1385 884 1492 946 sancti
1509 881 1633 947 Leonis

352 1009 454 1071 papae
477 989 653 1050 serventur.
692 985 791 1068 Ad28)
813 1006 895 1069 quae
918 984 1184 1049 clementissimus
1207 984 1382 1068 imperator
1405 985 1633 1068 consentiens,

352 1088 446 1153 debet
467 1088 598 1172 pietatis
621 1109 697 1151 suae
719 1109 810 1150 sacra
833 1086 998 1171 generalia
1020 1086 1060 1151 ad
1083 1087 1247 1150 universos
1266 1086 1432 1170 episcopos
1447 1087 1633 1171 destinare,

351 1193 385 1254 in
407 1190 522 1275 quibus
544 1189 707 1273 significet
729 1189 913 1273 supradicta
935 1211 968 1252 se
991 1192 1024 1252 et
1047 1187 1174 1253 credere
1197 1191 1230 1251 et
1252 1187 1424 1252 vindicare.

436 1292 481 1356 ll.
519 1290 765 1357 Consentientes
793 1291 890 1356 etiam
919 1289 1059 1374 episcopi
1092 1289 1127 1352 in
1160 1291 1295 1354 ecclesia
1326 1294 1499 1374 praesente
1532 1289 1635 1375 plebe

352 1393 536 1460 Christiana
564 1393 642 1457 haec
670 1393 854 1477 praedicare
881 1391 1063 1476 debentes:
1097 1392 1247 1475 amplecti
1280 1413 1314 1456 se
1346 1396 1495 1457 sanctam
1531 1392 1636 1458 fidem

352 1494 644 1562 Calchedonensfflr
667 1498 699 1558 et
721 1494 873 1578 epistolas
895 1494 1090 1558 sanctissimi
1112 1494 1227 1558 Leonis
1249 1515 1363 1578 papae,
1392 1512 1472 1579 quas
1494 1495 1636 1580 scripsit

257 1584 261 1592 ’
353 1602 465 1662 contra
493 1596 670 1661 haereticos
698 1595 883 1660 Nestorium
911 1600 944 1659 et
971 1595 1186 1680 Eutychetem
1219 1599 1251 1659 et
1279 1595 1467 1660 Dioscorum
1501 1597 1564 1661 sed
1600 1603 1636 1663 et

353 1703 464 1765 contra
480 1721 630 1784 sequaces
647 1720 764 1780 eorum,
788 1696 990 1761 Timotheum
1006 1697 1171 1782 Aelurum,
1195 1697 1337 1780 Petrum,
1361 1696 1411 1761 vel
1427 1701 1548 1763 contra
1565 1722 1634 1783 eos,

351 1803 461 1887 quiin
489 1802 560 1885 ipsa
588 1823 682 1865 causo
710 1803 862 1865 tenentur
889 1800 1035 1883 obnoxii,
1065 1800 1158 1863 simul
1186 1800 1284 1863 ctiam
1312 1802 1344 1862 et
1365 1800 1545 1884 Acacium,
1577 1804 1635 1887 qui

351 1903 513 1988 quondam
528 1901 904 1986 Constantinopolitanae
920 1901 1073 1966 eeclesiae
1091 1901 1154 1966 fuit
1169 1901 1347 1986 episcopus,
1371 1901 1426 1965 sed
1442 1904 1477 1966 et
1492 1900 1634 1968 Petrum

351 2006 449 2069 etiam
464 2002 705 2068 Antiochenam
726 2004 1036 2068 anathematizantes
1060 2025 1132 2067 cum
1154 2003 1248 2068 sociis
1264 2024 1381 2067 eorum.
1416 2001 1509 2068 Haec
1526 2026 1634 2071 manu

351 2107 480 2191 propria
508 2106 731 2190 praesentibus
760 2106 869 2170 electis
898 2104 1132 2169 venerabilibus
1165 2105 1242 2168 viris
1269 2105 1464 2188 scribentes,
1498 2106 1633 2173 faciant

351 2210 525 2272 secundum
546 2212 670 2272 textum
692 2208 808 2290 libelli,
832 2229 926 2292 quem
947 2229 1005 2292 per
1027 2206 1217 2293 notarios³⁰)
1240 2211 1367 2271 nostros
1389 2206 1564 2274 edidimus.

435 2309 494 2374 Ill.
532 2309 572 2375 In
594 2311 740 2375 exsilium
764 2310 947 2393 deportatos
976 2330 1035 2394 pro
1063 2330 1159 2374 causa
1187 2308 1404 2374 ecclesiastica
1426 2310 1469 2373 ad
1491 2311 1617 2378 audien

351 2413 429 2476 tiam
451 2412 535 2476 sedis
562 2412 757 2496 apostolicae
785 2411 996 2495 revocandos,
1030 2414 1066 2474 ut
1088 2411 1246 2496 judicium
1274 2414 1308 2475 et
1329 2433 1403 2475 vera
1425 2414 1633 2479 examinatio

351 2515 390 2579 de
412 2514 461 2578 his
484 2514 586 2598 possit
607 2513 733 2578 haberi:
764 2513 811 2576 ita
833 2517 869 2577 ut
892 2535 987 2577 causa
1010 2528 1118 2576 corum
1140 2513 1342 2598 inquisitioni
1369 2513 1504 2599 integra
1526 2536 1631 2581 reser-

350 2619 451 2680 vetur.
497 2616 530 2681 si
554 2617 607 2700 qui
630 2637 705 2679 vero
727 2618 857 2679 sanotae
880 2615 947 2679 sedi
969 2615 1161 2700 apostolicae
1191 2615 1481 2700 communie-antes,
1515 2617 1631 2683 eatho

350 2718 446 2783 licam
468 2718 563 2782 fidem
585 2718 808 2802 praedicantes
830 2721 926 2802 atque
949 2721 1128 2801 sequentes,
1151 2716 1257 2801 fugati
1280 2720 1357 2780 sunt
1378 2715 1427 2780 vel
1451 2717 1487 2782 in
1511 2720 1631 2785 exsilio

350 2821 545 2902 detinentur,
568 2819 626 2883 hos
645 2819 768 2903 justum
791 2822 937 2883 estante
961 2820 1068 2883 omnia
1090 2820 1242 2883 revocari.

434 2922 491 2988 IV.
529 2921 811 3006 l'raetereaque³¹)
833 2921 949 3006 legatis
971 2922 1057 2985 inter
1079 2920 1201 3005 reliqua
1216 2921 1425 3003 injunximus,
1450 2925 1490 2986 ut
1503 2923 1534 2987 si
1551 2946 1629 2988 wri-

350 3026 463 3110 tigerit
488 3024 612 3088 libellos
640 3023 763 3108 porrigi
791 3023 941 3087 adversus
975 3045 1027 3087 eos
1056 3023 1237 3107 episcopos,
1271 3023 1325 3107 qui
1355 3024 1520 3106 persecuti
1549 3032 1630 3089 sumt

351 3126 539 3208 catholicos,
563 3126 602 3190 de
624 3126 674 3190 his
693 3125 849 3210 judicium
872 3125 937 3188 sedi
961 3124 1154 3210 apostolicae
1177 3129 1369 3209 reservetur,
1399 3129 1436 3188 ut
1459 3125 1551 3190 cirea
1573 3148 1629 3191 eos

351 3229 603 3292 venerandorum
625 3231 753 3311 patrum
775 3229 900 3311 possint
916 3227 1092 3292 constituta
1108 3228 1245 3311 servari,
1269 3249 1327 3311 per
1341 3248 1423 3312 quae
1439 3226 1630 3293 aedificatio

350 3330 557 3415 generalitati
578 3329 805 3414 proveniat³²).

350 3470 379 3529 ll.
403 3471 584 3548 Exemplum
599 3469 700 3531 libelli
714 3487 771 3547 per
784 3469 956 3531 Ennodium
979 3475 1011 3531 st
1026 3472 1225 3533 Fortunatam
1240 3470 1412 3549 episcopos,
1433 3470 1629 3535 remum

500 3572 723 3651 presbyterum,
744 3572 880 3633 vitalem
903 3572 1066 3633 ffiacouum
1088 3577 1120 3635 et
1141 3573 1283 3634 Hilarum
1302 3572 1467 3635 notarium.

433 3688 458 3751 l.
484 3687 592 3750 Prima
607 3687 694 3752 solus
710 3690 768 3770 est,
786 3687 931 3772 regulam
946 3691 1053 3751 rectae
1069 3688 1141 3752 fidei
1158 3689 1327 3771 custodire,
1351 3689 1384 3751 et
1399 3708 1419 3751 a
1435 3690 1626 3755 constitutis

416 3894 448 3957 ²⁷)
466 3892 508 3944 lta
527 3894 562 3943 ll*
584 3893 613 3944 et
631 3890 807 3943 consentiunt
824 3907 895 3959 quoe
913 3907 999 3961 eupra
1016 3909 1042 3944 n.
1063 3899 1090 3956 33
1109 3891 1176 3944 boc
1194 3896 1360 3961 delepodonls
1378 3903 1485 3949 textus.

416 3978 448 4042 ²⁸³)
466 3976 500 4029 (Ρ
515 3978 541 4028 a*
561 3986 648 4045 utque,
668 3975 686 4027 b
700 3994 734 4029 ee
753 3988 828 4044 utque
889 3980 988 4031 debent.
1023 3975 1237 4030 llestituendum
1255 3994 1314 4031 esse
1332 3982 1449 4047 adquae
1468 3994 1525 4031 nou
1539 3995 1623 4048 negu-

348 4059 403 4125 bit,
426 4058 473 4127 qui
490 4059 662 4138 inveternm
681 4060 806 4115 ecdicum
824 4059 943 4114 lectione
960 4061 1124 4131 peregrinus
1141 4078 1196 4115 uon
1215 4062 1269 4128 est,
1291 4061 1412 4115 maxime
1428 4061 1454 4114 si
1473 4062 1623 4117 recoluerit

347 4143 415 4199 illud
433 4150 576 4198 consentire
598 4130 636 4199 od
654 4150 752 4214 oliqeo'd
772 4143 827 4196 stili
850 4160 909 4198 esec
929 4144 1105 4212 llormisdac,
1128 4145 1231 4216 quippe
1254 4146 1302 4213 qui
1321 4145 1382 4213 jam
1402 4144 1475 4199 dixit
1496 4164 1573 4201 num.
1593 4154 1621 4199 o:

349 4233 417 4284 Eece
435 4236 478 4301 qui
494 4241 533 4283 est
550 4235 659 4285 eioilulis
676 4236 811 4298 episeopus
829 4236 870 4283 ed
886 4237 949 4283 islo
967 4238 1099 4285 consentit.

414 4316 447 4383 ²⁹)
464 4315 483 4368 b
497 4334 530 4367 ee.
549 4319 664 4369 debeam.
695 4315 725 4368 ln
739 4314 919 4381 sequentibus
933 4332 982 4370 eae
995 4314 1148 4369 censendae
1167 4318 1232 4369 suut
1244 4315 1335 4370 notari
1347 4316 1486 4385 epistolae
1498 4333 1517 4371 a
1530 4317 1619 4373 Leone

346 4402 546 4471 postmortem
566 4399 695 4466 Proterii‚
720 4400 796 4469 cnjus
816 4398 978 4454 Timotheus
1001 4403 1029 4454 et
1047 4401 1144 4453 Petrus
1163 4403 1291 4455 aiictores
1308 4399 1491 4468 exstiterunt,
1512 4400 1542 4456 io
1561 4418 1620 4471 gn·

345 4485 415 4541 ham
427 4484 629 4538 Alexandrinae
642 4482 774 4538 ecclesiae
791 4486 821 4537 et
833 4484 1063 4539 Calchedonensis
1081 4485 1181 4554 synodi
1198 4484 1378 4555 conscriptae,
1396 4487 1469 4554 puto
1483 4492 1533 4540 llo
1542 4504 1616 4557 seqq.

415 4574 446 4638 ³⁰)
465 4570 508 4625 Ita
526 4569 558 4621 ll¹
573 4572 613 4635 a'3
632 4569 700 4621 bec
718 4575 841 4623 notarium
861 4581 971 4623 rroslrum
1045 4577 1207 4641 inquimilione
1225 4577 1331 4639 intepet.

414 4656 447 4722 Ἰ)
464 4658 490 4709 n'
504 4655 523 4707 b
536 4671 571 4708 cc
589 4658 732 4707 Praetmea
750 4674 826 4723 quoe,
850 4654 925 4722 quod
943 4654 1138 4725 corrigendum
1161 4655 1296 4710 duximus.
1338 4654 1380 4709 Ea
1397 4654 1443 4709 bic
1461 4654 1616 4713 llormivla

346 4758 417 4807 quae
435 4740 536 4805 leffirtis
554 4738 679 4808 superius
697 4756 723 4790 n.
743 4744 758 4789 (l
777 4739 927 4808 praecipit,
945 4742 1152 4795 commemorat.

413 4828 445 4879 ”l
465 4824 514 4877 llic
537 4822 631 4877 statim
655 4822 817 4891 adjungitur
839 4825 868 4876 in
890 4830 984 4877 nostro
1007 4826 1141 4880 Avellano
1160 4827 1206 4881 lol.
1227 4827 1277 4879 70¹⁸
1298 4829 1450 4894 Exemplum
1474 4832 1555 4882 libelli
1569 4848 1615 4897 per

348 4913 487 4962 &venialium
505 4921 568 4962 eu..-
587 4912 678 4972 liltore
697 4907 769 4961 idem
788 4909 883 4961 statim
901 4909 945 4962 hic
963 4909 1100 4979 subjicere
1119 4910 1208 4965 libuit.
