3450 5678
248 304 310 370 818
689 322 717 371 s.
733 320 941 371 noaursnsu
963 321 1077 370 elesa

118 484 153 549 (a.
165 481 234 549 51⁷.)
248 475 429 540 Simeonius
444 474 612 560 presbyter
633 478 671 539 ut
686 497 792 560 supra.
837 474 977 541 Thomas
992 477 1160 561 presbyter
1176 476 1334 560 utsupra.
1382 477 1527 544 Jaoobus

247 579 415 662 presbyter
436 582 596 669 utsupra.
641 575 808 642 Johannes
825 578 993 662 presbyter
1015 581 1173 663 utsupra.
1219 575 1337 642 Paulus
1354 582 1527 666 presbyter

247 684 403 765 utsupra.
448 679 577 744 Priscus
599 679 766 764 presbyter
788 683 946 764 utsupra.
991 679 1155 745 Antonius
1171 679 1340 764 presbyter
1363 684 1524 766 utsupra.

246 781 413 848 Johannes
427 781 596 867 presbyter
618 784 776 866 utsupra.
821 782 960 847 Thomas
976 782 1144 867 presbyter
1165 786 1323 867 utsupra.
1371 780 1523 849 Julianus

246 885 414 980 presbyter
435 887 594 968 utsupra.
640 883 820 949 Simeonius
842 886 1010 970 presbyter
1031 888 1189 970 utsupra.
1235 883 1377 948 Thomas
1393 887 1522 969 presby·

245 989 296 1050 ter
317 989 354 1050 ut
376 1008 483 1070 supra.
544 985 723 1051 Simeonius
745 986 912 1070 presbyter
942 991 1107 1072 utsupra.
1167 985 1331 1051 Zachaeus
1355 986 1523 1071 presbyter

246 1092 282 1152 ut
309 1110 416 1173 supra.
476 1087 615 1153 Thomas
645 1089 812 1172 presbyter
845 1092 1015 1173 utsupra.
1083 1088 1262 1155 Simeonius
1289 1088 1462 1173 presbyter
1487 1092 1522 1153 ut

246 1213 352 1276 supra.
398 1190 538 1255 Thomas
553 1191 720 1275 presbyter
734 1194 772 1254 ut
786 1212 892 1275 supra.
939 1190 1118 1256 Simeonius
1130 1191 1299 1276 presbyter
1313 1193 1352 1255 ut
1364 1191 1518 1275 supra¹⁵).

247 1293 377 1379 Sergius
400 1293 567 1378 presbyter
589 1297 625 1356 ut
647 1314 754 1377 supra.
799 1292 940 1357 Thomas
961 1295 1130 1378 presbyter
1151 1297 1188 1358 ut
1209 1316 1316 1378 supra.
1363 1292 1518 1358 Eusebius

245 1396 414 1481 presbyter
435 1399 592 1480 utsupra.
637 1393 756 1459 Paulus
778 1395 946 1479 presbyter
967 1400 1003 1461 ut
1018 1418 1125 1480 supra.
1170 1394 1338 1460 Johannes
1354 1395 1518 1481 presbyter

246 1502 411 1583 utsupra.
474 1497 780 1582 Sergiusdiaoonus
808 1500 979 1582 utsupra.
1037 1498 1120 1562 Item
1143 1497 1275 1583 Sergius
1302 1497 1458 1563 diaconus
1484 1502 1517 1561 ut

246 1623 352 1685 supra.
411 1599 561 1665 Julianus
583 1600 750 1684 presbyter
778 1602 814 1663 ut
836 1622 942 1683 supra.
1002 1599 1134 1685 Sergius
1155 1600 1325 1685 presbyter
1352 1604 1513 1684 utsupra.

246 1703 438 1767 Ammonius
461 1702 614 1766 diaconus
637 1704 674 1765 ut
695 1723 802 1785 supra.
854 1701 994 1766 Thomas
1016 1702 1184 1787 presbyter
1205 1705 1242 1766 ut
1263 1724 1372 1787 supra.
1418 1702 1513 1767 Lucas

246 1805 413 1890 presbyter
434 1808 471 1869 ut
493 1826 600 1888 supra.
645 1803 784 1868 Thomas
807 1803 960 1869 diaconus
982 1807 1019 1869 ut
1033 1827 1140 1889 supra.
1187 1802 1370 1869 Simeonius
1392 1804 1511 1890 presby·

246 1911 296 1971 ter
318 1910 355 1972 ut
377 1929 484 1991 supra.

332 2010 361 2074 8.
400 2009 572 2073 Flavianus
598 2009 851 2074 archimandrita
879 2012 915 2073 ut
942 2031 1048 2094 supra.
1113 2007 1275 2074 Monimus
1303 2009 1508 2074 diaconusut

247 2133 354 2195 supra.
399 2109 566 2176 lohannes
589 2112 741 2176 diaconus
764 2114 929 2195 utsupra.
973 2111 1139 2176 Johannes
1162 2111 1330 2195 presbyter
1352 2115 1504 2195 utsupra

248 2213 410 2277 Antonius
433 2212 586 2277 diaconus
608 2216 645 2277 ut
668 2234 774 2298 supra.
831 2213 970 2277 Thomas
992 2212 1145 2278 diaconus
1168 2215 1333 2297 utsupra.
1394 2212 1502 2276 Eliseus

247 2317 414 2400 presbyter
436 2319 472 2379 ut
494 2338 600 2400 supra.
647 2315 777 2400 Sergius
800 2315 952 2380 diaconus
974 2319 1137 2399 utsupra.
1187 2315 1331 2380 Isaacius
1354 2315 1501 2399 presbyter

247 2421 284 2481 ut
307 2439 413 2501 supra.
460 2416 590 2502 Sergius
612 2417 780 2501 presbyter
801 2421 838 2481 ut
860 2440 966 2501 supra.
1011 2417 1151 2482 Thomas
1174 2417 1329 2482 diaconus
1351 2421 1388 2482 ut
1408 2435 1496 2500 supra.

247 2519 414 2584 Johannes
429 2520 597 2604 presbyter
617 2522 773 2604 utsupra.
818 2519 986 2604 Philippus
1002 2520 1155 2585 diaconus
1178 2522 1213 2583 ut
1227 2542 1336 2604 supra.
1378 2517 1496 2584 lacobus

247 2622 415 2706 presbyter
436 2627 473 2685 ut
494 2644 601 2706 supra.
653 2621 811 2686 Zenobius
833 2622 1000 2707 presbyter
1022 2626 1058 2687 ut
1080 2644 1186 2706 supra.
1236 2621 1344 2686 Morus
1367 2621 1493 2686 diaconus

248 2727 405 2809 utsupra.
451 2724 592 2788 Isaacius
614 2725 781 2809 presbyter
803 2728 840 2788 ut
854 2747 960 2809 supra.
1005 2725 1152 2790 Ananias
1167 2724 1336 2809 presbyter
1357 2726 1489 2805 utsupra

249 2826 379 2912 Sergius
401 2827 569 2911 presbyter
590 2830 627 2889 ut
649 2849 754 2910 supra.
815 2825 943 2892 Simeon
965 2826 1133 2912 presbyter
1155 2829 1192 2890 ut
1213 2848 1320 2911 supra.
1358 2823 1489 2913 ,mons

248 2929 415 3013 presbyter
437 2934 473 2993 ut
495 2951 600 3013 supra.
645 2928 812 2993 Johannes
834 2928 1001 3013 presbyter
1023 2931 1187 3013 utsupra.
1238 2928 1367 2994 Simeon
1387 2923 1487 3012 presby·

248 3034 298 3094 ter
320 3035 484 3115 utsupra.
536 3031 675 3096 Thomas
697 3032 864 3116 presbyter
886 3034 922 3095 ut
944 3053 1048 3116 supra.
1104 3030 1271 3096 Johannes
1293 3030 1446 3115 presbyter
1461 3024 1486 3085 ut

250 3155 356 3217 supra.
402 3132 531 3198 Simeon
553 3118 721 3218 presbyter
743 3136 780 3198 ut
801 3155 907 3217 supra.
957 3132 1155 3198 Davidethos
1178 3133 1332 3197 diaconus
1353 3135 1388 3196 ut
1406 3143 1484 3211 supr&

249 3235 388 3300 Thomas
411 3235 562 3300 diaconus
584 3240 621 3300 ut
635 3258 742 3320 supra.
787 3234 953 3300 Johannes
975 3235 1128 3301 diaconus
1150 3238 1316 3320 utsupra.
1359 3232 1484 3298 lamneus

250 3338 418 3422 presbyter
439 3343 476 3402 ut
499 3360 605 3422 supra.

334 3441 364 3504 9.
402 3440 518 3504 Daniel
541 3439 792 3505 archimandrita
819 3444 983 3525 utsupra.
1043 3440 1172 3506 Simeon
1202 3428 1484 3504 archimandritas

250 3564 355 3627 supra.
416 3541 588 3606 Abramius
611 3544 778 3627 presbyter
809 3546 844 3606 ut
866 3565 971 3628 supra.
1031 3541 1134 3607 David
1158 3543 1326 3626 presbyter
1352 3543 1386 3605 ut
1404 3550 1481 3619 suprfl·

254 3643 430 3708 Dorotheus
464 3645 631 3729 presbyter
667 3648 703 3709 ut
733 3667 839 3730 supra.
911 3645 1097 3717 Antoninus
1134 3643 1302 3729 presbyter
1338 3646 1373 3708 ut
1404 3652 1481 3721 supra·

217 3751 224 3763 '
251 3746 389 3811 Thomas
411 3747 579 3830 presbyter
600 3751 637 3811 ut
659 3769 765 3832 supra.
824 3746 1000 3812 Darsumas
1021 3746 1190 3832 presbyter
1217 3751 1254 3810 ut
1281 3767 1386 3831 supra.
1434 3737 1483 3802 Str·

251 3849 323 3935 gius
346 3850 512 3933 presbyter
534 3853 570 3912 ut
592 3871 698 3934 supra.
758 3848 916 3914 Eusebius
939 3850 1105 3934 presbyter
1127 3853 1293 3933 utsupra.
1339 3837 1483 3913 simeonius

249 3952 417 4037 presbyter
443 3955 480 4015 ut
507 3972 613 4035 supra.
673 3950 844 4016 Marcellus
871 3951 1038 4037 presbyter
1064 3954 1101 4016 ut
1128 3973 1233 4036 supra.
1292 3948 1414 4015 Priscus
1434 3956 1482 4026 pre

251 4055 360 4138 sbytcr
392 4063 562 4137 utsupra.
621 4053 728 4118 Maras
755 4054 922 4138 presbyter
952 4057 1123 4138 utsupra.
1189 4051 1321 4138 Sergius
1353 4046 1484 4137 prebyter

250 4160 287 4221 ut
314 4178 420 4240 supra.
489 4156 629 4221 Jacobus
663 4156 830 4239 presbyter
867 4159 904 4220 ut
936 4178 1043 4240 supra.
1110 4154 1250 4219 Thomas
1279 4155 1432 4240 presbyter
1458 4141 1483 4202 ¹1¹

251 4281 357 4344 supra.
417 4258 498 4321 ¹ltcrn
528 4257 666 4321 Thomas
695 4257 862 4342 presbyter
889 4261 925 4321 ut
954 4280 1059 4341 supra.
1120 4256 1259 4322 Thomas
1289 4242 1483 4342 presbyterut

251 4384 357 4446 supra.
418 4360 546 4426 Salinas
574 4360 741 4445 presbyter
768 4363 932 4444 utsupra.
991 4359 1129 4424 Thomas
1157 4360 1326 4444 presbyter
1352 4363 1387 4424 ut
1404 4364 1481 4434 supr&

250 4463 416 4528 lohannes
438 4464 606 4548 presbyter
633 4466 796 4546 utsupra.
841 4461 1034 4526 Varasaldas
1056 4461 1225 4547 presbyter
1256 4465 1293 4526 ut
1315 4483 1413 4546 supra.
1445 4446 1482 4562 lt

251 4564 375 4629 hmines
398 4566 550 4630 diaeonus
573 4567 729 4648 utsupra.
775 4563 944 4628 Marcellus
960 4564 1112 4629 diaconus
1135 4566 1294 4649 utsupra.
1340 4563 1481 4629 sinamur

251 4668 418 4751 presbyter
440 4672 476 4730 ut
491 4689 597 4751 supra.
643 4666 828 4731 Gennadius
843 4667 1011 4751 presbyter
1032 4669 1189 4750 utsupra.
1235 4665 1373 4730 Thomas
1386 4653 1482 4749 presbl'

323 4889 352 4955 rs)
371 4887 421 4941 Ed,
440 4887 503 4943 odd.
525 4892 631 4943 Thomas
647 4891 785 4957 presbyter
802 4899 829 4942 at
845 4908 934 4959 supra.
