3412 5664
664 349 855 399 armannus
878 339 997 397 13.14.
1428 336 1466 400 li

249 513 318 568 tuerat
341 511 373 565 lta
387 509 472 566 Siricii
487 509 638 583 epistolab,
656 508 720 565 licet
735 508 767 564 ad
782 509 871 565 ltaliae
890 510 1033 583 episcopos
1048 511 1164 584 primum
1179 512 1287 584 scripta,
1304 511 1470 586 epigraphen

247 606 310 652 nucu
325 612 377 669 prae
397 613 426 650 se
446 594 499 650 lert
519 597 559 651 ad
573 599 724 667 episcopos
739 596 870 667 Africae,
888 596 949 668 quia
964 594 1138 668 postmodum
1154 594 1186 650 ad
1202 595 1282 651 Atros
1298 597 1378 652 missa
1393 596 1470 652 'lele-

246 682 362 754 plenisque
372 680 526 736 inNumidia
539 679 645 735 concilii
655 681 742 754 gestis
753 681 863 743 inserta,
876 695 931 735 nou
944 678 1051 735 aliunde
1064 679 1096 735 ad
1109 697 1159 737 tres
1171 683 1304 753 pervenit.
1320 680 1470 737 Hadrianus
1517 676 1518 681 ’

245 774 308 820 auten
318 782 358 820 seu
371 766 458 839 quiris
474 765 555 827 alius,
573 764 650 835 cujus
667 781 749 837 opera
761 764 886 820 collectio
899 772 976 819 aucta
987 772 1037 828 cst,
1055 782 1133 839 quam
1151 766 1173 820 is
1185 783 1253 840 papa
1265 765 1361 822 uaroto
1373 765 1470 840 blaguo

245 849 303 912 dedit
314 850 437 924 exemplar
451 867 534 923 penes
555 867 585 905 se
608 849 700 905 babuit
716 859 856 923 gestorum
873 849 1066 923 synodicormn
1081 849 1202 924 adeoque
1218 851 1363 925 epistolae,
1386 850 1470 925 qualis

245 936 291 1008 ipsis
301 937 370 1008 gestis
386 924 555 1009 illigata'est.
586 935 655 990 Num
670 951 734 990 vero
751 934 842 991 eadem
858 933 973 1008 epistola
989 935 1069 990 etiam
1085 935 1118 991 ad
1133 934 1214 990 Atros
1230 936 1309 991 missa
1324 937 1368 998 sit,
1393 934 1470 990 dubi-

246 1029 284 1074 tae
295 1019 351 1075 icet.
370 1019 448 1075 Certe
464 1019 537 1075 illius
555 1019 694 1076 exordium
702 1019 834 1088 Qualiter
848 1024 877 1075 in
884 1020 1038 1092 Africanis
1053 1017 1118 1093 (non
1132 1024 1162 1076 in
1179 1020 1292 1093 nestris)
1309 1021 1474 1095 regionibns

244 1109 320 1160 cantia
335 1106 438 1161 diaboti
457 1109 607 1176 saevierit,
630 1107 710 1161 nnita
734 1113 816 1161 terra
838 1109 969 1175 nescivit,
996 1121 1148 1161 sermonem
1169 1107 1239 1180 sapit
1259 1105 1292 1161 de
1313 1104 1472 1180 regionibus

245 1188 338 1245 tldnais
352 1206 405 1245 non
421 1188 453 1244 ad
469 1191 544 1263 ipses
560 1189 641 1246 diros
656 1190 704 1245 sed
717 1190 749 1245 ad
761 1189 864 1246 alienos
875 1188 1027 1246 scribentis.
1050 1190 1132 1265 ldquc
1145 1188 1294 1251 coufirmat.
1305 1184 1384 1264 ‘quon
1396 1190 1473 1246 initio

245 1273 280 1328 nl
291 1273 405 1348 legimus:
423 1278 561 1331 venientis
577 1277 617 1331 ed
631 1290 680 1332 nos
695 1282 723 1331 et
738 1277 893 1333 remedium
905 1277 1083 1348 postulantis
1097 1278 1219 1333 sollicite
1233 1278 1415 1332 discutienda
1432 1281 1474 1330 est

244 1359 351 1431 pascasio
365 1367 393 1415 et
405 1375 536 1432 persona
551 1362 673 1433 decepti.

302 1443 324 1499 l.
352 1444 418 1500 lliuc
432 1445 553 1506 Rarorui.
576 1462 655 1519 quam
676 1445 767 1501 llinius
784 1462 833 1519 pro
851 1462 925 1502 more
941 1462 992 1501 suo
1008 1447 1146 1520 sequitur,
1170 1445 1273 1503 admitti
1295 1447 1389 1519 nequit
1409 1461 1474 1500 oon·

242 1527 391 1596 ndumcirea
407 1529 447 1592 id,
470 1530 543 1604 quud
565 1529 681 1604 praelixa
702 1540 780 1605 gestu
801 1532 921 1587 Boethio
943 1534 1062 1588 consule
1084 1532 1110 1586 b.
1124 1549 1148 1587 e.
1171 1549 1241 1586 antro
1258 1530 1333 1593 487.
1355 1529 1473 1586 subnexa

245 1630 287 1668 nro
298 1615 400 1688 epistola
415 1613 559 1688 Dynamio
575 1623 602 1671 et
625 1616 723 1688 Sifidio
740 1632 795 1673 esa.
812 1617 864 1672 ie.
882 1634 951 1672 anuo
964 1616 1026 1673 488
1042 1619 1247 1691 consignantur.
1278 1615 1388 1671 Frustra
1404 1616 1474 1670 euiur

244 1696 346 1754 arnum
361 1700 399 1755 illi
415 1701 464 1755 riri
479 1699 555 1771 ajunt
571 1700 691 1757 accidere
706 1703 838 1775 potuisse,
855 1710 886 1757 ut
901 1708 979 1771 tnnc,
996 1703 1196 1776 quumbnbita
1209 1709 1252 1758 est
1263 1703 1398 1775 synodus,
1416 1703 1474 1772 cpi·

243 1785 294 1839 nato
304 1789 407 1841 minime
421 1789 494 1841 mitti
507 1789 645 1856 vetuerit,
665 1790 716 1844 sed
729 1806 816 1860 quum
831 1789 880 1843 din
895 1788 1005 1843 Romae
1020 1795 1133 1843 retenta
1149 1795 1233 1858 essct,
1250 1789 1311 1844 dica
1326 1790 1476 1859 oppositus

242 1871 271 1922 itb‘
278 1869 362 1940 tuerit,
379 1888 436 1942 qno
451 1875 480 1926 in
497 1872 630 1944 Africam
645 1876 815 1928 mitteretur.

303 1955 326 2010 5.
353 1953 440 2022 Quum
456 1957 527 2013 enim
544 1955 578 2011 dc
593 1956 708 2030 epistola
724 1974 813 2013 sermo
830 1958 866 2012 sit
883 1974 938 2012 nou
955 1958 982 2012 in
993 1957 1109 2014 Africam
1126 1956 1173 2013 scd
1192 1957 1224 2012 ad
1242 1957 1305 2013 alias
1324 1956 1474 2031 provincias

241 2039 476 2113 uisapropositum
493 2041 594 2096 nodum
610 2059 643 2096 nc
659 2044 798 2117 attingunt
814 2042 931 2116 quidem,
948 2041 1047 2097 nedum
1063 2043 1215 2117 expediant.
1238 2042 1277 2097 bd
1290 2059 1341 2098 nos
1352 2041 1424 2115 quod
1437 2050 1476 2096 at·

240 2123 298 2184 tinet
304 2123 409 2180 Felicem
421 2127 551 2198 imprimis
560 2125 664 2182 biricae
675 2126 881 2184 necessitatibus
886 2128 1068 2201 prospexisse,
1082 2145 1112 2184 ac
1127 2127 1242 2189 decreta,
1250 2143 1318 2202 quae
1330 2127 1358 2182 in
1370 2125 1476 2200 syuodo

238 2217 407 2272 manascunt,
429 2212 488 2266 sine
508 2227 582 2267 mora
603 2210 667 2267 illuc
689 2214 792 2269 misisse
806 2211 977 2268 arbitramur.
1014 2212 1163 2286 Properum
1184 2212 1332 2268 remedium
1353 2209 1478 2286 exigebat

237 2291 342 2350 altariolo
356 2294 483 2350 ecelesiae
497 2295 598 2351 inlllcta
613 2295 700 2371 plaga,
721 2305 831 2371 praesto
847 2305 924 2353 crant
939 2298 967 2354 iu
982 2297 1088 2371 synodo
1106 2297 1126 2352 4
1143 2299 1262 2372 episcopi
1277 2295 1408 2358 Africani,
1431 2296 1477 2369 qui

235 2386 316 2432 sutum
328 2379 381 2450 ejus
396 2381 423 2435 in
438 2382 550 2453 patrium
571 2397 645 2435 suam
667 2382 835 2455 perterrent,
859 2381 909 2438 nec
930 2382 1076 2457 quidquam
1098 2382 1272 2438 metuendum
1294 2389 1351 2437 erat
1371 2399 1385 2436 a
1406 2398 1477 2436 novo

233 2479 301 2535 erge,
319 2466 359 2537 qui
378 2466 569 2539 episcoporum
591 2474 618 2520 et
639 2465 751 2522 aliorum
773 2467 989 2524 orthodoxorum
1010 2467 1088 2522 exilia
1105 2485 1192 2541 nuper
1207 2467 1348 2522 relaxarat.
1380 2465 1477 2521 Morari

232 2555 308 2603 umen
320 2566 364 2604 nos
379 2566 434 2605 nou
449 2549 529 2605 debet
546 2549 643 2621 injecta
660 2551 814 2608 dilbcultas.
847 2551 955 2608 Nullum
972 2554 1042 2608 enirn
1060 2560 1101 2607 est
1116 2551 1326 2614 incommodum,
1348 2552 1370 2606 si
1386 2549 1478 2605 eadem

228 2634 416 2689 amissenus
428 2635 583 2689 indiversus
596 2636 747 2709 provincias
759 2638 839 2692 missa
852 2645 880 2692 et
892 2655 924 2692 eo
937 2636 989 2699 dic,
1003 2654 1057 2712 quo
1071 2638 1307 2711 tuitticocperuut‚
1320 2637 1478 2709 corrsignata

226 2717 365 2774 dixerimus.
388 2719 461 2775 istud
479 2737 561 2793 porro
573 2722 599 2775 in
612 2723 650 2776 eis
662 2721 810 2796 singulare,
827 2721 899 2795 quod
913 2721 1035 2777 diversos
1050 2724 1234 2796 poenitentiae
1246 2720 1369 2795 publicae
1378 2719 1478 2795 gradus

223 2813 288 2858 tunc
300 2806 404 2879 usitatus
420 2805 563 2877 explicent.
594 2804 658 2861 ldeo
674 2806 802 2880 synodica
817 2807 862 2862 illa
879 2807 992 2880 epistola
1009 2806 1082 2862 {verri
1098 2807 1179 2881 digna
1196 2808 1250 2861 visa
1271 2814 1328 2868 est,
1350 2822 1417 2879 spatae
1434 2804 1479 2859 de·

221 2889 289 2944 creti
302 2891 340 2945 sui
355 2890 397 2964 p.l
413 2889 508 2946 0293
526 2898 582 2947 tota
597 2892 772 2947 insereretur.

497 3074 536 3136 In
555 3074 670 3138 Felicia
692 3076 855 3154 epistolam
877 3076 914 3136 14
937 3071 1067 3154 („Mntta
1083 3072 1195 3156 snnt“).

305 3199 331 3253 1.
345 3196 461 3253 lacobus
468 3195 628 3253 sirmondus
644 3197 785 3271 epistolam
802 3198 869 3253 bam
881 3198 1064 3254 cVirdunensi
1076 3196 1169 3253 codice
1182 3198 1320 3252 erutamin
1332 3196 1480 3271 appendice
1495 3201 1547 3269 [all

211 3283 278 3340 amri.
291 3281 424 3338 Tbeodos.
441 3281 536 3344 edidit,
551 3282 706 3346 admoneus,
724 3299 779 3338 eam
794 3300 935 3358 perperam
952 3283 1066 3344 Gelasio,
1083 3283 1129 3356 qui
1145 3280 1264 3338 nondum
1280 3298 1363 3355 quum
1379 3284 1479 3356 scripta

209 3379 259 3424 est
272 3366 460 3443 pontificatum
475 3366 588 3441 adeptus
604 3367 701 3429 iuerat,
716 3365 827 3423 attribui
841 3370 868 3423 in
884 3368 931 3423 illo
948 3367 1102 3442 exemplari.
1124 3365 1157 3422 Et
1167 3384 1231 3422 vero
1244 3366 1325 3423 tradit
1339 3365 1478 3423 Liberatus

210 3458 290 3512 trev.
303 3471 328 3508 c.
338 3455 385 3516 lii,
401 3451 529 3508 Flavitaur
546 3452 648 3508 litteras
664 3452 807 3526 synodicas
823 3452 1000 3509 ordinationis
1016 3470 1080 3508 suae
1095 3452 1196 3508 ludices
1208 3451 1240 3506 ad
1249 3450 1364 3507 Felicem
1377 3454 1482 3508 misisse

209 3540 393 3613 eumdemque
407 3537 521 3593 Felicem
541 3539 591 3612 ipsi
613 3539 800 3612 rescripsisse,
828 3537 901 3612 quod
923 3547 951 3594 et
971 3538 1072 3594 diserte
1092 3536 1234 3594 confirmat
1255 3537 1433 3611 'lbeoplranes
1454 3539 1483 3593 in

208 3628 318 3682 emron.
335 3642 397 3699 pag.
406 3623 467 3680 206
483 3639 513 3677 ac
528 3622 695 3696 llioepborus
711 3622 814 3679 Callisti
829 3622 892 3685 xvi,
911 3623 959 3680 19.
997 3622 1072 3679 Unde
1093 3623 1162 3678 idem
1183 3622 1216 3678 de
1237 3623 1288 3678 bac
1310 3622 1481 3679 sentiendum

208 3711 386 3771 arbitramur,
403 3707 475 3782 quud
491 3706 524 3762 de
540 3707 637 3763 Gelasii
653 3715 767 3763 tractatu
782 3707 791 3761 l
807 3725 856 3763 seu
871 3708 1011 3764 llreviculo
1028 3708 1156 3763 historiae
1172 3706 1365 3780 Eutycliiunae,
1382 3724 1439 3762 eam
1455 3715 1482 3762 et

208 3796 316 3853 tielasii
338 3811 399 3849 esse
413 3801 441 3849 et
457 3791 567 3848 l'ellcis:
590 3792 700 3856 Gelani,
722 3810 735 3846 a
752 3810 807 3866 quo
823 3770 922 3867 scripta
937 3792 1073 3856 videatur,
1096 3792 1168 3866 quod
1185 3801 1212 3848 et
1227 3791 1322 3847 suadet
1336 3792 1416 3849 sttlus
1432 3793 1482 3865 ipsi

208 3882 354 3958 pmipritrs
371 3887 397 3934 et
412 3878 550 3953 archetypi
565 3879 725 3934 auctoritate
742 3875 876 3941 deauratum
900 3877 1002 3942 Felicis,
1025 3877 1102 3948 cujus
1114 3879 1223 3933 nourrine
1238 3879 1273 3932 sit
1288 3878 1398 3951 scriptu.

303 3965 333 4022 2.
364 3963 447 4019 Porro
470 3961 592 4024 l'lavitas.
614 3980 627 4017 a
643 3963 750 4019 Victore
766 3963 921 4019 Tuuoueusi
938 3962 1077 4018 Flavianus
1099 3961 1130 4017 ab
1144 3961 1257 4036 Evagrio
1273 3979 1303 4018 ac
1319 3962 1483 4036 'lbeoplrane

209 4052 336 4109 emtis
352 4048 511 4122 appellatus,
528 4047 579 4104 luit
595 4047 699 4122 Evagrii
715 4047 836 4118 eJusdem
852 4057 879 4104 et
895 4048 1066 4121 l'beopbunis
1084 4065 1113 4102 ae
1128 4047 1271 4121 Niceplrori
1282 4046 1385 4117 judicio
1402 4047 1482 4102 boum

208 4140 308 4214 piane,
320 4136 368 4209 qui
379 4151 411 4188 eo
422 4134 482 4207 ipsu
496 4140 626 4207 tempore,
642 4150 697 4207 quo
710 4132 790 4188 l'elici
802 4132 978 4207 signilleabat,
994 4150 1024 4188 se
1037 4133 1069 4187 ad
1081 4132 1139 4203 ejus
1152 4133 1367 4188 cotrauurniouem
1379 4131 1483 4202 rejecto

208 4224 300 4280 Ροιευ
316 4219 417 4292 lloogo
432 4217 575 4281 accedere,
597 4217 717 4289 ejusdem
734 4217 825 4292 Moargi
840 4220 997 4274 societatem
1016 4217 1113 4273 litteris
1129 4219 1186 4273 aliis
1203 4225 1357 4291 expeteret,
1379 4216 1483 4291 praedi·

208 4326 295 4369 aas,
318 4322 380 4360 sese
400 4320 514 4377 prorsus
536 4303 650 4359 alienum
672 4322 685 4358 a
706 4301 924 4377 pontibceesse.
962 4302 1059 4358 Verum
1081 4319 1162 4376 parvo
1184 4301 1326 4358 admodum
1342 4300 1484 4357 interuallo

208 4395 312 4467 regiae
327 4389 401 4446 urbis
416 4388 507 4444 sedem
523 4389 612 4444 tenuit
628 4390 772 4462 statimque
788 4397 875 4444 morte
891 4391 1067 4462 interceptus,
1084 4389 1119 4443 ait
1135 4386 1284 4451 Liberatus.
1308 4387 1374 4443 banc
1389 4385 1484 4441 Felicis

208 4475 365 4554 epistolam
380 4491 429 4530 uec
443 4475 564 4547 recipere
579 4476 670 4547 potuit
685 4491 734 4529 nee
741 4473 813 4529 Petri
824 4473 914 4548 blangi
931 4488 1091 4547 responsum
1103 4473 1171 4528 cirea
1184 4472 1254 4529 idern
1266 4480 1372 4545 tempus
1384 4471 1485 4530 ilatum.

208 4562 293 4640 quod
310 4562 462 4616 successori
478 4557 537 4629 ejus
553 4556 700 4633 Eupbemio
716 4557 849 4614 redditum
867 4559 949 4615 luisse
965 4557 1064 4614 (lucent
1075 4557 1253 4632 'l'lreopbancs
1268 4566 1295 4612 et
1307 4557 1483 4631 Nicephorum.

210 4650 285 4706 Em
306 4647 398 4702 lictor
412 4644 592 4708 'lucanensis
609 4646 652 4700 cui
668 4644 845 4718 'lbeopbanes
861 4645 987 4706 concinit,
1004 4647 1088 4700 tertio
1101 4646 1289 4716 promotionis
1303 4658 1375 4698 snae
1389 4656 1486 4698 mense

209 4742 379 4800 minuar,
401 4729 568 4803 Nicephorns
590 4746 653 4785 vero
676 4728 720 4785 lib.
732 4730 769 4788 16
786 4747 809 4785 c.
822 4730 859 4787 19
876 4738 903 4784 et
919 4727 1047 4804 Eragrlus
1063 4737 1190 4802 quantuor
1203 4744 1315 4786 menses
1330 4728 1485 4802 episcopatu

210 4823 340 4896 potitum
359 4816 440 4871 tuisse
461 4813 593 4871 scribunt.
620 4814 673 4871 Sed
688 4817 838 4871 accuratius
855 4815 929 4889 loqui
945 4814 1052 4871 videtur
1066 4814 1137 4870 idem
1152 4813 1318 4888 Nicepborus
1334 4812 1385 4869 l.c.
1402 4830 1425 4868 c.
1437 4811 1485 4874 18,

211 4907 260 4964 atat
278 4921 347 4961 eun
363 4903 389 4959 la
405 4902 561 4975 episcopatu
576 4918 633 4958 non
650 4908 723 4957 tator
737 4909 865 4973 quattuor
878 4915 990 4958 menses
1005 4901 1170 4974 transegisse
1186 4899 1291 4955 asserit.

247 5016 412 5056 :ransom
426 5014 530 5053 ronan.
544 5013 656 5050 nouare.
674 4999 696 5053 l.
1264 5001 1283 5056 2
