3412 5664
564 871 608 972 a.
636 811 904 971 uuonan
931 872 1158 971 Paean

378 1078 798 1191 uptsuonnu
838 1081 933 1190 ΕΤ
969 1080 1342 1191 Danuuio.

759 1319 957 1327 ———-

790 1451 934 1536 Vita.

323 1630 347 1686 1.
364 1629 480 1689 Gelasius
492 1632 590 1706 seipse
602 1632 761 1689 Romanum
777 1640 822 1688 aut
835 1633 944 1689 Benace
959 1639 1067 1701 uotum,
1085 1639 1114 1687 ιιι
1131 1631 1182 1688 lert
1197 1634 1324 1706 antiquus
1340 1631 1433 1696 codex.
1450 1632 1496 1687 de·

244 1708 433 1791 dmouuta
450 1717 531 1774 1211.
551 1718 579 1773 1.
609 1717 708 1773 Contra
723 1717 799 1790 Afer
819 1719 845 1774 in
862 1717 930 1773 libro
946 1716 1093 1791 pontificali
1109 1717 1215 1782 dicitur,
1233 1735 1318 1792 eaque
1334 1719 1425 1792 opinio
1443 1726 1496 1773 tam

250 1794 519 1860 amunamteutate
543 1803 609 1858 iulia
632 1802 749 1859 obtinuit
765 1804 894 1859 hactenus
915 1805 1021 1860 nemine
1042 1803 1209 1877 refragante
1231 1821 1286 1877 qrto
1308 1812 1395 1859 tannen
1416 1811 1495 1878 pacto

255 1887 435 1961 mundicia
449 1889 565 1965 epistola
580 1888 715 1946 conciliari
733 1896 822 1963 queat,
838 1905 889 1944 suo
905 1888 966 1945 loeo
982 1888 1144 1945 discutietur
1160 1887 1250 1962 (epist.
1271 1890 1307 1944 12
1324 1895 1383 1945 not.
1400 1887 1439 1960 5).
1471 1888 1495 1944 ls

262 1968 463 2037 ithunroeatus
484 1976 512 2031 in
526 1974 669 2049 pastoralis
691 1973 880 2030 sollicitudinis
899 1983 1002 2049 partem
1017 1993 1031 2030 a
1047 1972 1135 2030 Felice
1150 1974 1303 2038 decessore,
1325 1976 1496 2049 potissimum

265 2048 400 2131 imitatum
414 2061 441 2115 in
455 2059 604 2116 scribendis
625 2059 747 2134 epistolis
767 2050 904 2134 impendit.
926 2077 958 2116 ex
974 2077 1029 2134 quo
1046 2068 1073 2115 et
1088 2059 1188 2116 iactum
1204 2059 1332 2123 ridemus,
1354 2069 1383 2114 ut
1405 2077 1437 2115 er
1453 2060 1495 2115 iris

268 2141 373 2200 lunulae
386 2144 479 2202 Gelasii
495 2161 594 2202 nomen
610 2162 673 2219 prae
687 2161 717 2201 se
733 2145 820 2201 lerant
835 2144 940 2217 (Felicis
953 2147 1031 2220 epist.
1051 2145 1099 2207 14.
1113 2145 1209 2201 Gelasii
1225 2147 1304 2221 epist.
1323 2146 1350 2209 1,
1367 2154 1446 2200 tract.
1463 2142 1494 2217 l).

329 2226 349 2283 i.
363 2229 475 2287 'laudem
490 2231 542 2306 ipsi
556 2230 720 2305 subrogatus
737 2231 787 2287 luit
803 2248 872 2287 anno
888 2229 949 2288 492
970 2233 1055 2304 prima
1064 2227 1084 2303 ¹)
1100 2231 1186 2287 llartii
1201 2233 1300 2288 mensis
1316 2230 1368 2294 die,
1385 2231 1495 2305 quaein

270 2300 384 2370 Μαίη
397 2315 539 2379 incidebat,
555 2317 686 2387 utstatim
703 2333 717 2372 a
732 2334 781 2371 sua
796 2318 1002 2390 inauguratione
1018 2318 1186 2372 Anastasium
1203 2318 1392 2391 imperatorem
1407 2318 1495 2373 dono·

270 2394 333 2463 dicit
346 2402 437 2459 litteris
457 2404 591 2459 salutare
610 2403 712 2458 curavit
732 2402 823 2475 (epist.
849 2403 935 2459 ltin.
958 2401 997 2475 2).
1043 2402 1110 2458 lline
1135 2420 1230 2458 rursus
1251 2400 1431 2476 corrigendus
1453 2409 1496 2457 cst

268 2470 316 2534 ster
328 2485 479 2557 medicalia,
501 2486 546 2543 uhi
561 2487 682 2544 Gelasius
704 2488 826 2544 Zenonis
840 2489 963 2562 Augusti
981 2490 1157 2561 temporibus
1176 2486 1362 2563 pontificatum
1377 2489 1496 2562 gessisse

267 2573 363 2635 mutu,
381 2589 460 2647 quum
482 2571 590 2630 aliunde
611 2572 779 2648 exploratum
800 2575 849 2637 sit,
875 2573 974 2630 Zenoni
997 2576 1170 2649 superstitem
1193 2575 1277 2630 luisse
1299 2572 1423 2630 l'elicem.
1455 2571 1495 2628 dd

266 2657 503 2717 mamercum
523 2666 565 2715 est
584 2658 630 2716 illa
649 2659 754 2724 relatio,
777 2677 845 2734 quac
862 2660 956 2716 eodem
972 2659 1041 2716 libro
1055 2660 1180 2735 proditur
1206 2659 1239 2716 de
1261 2659 1368 2716 Graecia
1390 2660 1496 2715 venisse

265 2724 511 2819 idtitmporibus,
531 2761 565 2802 eo
580 2747 657 2820 quod
669 2749 759 2801 multe
779 2747 857 2802 malo
873 2754 900 2802 ct
915 2747 1064 2803 homicidia
1079 2749 1184 2819 fierent
1200 2765 1217 2802 a
1233 2747 1321 2802 Petro
1332 2751 1360 2801 et
1372 2745 1497 2806 Acacior

265 2812 314 2877 Μ
323 2832 343 2881 u
353 2830 419 2905 qued
433 2829 533 2888 ibidem
547 2829 689 2902 subjicitur
700 2830 734 2886 de
750 2832 844 2887 iterata
862 2833 1003 2905 utriusque
1019 2831 1198 2894 tlarrrnatione.
1215 2835 1307 2888 sinon
1315 2834 1497 2902 poenitentes

266 2901 305 2959 ὓ
315 2914 494 2988 uusacuone
507 2918 599 2975 libelii
610 2921 794 2991 postularent
805 2921 1021 2989 poenitentium,
1040 2919 1139 2992 quippe
1156 2934 1272 2991 quorum
1288 2923 1385 2972 trotrter
1401 2915 1432 2971 ad
1445 2914 1496 2970 Ge·

267 2981 482 3069 inimolatum
496 3003 629 3076 pervenit.
651 3001 705 3059 Sed
720 3020 808 3077 neque
818 3004 980 3060 Joltonucm
997 3002 1111 3073 Talajam
1126 3002 1334 3059 Alexandrinum
1346 3002 1495 3058 antistitem

270 3068 363 3142 Μῦν
374 3084 481 3145 lionam
496 3087 646 3164 lugientem
661 3092 790 3161 suscepit
805 3107 870 3145 com
884 3089 1002 3150 leonore,
1024 3090 1063 3144 uti
1079 3089 1105 3144 in
1127 3087 1222 3146 eodem
1240 3086 1307 3144 lilrro
1324 3095 1432 3161 praeter
1455 3086 1493 3142 lai·

269 3162 358 3227 “vern
369 3170 445 3231 idem
460 3182 489 3230 et
503 3190 534 3230 ea
548 3191 618 3248 quae
633 3174 757 3249 superius
773 3174 886 3230 vidimus
902 3173 1080 3249 praedicatur.

326 3250 348 3311 3.
363 3256 479 3323 udaius
494 3258 654 3335 pontificatu
669 3259 766 3335 adepto
782 3260 847 3317 nilril
863 3262 938 3335 prius
954 3259 1054 3324 habuit,
1071 3277 1151 3335 quam
1164 3270 1193 3316 ut
1205 3261 1365 3317 sententiam
1381 3276 1394 3314 a
1408 3256 1520 3314 Felice·

268 3326 486 3403 iterantem
501 3344 667 3409 detenderet,
683 3353 710 3402 et
727 3363 779 3419 qua
794 3347 873 3401 animi
888 3347 1038 3403 constantia
1053 3363 1142 3422 quove
1152 3348 1262 3421 ingenio
1273 3347 1423 3402 instructus
1435 3343 1495 3406 suit,

268 3416 375 3486 '¹¹¹1oe
387 3432 519 3489 anastasii
533 3431 703 3506 imperatoris
726 3433 803 3489 minis
819 3430 869 3488 sibi
885 3449 964 3507 saepe
979 3433 1117 3489 intentatis
1134 3450 1184 3490 nec
1199 3431 1375 3488 Orientalium
1391 3428 1494 3487 insidiis

264 3508 460 3593 inludugtts
473 3533 489 3574 a
503 3518 647 3594 proposito
666 3535 717 3574 suo
733 3517 862 3574 dimoveri
878 3511 1007 3593 potuit2).
1038 3517 1098 3575 Pari
1113 3519 1249 3593 vigilantia
1265 3527 1292 3574 et
1308 3519 1401 3593 vigore
1415 3516 1495 3572 animi

259 3586 372 3675 Qua
384 3601 522 3660 indefesso
536 3602 663 3678 providit,
685 3612 715 3659 ut
736 3605 815 3660 sartis
839 3606 917 3661 tectis
932 3603 1005 3660 sedis
1020 3621 1085 3660 suae
1096 3603 1204 3676 juribus
1225 3613 1253 3661 et
1273 3603 1406 3678 dignitate
1426 3602 1495 3657 Gort-

191 3750 197 3779 r
253 3680 479 3763 campilunce
495 3687 568 3746 urbis
583 3689 718 3745 antistites
730 3688 813 3760 justis
834 3689 962 3747 limitibus
978 3690 1151 3747 contraheret
1159 3683 1191 3764 ³).
1218 3689 1273 3746 Nec
1286 3690 1346 3764 quis
1362 3687 1424 3744 inde
1439 3688 1494 3744 eri·

246 3768 332 3837 ulma,
345 3788 401 3831 turn
413 3774 446 3831 ad
461 3783 551 3831 cetera
566 3773 699 3832 Ecclesiae
714 3777 824 3850 negotia
839 3793 957 3851 unquam
973 3777 1061 3833 miuus
1076 3777 1210 3834 intentum
1226 3778 1369 3850 minusque
1381 3773 1494 3830 liberum

242 3862 285 3913 aut
298 3857 439 3933 expeditum
453 3862 540 3917 risum
556 3860 649 3917 loism.
680 3858 745 3933 Ejus
761 3862 868 3919 litterae
889 3871 916 3919 et
938 3870 979 3917 tot
1000 3864 1146 3936 rescriptae
1168 3862 1337 3919 diversorum
1358 3859 1494 3917 consulta·

235 3945 325 4005 tium
340 3961 450 4019 quarum
465 3945 592 4022 reliquias
608 3955 635 4003 et
651 3946 800 4022 fragmenta
816 3946 954 4005 hincinde
970 3964 1077 4022 sparsas
1092 3948 1222 4023 colligere
1238 3965 1293 4004 non
1309 3947 1405 4021 piguit,
1429 3947 1494 4001 satis

229 4038 396 4096 munem,
418 4048 498 4107 quarn
512 4032 592 4089 ‘laute
607 4041 634 4088 et
649 4033 769 4106 perfecte
791 4035 879 4090 omnia
896 4033 995 4108 tibique
1011 4035 1100 4089 munia
1122 4033 1220 4090 obierit
1241 4035 1359 4108 pastoris
1382 4031 1495 4106 vigilan·

224 4116 330 4176 desint.
359 4115 501 4192 inquibus
518 4135 599 4175 unum
620 4135 685 4193 prae
701 4119 824 4175 omnibus
840 4119 947 4176 laudare
969 4119 1056 4183 liceat,
1072 4119 1276 4176 celeberrimum
1297 4117 1363 4175 illud
1379 4117 1413 4173 de
1428 4117 1495 4173 rcci-

216 4202 327 4283 piendis
342 4211 370 4259 ct
384 4220 439 4261 non
453 4204 614 4279 recipiendis
636 4203 710 4260 libris
726 4204 863 4262 decretum
881 4205 972 4280 (epist.
989 4203 1051 4278 42).
1095 4205 1255 4262 Sanctorum
1276 4221 1409 4261 canonum
1431 4220 1494 4258 ron·

285 4425 307 4487 ¹)
328 4416 421 4484 Quum
442 4418 594 4473 seeundum
616 4419 719 4474 librum
740 4420 928 4490 pontificrdem
947 4421 977 4473 et
993 4421 1102 4473 veteres
1120 4419 1264 4489 catalogos
1282 4419 1359 4472 Felix
1377 4418 1402 4471 ll
1421 4434 1445 4470 u.
1466 4414 1491 4469 d.

205 4492 247 4548 Vl
267 4487 336 4545 liat
356 4486 475 4542 Martias
493 4488 558 4542 amri
576 4495 626 4542 492
645 4487 767 4554 obiisset,
790 4493 819 4542 ct
837 4501 963 4543 cessurae!
980 4494 1144 4557 episcopatus
1162 4494 1218 4542 dies
1236 4486 1416 4566 quiaque-ille
1435 4484 1493 4552 qui-

201 4564 275 4619 dem
296 4574 393 4611 annua
411 4560 441 4611 ct
458 4555 518 4610 dies
535 4555 660 4611 efficitur.
698 4557 748 4610 Cui
766 4556 887 4611 concinit
899 4557 995 4611 Victor
1013 4556 1187 4611 Tununensis
1206 4556 1310 4610 (ieiumi
1328 4555 1408 4609 imtm
1421 4560 1493 4608 Ana-

198 4638 294 4689 ,mto
314 4636 344 4680 et
362 4628 431 4691 Ruso
449 4629 592 4680 musulibru
608 4640 722 4695 ponens.
767 4625 943 4680 Marcellinus
962 4643 1054 4680 comes
1073 4625 1171 4680 eadem
1190 4631 1296 4679 Arteria
1314 4635 1340 4679 et
1356 4628 1494 4677 Praesidio

197 4693 619 4762 mammaemammal
642 4694 800 4763 assignans,
822 4695 884 4763 jum
907 4694 1042 4748 refellitur
1064 4694 1150 4764 ipsius
1171 4693 1310 4763 pontificis
1333 4690 1492 4763 epistolici

255 4775 292 4821 12
315 4781 343 4816 n.
361 4770 385 4815 l.

197 4774 232 4827 d
276 4839 302 4897 ‘p
326 4831 390 4885 Huc
407 4831 550 4900 pertinent
566 4830 701 4910 epistolae
719 4838 743 4897 3,
762 4838 853 4897 7-12,
874 4839 912 4891 18,
932 4837 973 4899 26,
992 4837 1033 4897 27,
1050 4838 1092 4898 43,
1109 4833 1247 4886 tractatus
1265 4830 1299 4896 ll,
1318 4830 1364 4896 lll,
1383 4828 1428 4885 tv.

276 4906 303 4973 ’p
325 4900 407 4955 Cerri.
426 4899 532 4970 passim
551 4902 630 4970 epist.
651 4899 753 4954 citattue
772 4902 801 4954 ct
819 4900 898 4970 epist.
913 4907 953 4967 ⁸28,
973 4907 1014 4969 29,
1033 4906 1074 4956 tn.
