3450 5678
614 333 786 381 crisconi
811 323 860 379 10.
1300 310 1363 378 705

90 490 180 555 ribus
206 491 286 554 meis
314 490 384 554 sine
412 489 507 553 dubio
535 488 718 572 subsequor.
772 485 877 567 Dicis,
913 487 996 570 quod
1023 484 1107 548 male
1135 487 1168 548 te
1197 484 1458 601 Romanus,(poat

90 595 211 657 tractet
233 595 374 656 senatus.
413 590 446 656 si
467 612 526 655 nos
547 594 579 654 te
594 590 678 653 male
692 592 878 670 tractamus,
903 587 1073 651 suadentes
1095 590 1133 650 ut
1154 586 1299 651 discedas
1322 562 1478 665 abacia.)

91 694 272 776 haereticis,
295 696 331 757 tu
353 714 411 757 nos
433 694 515 757 bene
538 696 669 774 tractae,
699 690 848 776 quosvis
870 691 992 753 sociare
1013 688 1266 773 praecipitanter
1288 681 1376 751 hae-⁵

91 796 225 860 reticis?
261 794 342 871 Quid
366 796 490 877 adme,
514 795 650 880 inquies,
674 793 757 878 quod
780 793 849 877 egit
870 790 1033 856 Aeacius?
1070 790 1195 855 Recede
1219 813 1306 876 ergo,
1332 742 1373 887 eti

92 897 174 961 nihil
197 897 237 961 ad
258 899 307 962 te!
351 896 436 962 Nam
458 899 486 961 si
508 920 574 962 non
597 896 719 960 recedis
742 895 782 959 ab
805 916 852 977 ec,
876 895 1019 978 pertinet
1040 893 1080 957 ad
1101 896 1144 957 te.
1190 890 1372 1015 Relinque-l

92 1022 163 1063 mus
184 1000 311 1084 utrique
332 1001 507 1063 mortuum!
544 999 588 1063 Et
602 1020 661 1062 nos
675 998 737 1062 hoe
751 998 901 1082 petimus,
925 1000 961 1061 ut
981 995 1063 1059 nihil
1086 995 1126 1058 ad
1148 999 1181 1059 te
1203 995 1350 1079 pertinen

92 1101 176 1186 qnod
198 1102 267 1186 egit
287 1102 435 1166 Aeacius.
480 1101 529 1165 Tu
552 1122 611 1166 nos
632 1100 714 1166 facis
736 1100 875 1183 objicere
902 1099 962 1163 tibi
986 1098 1140 1162 Acacium
1148 1098 1207 1183 ²⁰),
1240 1099 1295 1183 qui
1317 999 1377 1209 viii

94 1202 134 1266 ad
157 1207 189 1267 te
211 1203 373 1288 pertinere
395 1203 486 1288 quod
501 1204 569 1289 egit
584 1204 734 1267 Aeacius.
770 1202 838 1266 Nos
860 1203 998 1266 vitamus
1021 1201 1103 1284 quod
1127 1201 1194 1285 egit
1210 1200 1365 1279 Aeacius,

93 1305 161 1370 vita
184 1308 217 1369 et
237 1308 289 1369 tu:
312 1309 345 1369 et
367 1307 407 1370 ad
429 1308 580 1391 utrosque
601 1328 668 1370 non
691 1305 833 1389 pertinet
854 1304 937 1389 quod
956 1303 1023 1388 egit
1039 1303 1188 1386 Aeacius,
1212 1304 1249 1365 ut
1262 1301 1366 1386 possis

95 1407 164 1471 sine
186 1408 226 1471 iis
248 1430 330 1492 quae
353 1408 421 1493 egit
436 1409 575 1472 Aeacius
591 1431 638 1491 ea,
663 1430 744 1492 quae
760 1407 800 1470 ad
822 1428 880 1470 nos
903 1407 1055 1490 pertinet,
1080 1427 1176 1469 causa
1198 1405 1364 1489 conjungi,

95 1513 132 1573 ut
159 1510 261 1593 possis
289 1511 358 1574 sine
382 1510 501 1575 Acacio
533 1501 661 1574 nostrae
692 1509 907 1575 communioni
930 1508 1054 1572 sociari.
1106 1506 1221 1592 Nos²¹)
1243 1529 1310 1570 non
1333 1510 1366 1570 te

96 1612 450 1696 excommunicavimus,
473 1613 658 1697 imperator,
687 1612 743 1676 scd
764 1611 936 1675 Acacium:
965 1614 999 1674 tu
1022 1609 1148 1673 discede
1171 1610 1212 1673 ab
1235 1609 1366 1691 Acacio,

96 1716 129 1778 et
152 1713 192 1777 ab
214 1713 300 1777 illius
323 1715 654 1779 excommunicatione
676 1714 822 1778 discedis.
873 1713 977 1776 Tute
1000 1711 1064 1775 noli
1088 1711 1222 1775 miscere
1244 1733 1368 1775 excom·

96 1815 309 1880 municationi
332 1817 411 1901 ejus,
435 1820 469 1880 et
489 1840 555 1882 non
578 1839 611 1881 es
634 1815 927 1881 excommunicatus
950 1837 969 1877 a
990 1814 1092 1879 uobis
1131 1812 1165 1878 Si
1187 1817 1219 1876 te
1241 1814 1366 1895 misces,

96 1939 163 1982 non
185 1941 205 1980 a
226 1918 319 1982 nohis
342 1918 397 1982 sed
420 1942 439 1982 a
461 1919 564 2004 teipso
581 1919 875 1983 excommunicatus
892 1940 935 1981 es.
972 1915 1024 1979 Ita
1039 1916 1086 1999 fit,
1111 1918 1148 1979 nt
1166 1917 1199 1979 in
1222 1919 1367 2001 utroque,

97 2019 164 2084 sive
186 2018 348 2104 discedas,
378 2021 511 2084 nensis
534 2021 827 2084 excommunicatus
851 2044 870 2083 a
891 2019 1000 2102 nobis,
1036 2018 1102 2082 sive
1125 2039 1190 2082 non
1214 2018 1369 2099 discedas,

98 2142 164 2185 non
186 2122 230 2186 sis
254 2122 548 2186 excommunicatus
571 2147 590 2185 a
611 2122 714 2187 nobis.
1404 2173 1429 2229 τ

185 2225 233 2289 11.
269 2223 427 2289 Catholici
448 2225 611 2308 principes
635 2224 760 2308 quidem
784 2246 909 2308 semper
923 2223 1115 2307 apostolicos
1137 2223 1300 2307 praesules
1324 2223 1370 2287 in·

98 2325 230 2389 stitutos
252 2325 318 2389 suis
332 2325 450 2389 litteris
465 2330 711 2409 praevenerunt,
736 2330 769 2390 et
791 2327 880 2390 illam
902 2326 1135 2390 confessionem
1155 2325 1370 2411 sedemque²²)

99 2427 306 2511 praecipuam
328 2431 492 2511 tamquam
520 2428 596 2492 boni
624 2429 682 2492 filii
704 2429 911 2514 quaesierunt
938 2428 1065 2491 debitae
1088 2428 1218 2510 pietatis
1242 2427 1368 2510 affectu,
1415 2487 1461 2541 ,oh

100 2529 150 2593 cui
172 2529 279 2594 noscis
300 2530 401 2613 ipsius
424 2529 554 2603 Domini
577 2529 752 2595 Salvatoris
775 2553 828 2595 ore
852 2553 960 2594 curam
981 2530 1080 2594 totius
1102 2529 1265 2594 Ecclesiae
1288 2524 1495 2621 dele-2›1'‚1,-,'ss

100 2634 221 2716 getam.
257 2630 346 2706 Quod
368 2633 442 2716 quia
465 2631 569 2716 per²³)
592 2633 819 2716 occupationes
841 2633 978 2696 fortasse
1000 2632 1144 2716 publicas
1160 2635 1217 2696 tua
1233 2631 1371 2696 creditur

100 2733 303 2816 praeteriisse
325 2733 560 2818 tranquillitas,
591 2757 633 2798 ne
660 2737 765 2820 magis
793 2735 946 2799 honorem
968 2757 1074 2798 meum
1101 2757 1198 2819 quam
1219 2735 1371 2798 sollicitu-

101 2835 209 2899 dinem
231 2835 382 2899 dominici
405 2837 513 2921 gregis
537 2842 688 2923 appetere
706 2837 879 2919 judicarer,
904 2836 1066 2921 appellare
1081 2859 1147 2899 non
1168 2836 1276 2900 destiti
1292 2837 1372 2900 meis

101 2959 156 3001 vos
178 2940 294 3022 sponte
317 2936 497 3021 colloquiis,
528 2938 741 3024 vulgatum²⁴)
763 2939 862 3002 fuisse
885 2939 1076 3023 designans,
1107 2937 1190 3022 quod
1211 2944 1267 3001 tua
1289 2960 1372 3002 sere·

101 3039 187 3103 nitas
211 3039 332 3103 directa
354 3040 488 3103 militari
510 3039 884 3125 manu-compellente)
908 3063 975 3122 eoa,
1004 3040 1059 3125 qui
1081 3061 1115 3103 se
1138 3062 1157 3102 a
1180 3042 1373 3124 contagione

99 3140 296 3224 perfidorum
323 3141 432 3205 multis
459 3143 657 3226 temporibus
685 3142 847 3207 abstinere
876 3141 1070 3227 delegerint,
1103 3142 1136 3206 vi
1164 3146 1197 3205 et
1220 3143 1316 3205 armis
1338 3141 1372 3205 in

98 3241 343 3327 praevaricatae
366 3244 598 3315 communionis
622 3241 782 3308 consoitia
805 3245 1004 3309 detestanda.

190 3343 240 3408 12.
274 3342 338 3409 Ubi
366 3349 415 3428 te,
451 3367 556 3410 rerum
588 3346 800 3410 humanarum
832 3347 999 3431 princeps,
1033 3346 1262 3431 qualiscunque
1291 3347 1374 3411 sedis

95 3447 298 3532 apostolicae
321 3448 458 3511 vicarius
481 3449 654 3512 contestari
676 3471 748 3512 mea
769 3471 846 3513 voce
866 3471 933 3513 non
948 3449 1069 3531 desine,
1094 3454 1129 3512 ut
1144 3451 1176 3511 te
1192 3448 1374 3512 memineris

93 3549 282 3631 homiuem,
312 3550 514 3633 quantalibet
537 3551 580 3613 sis
603 3551 713 3615 mundi
735 3554 898 3635 potestate
920 3551 1075 3615 subnixus
1082 3602 1091 3632 ,
1123 3551 1374 3635 circumspicias-

93 3674 163 3737 que
198 3655 347 3734 cunctos,
385 3654 438 3736 qui
469 3653 510 3715 ab
542 3653 637 3716 initio
670 3652 829 3738 dogmatis
858 3652 1033 3717 Christiani
1063 3652 1253 3717 catholicam
1280 3652 1376 3717 fidem

92 3755 230 3818 diverso
251 3753 414 3838 proposito
436 3756 583 3839 persequi
612 3755 661 3819 vel
690 3755 834 3840 affligere
857 3759 933 3820 sunt
956 3756 1080 3820 eonati:
1109 3755 1377 3839 quemadmodum

93 3895 296 3909 s———·-——·—
308 3896 321 3901 .-
336 3895 354 3901 -
370 3895 410 3900 ---

171 3959 206 4026 ¹⁰)
223 3955 274 4011 Ed.
294 3956 382 4010 omitt.
404 3962 529 4014 Acacium.

172 4044 207 4110 ²¹)
224 4040 296 4095 Illud
313 4062 360 4095 mm
377 4058 432 4095 non
450 4042 513 4096 ideo
532 4042 602 4096 dixit
614 4043 805 4112 Synunachus.
825 4044 891 4112 quia
908 4062 1009 4099 novam
1021 4045 1188 4100 sententiam
1206 4045 1309 4110 tulerit,
1328 4042 1377 4097 sed

96 4126 172 4199 quia
188 4127 330 4197 prolatam
347 4127 467 4182 aFelicc
485 4128 661 4204 decessormu
679 4147 792 4183 suorum
803 4129 893 4183 instar
905 4132 1065 4184 constanter
1082 4131 1282 4199 propugnabat
1300 4132 1329 4183 et
1341 4128 1377 4182 ab

100 4230 137 4269 eo
157 4212 253 4267 divelli
271 4229 300 4266 ce
317 4228 373 4266 non
391 4212 560 4281 patiebatur.

173 4299 207 4367 ²²)
225 4298 257 4351 ln
274 4299 395 4368 vulgatis
410 4305 549 4368 fidemque.-
573 4299 661 4367 magis
684 4300 777 4368 placet
800 4317 861 4353 curn
880 4318 928 4353 ms.
952 4307 1093 4370 sedemque.
1129 4303 1220 4354 Antea
1238 4304 1376 4366 ronfeeuo-

106 4406 161 4440 aem
178 4382 361 4453 intelligimus
379 4400 443 4438 eum
460 4383 564 4450 locum,
582 4383 611 4436 in
630 4402 684 4453 quo
702 4384 802 4439 Petrus
815 4384 953 4438 Christum
972 4386 1111 4439 confessus
1129 4389 1248 4440 mortem
1267 4402 1300 4438 ea
1317 4400 1378 4436 con·

106 4468 227 4525 sessione
244 4468 355 4523 meruit.

175 4557 208 4623 ²³)
226 4552 302 4607 Editi
319 4575 369 4623 per
386 4561 533 4609 occasiones
545 4561 681 4622 judicaret
751 4562 811 4609 meir
829 4568 853 4609 te
870 4568 974 4625 sponte,
994 4557 1170 4625 corriguntur
1188 4573 1221 4610 ex
1240 4574 1289 4609 ms.

175 4641 209 4707 ²⁴)
227 4639 259 4692 ln
277 4640 398 4708 vulgatis
415 4643 519 4709 puncto
537 4640 582 4694 hio
600 4640 753 4710 praemisso
771 4641 896 4709 sequitur
912 4648 1044 4711 Vulpatam
1060 4646 1141 4709 firiaco
1153 4648 1285 4709 deniquae:
1305 4639 1380 4709 quod

111 4723 314 4779 incommodam
332 4727 362 4778 ct
378 4724 504 4795 ineptam
522 4726 608 4780 officit
624 4725 799 4780 sententium.
837 4724 1003 4782 Concinnior
1021 4730 1064 4781 est
1082 4728 1164 4781 lectio
1182 4745 1231 4779 ms.

178 4813 210 4876 ²⁵)
228 4809 328 4879 Aptius
345 4811 486 4879 legeretur
504 4819 677 4866 ‹reclaudet-ct.
710 4812 739 4864 ln
756 4828 820 4864 mox
840 4812 1019 4880 sequentibus
1038 4811 1157 4878 vestigia
1169 4812 1271 4866 (lelasii
1290 4830 1333 4880 ep.
1349 4818 1380 4864 12

112 4910 137 4948 n.
158 4901 170 4947 1
190 4899 343 4949 recurrunt.

146 4997 301 5035 srrsrocnn
315 5002 416 5041 nonas.
432 5004 544 5037 courir.
564 4990 584 5041 l.
1137 4990 1177 5047 45
