3412 5664
677 118 812 169 noma
835 115 987 165 Pnssvln
1010 115 1047 163 ln
1068 110 1276 163 noeumane

656 406 677 443 ν
809 381 961 455 Manita
986 379 1148 475 praevia

592 557 637 627 in
663 551 931 626 Hormisdae
955 573 1102 647 papae
1127 549 1368 647 epistolas.

566 759 605 820 In
625 757 811 820 Hormisdac
832 774 934 835 papae
957 755 1152 834 epistolant
1174 750 1391 838 („0mnibus“).

207 911 247 981 [p
270 908 335 977 pp]
434 889 461 943 l.
492 885 654 940 liitissimum
670 880 845 956 epistolarum
861 879 1020 935 llormisdae
1036 879 1193 936 thesaurum
1209 895 1225 935 e
1239 878 1365 935 Vaticana
1380 876 1545 937 bibliotheca
1558 894 1622 935 eru·

220 943 227 962 ί
250 953 256 963 ’
285 943 292 961 ¹
316 951 320 962 ⁸
348 982 404 1030 turn
421 970 553 1026 Romanae
569 965 768 1042 pontificiarum
784 965 960 1039 epistolarum
976 965 1087 1021 editioni
1104 963 1241 1020 debemus.
1278 962 1343 1021 lade
1368 981 1452 1039 quum
1473 964 1543 1021 haec
1563 972 1622 1021 tum

346 1051 465 1119 ceterae]
482 1072 547 1129 qum
563 1070 619 1109 non
635 1050 787 1108 notabimus
803 1050 911 1107 aliunde
926 1059 1064 1124 acceptas,
1080 1051 1195 1125 primam
1212 1048 1381 1124 prodierunt.
1406 1048 1522 1106 Mdem
1536 1066 1623 1125 quum

346 1142 519 1199 Constantius
534 1140 567 1195 ad
583 1139 737 1193 Vaticanum
753 1136 835 1194 4961
852 1136 1013 1211 recognosci
1023 1128 1043 1208 ¹)
1059 1136 1176 1197 curavit,
1196 1152 1247 1192 nos
1270 1144 1359 1191 umen
1374 1135 1407 1191 ad
1422 1134 1546 1193 eamdem
1563 1144 1623 1193 un·

348 1231 428 1285 tinam
445 1241 570 1282 reroune
586 1240 640 1279 non
657 1222 849 1284 dubitavimus,
866 1238 917 1277 uec
932 1221 1004 1278 lercs
1021 1220 1084 1277 inde
1099 1221 1203 1277 fructus
1219 1222 1350 1296 cepimus.
1428 1272 1431 1279 .

433 1312 461 1367 2.
495 1309 580 1381 liujus
600 1317 690 1363 autem
711 1306 866 1363 scribendae
882 1323 950 1380 qnae
965 1323 1044 1362 causa
1059 1304 1155 1369 luerit.
1178 1305 1347 1365 Marcellinus
1367 1322 1459 1363 eomes
1480 1322 1512 1363 ac
1533 1304 1626 1363 Theo·

348 1399 450 1473 planes
466 1395 574 1452 ulocent.
595 1393 705 1467 Nempe.
718 1393 806 1466 inquit
818 1391 986 1451 Marcellinus
1001 1391 1033 1447 ad
1049 1390 1312 1455 huncannnmbld,
1333 1392 1496 1449 Vitalianus
1511 1391 1638 1466 Scytha·

349 1483 423 1556 (seu,
441 1490 470 1537 nt
485 1480 517 1536 ab
533 1480 647 1554 Evagrio
663 1477 704 1539 lli.
721 1478 761 1534 43
778 1486 903 1542 vacatur,
929 1475 1042 1549 Thrax)
1064 1484 1211 1549 assumpto
1226 1478 1424 1535 Romanorum
1438 1481 1568 1552 equitnm
1595 1481 1627 1535 in

350 1571 444 1625 tridua
466 1573 706 1640 conpreputorurn
727 1565 852 1632 numito,
874 1581 930 1634 pro
952 1564 1177 1620 orthodoxorum
1196 1565 1254 1635 fide
1275 1578 1390 1637 proque
1406 1563 1582 1622 Macedonio
1597 1570 1628 1623 et

349 1654 407 1711 aliis
424 1653 557 1727 episeopis
572 1649 672 1721 injuste
688 1647 719 1704 ab
735 1649 875 1704 Anastasio
892 1648 1019 1723 relegatis
1035 1648 1068 1704 ad
1085 1647 1178 1704 urbem
1199 1649 1300 1723 regiam
1321 1658 1488 1714 accesserat,
1514 1650 1543 1707 et
1564 1650 1639 1725 uad·¹

350 1739 420 1799 darn
438 1746 466 1792 nt
482 1736 660 1809 Theophanes
677 1750 738 1808 pag.
755 1733 811 1791 137
834 1733 887 1805 (ed.
904 1731 1072 1804 bonn.24'l)
1093 1741 1196 1796 narrat,
1217 1735 1293 1808 prins
1313 1742 1458 1807 occupata
1483 1734 1626 1799 Thracia,

352 1824 471 1895 Scythia
488 1829 515 1877 et
531 1822 650 1877 Moesia.
681 1817 763 1889 Cujus
784 1818 874 1875 subito
895 1818 1012 1875 adventu
1034 1820 1145 1875 territus
1161 1821 1342 1890 Anastasius,
1366 1828 1397 1876 ut
1415 1818 1519 1877 ibidem
1534 1819 1628 1877 Theo·

351 1910 452 1984 ptrancs
467 1906 651 1980 prosequitur.
668 1906 755 1961 rebus
769 1908 798 1960 in
814 1906 978 1977 desperatis
990 1907 1130 1961 senatorii
1140 1907 1251 1962 ordinis
1261 1907 1423 1976 nonnullos,
1436 1907 1489 1979 qui
1500 1906 1628 1983 depace

352 1994 464 2067 riganda
481 2008 543 2047 eum
559 1997 705 2064 reparent,
722 1993 810 2053 misih
823 1993 996 2063 juravitque
1011 2008 1070 2046 rina
1092 2006 1157 2047 eum
1176 1994 1310 2048 uniuerso
1331 1995 1450 2054 senatu,
1470 1988 1628 2065 episcopor

353 2080 455 2135 exules
467 2078 644 2133 Heracleam
660 2076 805 2131 Thraciae
820 2078 911 2148 (quam
923 2073 1046 2149 Europae
1061 2075 1224 2149 provinciam
1237 2076 1394 2132 Anastasius
1410 2075 1479 2132 intra
1494 2070 1627 2151 appellat)

352 2180 383 2221 se
399 2170 611 2221 revocaturum.
646 2162 701 2218 His
712 2162 837 2218 additam
854 2163 940 2217 valiat
965 2161 1133 2231 Vitalianus,
1208 2168 1240 2217 ut
1255 2161 1445 2219 Macedoniae
1459 2167 1488 2218 et
1503 2161 1626 2219 Flauia·

354 2267 410 2306 nats
423 2252 532 2321 injuste
547 2250 665 2320 expulsi
678 2251 752 2303 sieut
768 2254 795 2303 et
811 2249 902 2303 ceteri
915 2249 1046 2318 episcopi
1056 2249 1138 2303 sedes
1148 2262 1220 2303 suas
1231 2249 1406 2320 reciperent,
1422 2252 1451 2303 et
1461 2250 1503 2304 itu
1513 2246 1627 2304 muer

356 2342 568 2392 aarroocaretur
589 2334 730 2405 synodus,
755 2334 794 2388 ad
815 2350 901 2405 quam
911 2331 1051 2404 pontifex
1066 2333 1215 2389 Romanus
1230 2341 1258 2389 et
1273 2336 1373 2389 cuncti
1386 2334 1520 2405 episcopi
1539 2346 1628 2389 ucce-

354 2423 465 2476 derrnt.
510 2418 595 2489 liujus
616 2419 700 2492 igitar
720 2419 758 2473 rei
780 2418 867 2491 gratia
888 2433 961 2473 nunc
981 2418 1139 2473 Anastasius
1159 2416 1192 2473 ad
1214 2416 1383 2474 llormisdam
1403 2414 1509 2474 scribit.
1551 2414 1628 2475 llllus

355 2513 444 2562 antem
459 2505 600 2579 epistolam
622 2520 676 2560 non
693 2502 849 2559 llormisdae
865 2503 979 2577 primum
995 2502 1043 2558 sed
1058 2502 1198 2566 Vitaliauo,
1222 2512 1252 2559 ut
1267 2519 1350 2577 opera
1364 2501 1424 2574 ejus
1439 2501 1552 2560 Romam
1567 2502 1629 2559 mit·

356 2599 468 2653 teretur,
484 2590 572 2645 datam
585 2588 853 2663 inisse'lheoplranes
867 2587 957 2644 tradit.
984 2586 1059 2644 Unde
1070 2588 1184 2644 habetur
1196 2590 1274 2651 ratio.
1290 2604 1339 2644 cur
1349 2587 1413 2645 licet
1424 2590 1502 2663 prius
1516 2588 1628 2663 scripta,

355 2676 492 2751 posterius
508 2685 596 2731 tannen
612 2681 743 2748 sequente
759 2681 867 2747 accepta
881 2674 926 2729 sit.
949 2673 1001 2729 Per
1015 2672 1188 2730 Severianum
1203 2676 1310 2730 missam
1325 2672 1410 2730 luisse
1425 2690 1459 2730 es
1473 2672 1628 2749 epistolah.

355 2779 436 2835 «paam
451 2761 592 2817 llorrnisda
607 2761 670 2817 hnic
684 2761 832 2833 rescripsit,
848 2758 996 2832 colligitur.
1034 2757 1061 2814 Ei
1077 2767 1105 2815 et
1117 2758 1278 2823 Vitalianus,
1296 2768 1325 2816 ut
1337 2760 1365 2815 in
1380 2758 1450 2833 epi
1466 2758 1524 2817 u.3
1544 2758 1630 2817 visuri

355 2864 458 2911 sununs,
475 2848 611 2922 propriam
625 2845 795 2917 'adjunxerat
813 2861 892 2918 qnam
908 2860 957 2918 per
971 2844 1094 2900 homines
1109 2861 1175 2900 suos
1190 2844 1343 2901 destinarit.

616 2981 656 3042 In
674 2979 862 3041 llormisdae
883 2994 986 3056 papae
1009 2976 1172 3055 epistolam
1192 2978 1213 3039 3
1235 2974 1363 3062 („Ait“).

285 3109 343 3175 tart
444 3104 463 3156 h
480 3104 620 3176 superiore
637 3120 691 3157 nou
708 3102 758 3157 luit
774 3100 954 3163 distrahenda,
971 3117 1049 3175 qnam
1065 3100 1160 3157 collem
1176 3110 1298 3176 tempore
1313 3108 1342 3157 et
1353 3100 1535 3176 pereunrdem
1545 3100 1632 3158 Patri·

359 3191 428 3243 cium
451 3189 556 3241 missam
577 3186 660 3241 lusisse
682 3186 777 3259 liquet.
814 3186 881 3242 'lota
903 3186 1045 3245 abarnnin
1067 3186 1099 3242 ad
1121 3204 1221 3243 annum
1237 3185 1298 3244 515
1320 3185 1458 3244 nrt-11
1477 3184 1630 3261 descripta.

360 3272 476 3326 Graecus
492 3279 596 3334 tentus,
618 3288 673 3344 qrra
695 3272 816 3326 resarciri
839 3279 933 3344 posset
954 3271 1027 3345 qnod
1050 3273 1183 3345 interpres
1206 3290 1237 3329 ae
1251 3271 1352 3329 librarii
1368 3280 1531 3347 peccarunt.
1554 3270 1632 3329 valde

359 3355 551 3411 ‹lesidrrnnlns
579 3362 630 3411 est.
674 3355 755 3410 hlnlta
782 3358 893 3411 mutavit
913 3356 1056 3418 baronius,
1084 3374 1152 3431 qnae
1175 3359 1263 3414 orrrnia
1284 3358 1381 3415 deinde
1409 3356 1487 3413 nullo
1509 3358 1632 3415 examine

359 3442 467 3515 praevio
484 3442 654 3513 arripuerunt
671 3441 845 3497 conciliorum
862 3441 990 3498 editores.
1023 3443 1056 3498 dt
1071 3442 1113 3498 his
1128 3442 1161 3499 ad
1177 3445 1306 3500 trutinam
1326 3444 1475 3505 revocatis,
1499 3440 1633 3518 quaedam

360 3535 447 3589 reete,
469 3526 517 3581 alia
538 3542 616 3582 secus
638 3533 740 3581 rnntata
760 3526 996 3600 deprehendimus.
1032 3526 1161 3596 Quocirca
1182 3530 1355 3604 primigenius
1376 3529 1519 3591 lectiones.
1540 3526 1634 3603 quoad

362 3612 453 3675 licuit,
470 3612 593 3667 ‹lrruirnus
610 3611 774 3668 retinendas.

583 3747 620 3807 In
641 3746 827 3808 Hormisdac
847 3762 948 3824 papae
971 3744 1173 3825 epistolant
1195 3744 1301 3829 („Gum
1315 3742 1408 3831 Μ’).

223 3880 275 3949 [aa.
286 3878 351 3947 En]
446 3870 581 3943 Scriptum
597 3860 751 3939 lrnjnsmodi
768 3873 1009 3928 corninorn'tarinm
1025 3887 1120 3928 vocare
1141 3869 1184 3927 alii
1199 3869 1299 3926 solent.
1330 3868 1413 3940 Cujus
1428 3864 1561 3927 ecclesiae
1576 3872 1635 3947 epi·

362 3972 461 4029 scopus
477 3954 558 4011 inerit
573 3953 737 4011 Fortunatus
753 3973 815 4012 moa
830 3957 991 4020 noratinatus,
1008 3974 1140 4030 nusquam
1156 3956 1297 4013 memorari
1314 3956 1443 4011 baronius
1457 3964 1546 4013 notat.
1572 3953 1635 4033 lpse

363 4058 425 4095 rerum
441 4040 617 4097 Tudertinarn
633 4042 789 4115 episcopum
804 4042 941 4097 exstitisse
957 4043 1092 4116 opinatur.
1128 4042 1223 4098 blirum
1238 4057 1303 4098 sane
1323 4048 1379 4104 est,
1401 4058 1458 4115 quo
1472 4048 1556 4117 pacto
1571 4058 1638 4099 enm

364 4127 479 4200 ingerit.
502 4126 574 4199 qrrod
596 4127 621 4181 in
644 4125 712 4182 libro
732 4126 880 4201 pontificali
901 4144 949 4183 seu
964 4127 1034 4202 apud
1050 4128 1219 4184 Anastasinm
1236 4126 1375 4202 vrrlgatnm
1391 4126 1523 4201 legimus:
1553 4128 1638 4187 Hor·

363 4215 454 4269 misda
470 4229 534 4268 euni
549 4214 667 4269 consilio
685 4213 855 4270 theodorici
867 4217 944 4287 repis
964 4215 1072 4271 direxit
1095 4214 1256 4270 Ennodiurn
1270 4217 1436 4286 episcopum
1454 4212 1641 4271 lirinensem

364 4306 392 4356 et
407 4300 599 4356 Fortunatam
614 4302 779 4369 episcopum
795 4300 984 4356 Catanensem
1000 4306 1054 4355 etc.
1090 4298 1176 4355 Porro
1196 4299 1303 4372 legatos
1323 4297 1384 4355 illos
1406 4313 1461 4355 nen
1475 4298 1640 4357 inconsulto

435 4498 453 4563 ¹)
473 4494 525 4560 Qui
542 4496 583 4549 ita
600 4494 680 4549 elicit:
702 4493 822 4549 Easdem
843 4496 1021 4565 postmodnm
1043 4497 1081 4552 ad
1098 4498 1219 4551 alierum
1236 4496 1380 4566 exenrplar
1395 4494 1576 4567 Vaticanum,
1599 4498 1643 4555 ad

366 4564 443 4631 cuijus
462 4565 565 4619 sulcem
582 4563 653 4617 laneo
670 4562 801 4633 appositu
818 4566 862 4618 esi
878 4564 1036 4636 incoeptio:
1054 4570 1110 4620 Iste
1128 4570 1192 4620 liber
1209 4575 1247 4619 est
1265 4570 1537 4642 nonasteriiuscnatae
1549 4574 1643 4625 mais

365 4637 451 4753 {m
463 4636 808 4755 ᾔὲἓῖιὲιτνιέεθέιιὶιμιιὲὺᾷιῒουηὲἰε
825 4639 957 4696 dioecesis,
981 4633 1144 4703 recognosci
1165 4633 1330 4688 curarimus.
1366 4632 1422 4687 eu
1438 4634 1539 4703 oporte
1557 4633 1643 4691 Vau-
