3450 5678
208 313 272 382 814
647 333 676 383 s.
692 331 900 384 nonarsoan
921 331 1036 382 aaran

101 500 194 550 sart.
208 485 427 569 dissimulant,
464 488 666 573 ignoramus,
704 487 759 551 ubi
791 487 1012 572 magisterium
1044 487 1258 554 misericordis
1286 487 1425 554 Domini
1455 493 1491 554 et

207 588 320 674 magni
341 587 402 652 Dei
424 589 517 654 nobis
538 590 642 675 possit
662 610 840 655 occurrere.
879 590 947 654 Nos
970 594 1077 656 autem
1099 613 1165 656 non
1188 613 1226 655 ea
1249 591 1413 656 credimus
1436 612 1489 655 ra

208 691 307 773 tione,
331 696 368 755 nt
389 691 652 757 immisericordes
675 713 743 757 esse
758 694 917 775 putemus,
941 692 996 777 qui
1009 692 1263 758 misericordiam
1281 693 1488 777 didicerunt3

209 793 264 856 sed
283 792 532 877 postulationem
553 797 698 858 nostram
720 816 739 857 a
760 794 924 878 praesenti
944 797 1088 879 tempore
1104 795 1330 861 taciturnitate
1345 796 1488 881 compri-

208 894 335 978 mimus,
358 895 579 960 irrationabile
597 896 780 980 judicantes
802 895 867 960 illis
888 918 1019 981 precum
1040 896 1192 962 adhibere
1211 897 1405 981 bonitatem,
1430 897 1487 983 qni

208 997 316 1081 rogari
338 1019 372 1062 aa
394 997 510 1082 nolint,
535 997 767 1062 contumaciter
788 1003 976 1083 respuentes
983 1001 1025 1086 ⁴):
1048 999 1197 1083 injuriari
1212 999 1298 1064 enim
1317 1003 1352 1064 et
1367 999 1487 1065 annul·

209 1099 269 1162 lari
291 1099 449 1164 sustinere
477 1122 660 1185 possumus,
686 1099 793 1184 juberi
820 1122 886 1165 non
912 1122 1091 1184 possumus.
1140 1100 1226 1166 Data
1249 1099 1279 1164 V
1301 1100 1380 1166 Idus
1402 1100 1486 1165 Jnlii

209 1200 499 1285 (bnstantinopoli,
515 1201 689 1267 Anastasio
712 1202 910 1287 (Angusto
932 1201 1033 1288 ΙΝ)
1056 1206 1089 1267 et
1111 1203 1254 1288 Apapito
1277 1226 1327 1268 vv.
1344 1225 1392 1268 cc.
1409 1224 1485 1267 con·

209 1302 342 1366 salibus.

718 1456 900 1561 Epistola
925 1458 973 1542 39

822 1610 871 1648 fleu

67 1689 102 1757 (a.
107 1693 165 1824 ff)
175 1705 198 1742 ⁰·
209 1705 414 1774 Exemplum
434 1703 610 1762 relationis
631 1704 849 1762 minimorum
870 1703 1214 1784 archimandritarum
1235 1709 1271 1762 et
1287 1709 1487 1763 ceterorum

145 1802 152 1815 '
325 1808 569 1864 monachorum
590 1808 760 1863 secundae
783 1806 901 1875 Syriae
924 1807 969 1863 ad
989 1807 1208 1864 Hormisdam
1228 1821 1365 1878 papam.

243 1937 321 1999 Quam
338 1939 452 2001 nefande
469 1955 486 1988 o
503 1936 598 1989 Severo
616 1945 642 1989 et
659 1939 739 1989 Petro
756 1939 877 2002 perpessi
892 1939 944 1988 sint
961 1946 1120 2002 seponentes
1136 1936 1171 1999 (n.
1187 1937 1277 2003 1—a),
1295 1954 1325 1990 se
1341 1939 1453 2002 [resen
1494 1948 1552 2013 pit

243 2024 314 2088 apud
333 2024 511 2087 inperatorem
533 2024 654 2073 auxidam
675 2025 814 2089 quaesiisse
837 2029 977 2089 querantur
1000 2021 1037 2086 (n.
1049 2021 1085 2088 3).
1125 2023 1290 2074 annam
1314 2030 1344 2073 st
1371 2033 1454 2091 capet

244 2109 348 2158 onnirnn
364 2110 496 2172 appellent
514 2105 549 2169 (n.
561 2105 600 2173 4),
629 2125 660 2158 ec
674 2109 750 2171 fidem
770 2123 840 2158 suam
863 2109 989 2158 donnatis
1012 2109 1156 2159 mesinatisn
1172 2107 1309 2159 ὴαονιιίεἰε
1328 2116 1454 2160 testata·

354 2193 454 2255 senum
472 2192 506 2255 (n.
519 2190 556 2256 d),
574 2192 773 2257 subscriptiones
789 2208 851 2242 suos
867 2192 960 2257 sinpals¹
976 2192 1147 2242 submittentes
1166 2190 1201 2258 (n.
1213 2192 1329 2258 6-12).

361 2323 626 2390 Sanctissimo
652 2328 691 2389 et
712 2325 945 2391 beatissimo
974 2325 1186 2390 universae
1208 2325 1317 2391 orbis
1347 2328 1488 2392 terrae

454 2428 712 2512 patriarchae
756 2427 1006 2511 Hormisdae,
1065 2427 1296 2493 continenti
1351 2428 1487 2495 sedem

454 2530 653 2614 principis
690 2529 964 2614 apostolorum
1000 2528 1128 2612 Petri,
1171 2528 1411 2613 deprecatio
1448 2535 1487 2596 et

454 2631 703 2716 supplicatio
730 2632 979 2697 minimorum
1007 2630 1419 2697 archimandritarum
1446 2640 1486 2698 et

456 2735 676 2799 ceterorum
716 2732 993 2798 monachorum
1039 2733 1231 2817 vestrae¹)
1281 2734 1485 2800 secundae

455 2834 594 2918 Syriae
611 2836 856 2920 provinciae.

211 3022 285 3091 quod
302 3022 331 3076 in
349 3021 410 3076 aliia
428 3027 508 3090 ipsius
525 3020 571 3089 (G¹
589 3025 664 3090 ipsis)
682 3028 814 3091 apostolis.
851 3022 932 3077 Certe
948 3020 1126 3077 Hormisdam
1147 3021 1264 3093 ejusque
1280 3021 1310 3076 in
1328 3024 1482 3094 apostolius

210 3107 276 3162 sede
295 3113 483 3170 antecessores
501 3106 547 3161 hic
563 3106 668 3174 notari,
685 3106 761 3161 haud
778 3109 884 3162 &mere
902 3106 1094 3176 conjectemus.

277 3194 299 3261 ⁴)
317 3190 421 3263 Supple
439 3213 484 3247 esa
501 3191 558 3246 scil.
575 3212 676 3261 preces.
712 3192 777 3247 Mox
793 3209 845 3262 pro
862 3191 949 3247 verbo
967 3197 1108 3260 anndtsn',
1132 3208 1188 3261 quo
1206 3190 1348 3263 interpres
1370 3193 1479 3250 litterae

209 3279 294 3332 tenax
321 3293 452 3348 graecum
475 3272 700 3345 ἐξουθενεῖσθαι
721 3275 859 3344 reddidit,
888 3277 980 3347 aptius
1006 3276 1131 3347 positum
1153 3278 1227 3331 emet
1249 3285 1386 3334 eoum
1425 3278 1477 3334 Sed

210 3362 255 3416 vel
271 3361 337 3416 hinc
358 3363 449 3416 totam
471 3361 617 3432 epistolam
639 3361 675 3415 ab
694 3361 841 3416 Anastasio
864 3378 965 3431 graece
986 3361 1119 3432 scriptam
1138 3368 1167 3416 et
1187 3362 1223 3416 ab
1246 3362 1405 3436 interprete
1425 3379 1476 3419 non

211 3447 361 3502 admodum
378 3447 470 3517 perito
488 3446 575 3502 latine
593 3463 755 3501 conversam
772 3446 855 3502 tunso
872 3447 987 3517 planum
1005 3449 1054 3501 est

279 3534 299 3601 ⁵)
318 3532 384 3586 bco
401 3531 465 3586 add.
485 3538 552 3600 Asa.
571 3542 697 3602 quartam,
717 3548 750 3585 ac
768 3530 867 3586 deinde
885 3532 1058 3586 sustulerunt
1073 3553 1112 3586 aa.
1130 3553 1183 3592 cc..·
1200 3548 1257 3587 non
1271 3533 1361 3601 male,
1378 3533 1402 3590 si
1418 3551 1476 3589 aum

211 3615 328 3686 abarum
349 3615 451 3671 codicis
473 3616 648 3671 auctoritate.
691 3615 771 3671 Certe
793 3615 943 3685 legendum
961 3623 1101 3671 Anastasio
1123 3622 1239 3685 ascuto
1258 3621 1307 3672 IV
1321 3630 1348 3673 et
1368 3624 1477 3690 Amin

209 3708 265 3757 uiro
281 3708 421 3756 clarheinro
436 3706 586 3758 consulibus.

211 3793 243 3840 39
280 3789 298 3853 ¹)
311 3787 372 3841 boc
383 3803 500 3857 expunn
509 3797 625 3842 nestrae:
637 3804 692 3856 quo
704 3786 790 3843 verbo
802 3787 874 3842 hanc
884 3785 1057 3857 provinciam
1067 3785 1235 3843 Hormisdae
1246 3786 1393 3844 addicam
1401 3789 1477 3857 eique

211 3872 243 3926 ut
254 3871 373 3926 universi
382 3872 458 3927 orbis
467 3871 644 3942 patriarchae
653 3872 808 3941 subjectam
816 3871 980 3941 significant.
996 3872 1028 3925 In
1037 3871 1091 3926 hac
1099 3874 1195 3926 autem
1203 3873 1478 3944 nuncupationeini

211 3957 307 4011 tantur
319 3956 496 4011 Theodorum
508 3958 538 4012 et
547 3956 734 4026 ischyrionem
745 3956 931 4012 Alexandriae
943 3956 1087 4023 diaconos,
1102 3956 1288 4012 Athanasium
1299 3958 1429 4028 ejusdesr
1438 3975 1479 4014 es·

211 4041 310 4098 clasiae
322 4042 516 4112 presbyterum
528 4043 557 4096 et
568 4040 767 4111 sophronium,
781 4057 899 4112 quorum
910 4040 997 4097 libelli
1009 4042 1133 4098 distincti
1144 4044 1198 4098 act
1211 4051 1227 4098 ³
1238 4043 1338 4099 com
1352 4043 1478 4100 Calched

210 4127 399 4183 inscribuntur
416 4127 502 4182 Leoni
520 4126 710 4200 οἰκουμενικῴ
728 4122 940 4198 ἅρχιεπισκόπῳ
957 4128 1008 4182 nal
1023 4124 1186 4201 suspiciam
1199 4127 1296 4195 (Hard.
1310 4127 1352 4195 ΙΙ,
1368 4130 1478 4195 titini

211 4213 282 4268 Hinc
301 4213 437 4282 Gregorio
454 4212 532 4267 libe
549 4212 645 4267 indict.
660 4218 700 4267 13.
719 4213 799 4283 epist.
814 4219 845 4267 18
863 4214 893 4268 et
909 4219 943 4267 20
960 4213 1028 4267 data
1044 4216 1089 4268 est
1106 4212 1215 4268 occasio
1233 4212 1387 4268 scribendi:
1406 4218 1480 4269 Sn-

212 4305 273 4369 qaid
289 4320 339 4354 nen
359 4319 408 4368 per
429 4305 598 4354 venerendam
616 4302 820 4353 desectionem
837 4303 966 4353 wardiam
987 4303 1063 4366 bajas
1080 4305 1240 4367 spostolicae
1262 4304 1335 4353 sedis
1352 4304 1480 4355 «sinim

211 4390 367 4440 annuentes
383 4389 468 4440 oblato
485 4389 581 4439 bonore
599 4389 682 4439 noceti
697 4390 774 4438 sunt?
796 4387 850 4437 Sed
865 4393 948 4437 tossen
966 4390 1046 4438 nudas
1062 4403 1172 4454 anqssss
1188 4388 1235 4438 tali
1251 4386 1376 4440 scedas
1391 4390 1480 4455 enst-

211 4478 264 4524 tcrt
278 4477 364 4526 soluit.
399 4470 459 4525 lioc
477 4473 532 4525 est:
555 4468 681 4538 quamvis
698 4468 777 4538 ipsis,
802 4467 917 4522 concilio
937 4466 1153 4524 Calchedonensi
1175 4466 1309 4524 audiente
1326 4484 1382 4524 nea
1396 4468 1481 4525 rede

212 4556 318 4622 manta,
341 4555 477 4610 tributum
498 4555 547 4621 ait,
570 4554 695 4624 quamvis
717 4554 791 4609 idem
809 4557 839 4607 et
860 4570 933 4608 nunc
955 4552 1189 4608 archimandritae
1211 4569 1245 4608 ao
1264 4553 1397 4609 meandri
1412 4553 1480 4611 Has·

212 4639 318 4695 misdae
336 4644 365 4696 et
385 4643 486 4711 postea
503 4640 683 4695 Larissaenus
705 4639 850 4710 episcopus
866 4639 896 4692 in
916 4640 1008 4693 fronte
1026 4639 1056 4694 et
1078 4636 1116 4692 ad
1132 4637 1238 4692 calcem
1255 4637 1394 4708 epdstohe
1410 4645 1428 4694 t
1443 4635 1479 4693 sd

211 4722 384 4780 Bonitacium
395 4726 421 4779 ΙΙ
433 4725 497 4779 liuic
513 4741 605 4794 papae
623 4724 761 4791 tribuant,
779 4724 869 4778 nullus
887 4725 983 4778 tanim
999 4722 1068 4778 illud
1084 4721 1209 4793 sibiipsa
1221 4723 1375 4795 arrogavit„
1401 4720 1478 4787 Quod

212 4812 307 4863 autem
322 4810 459 4880 interpres
480 4809 567 4865 latine
589 4809 634 4864 hic
656 4809 779 4864 reddidit
795 4809 886 4865 verbis
903 4815 1036 4864 annasse
1057 4812 1127 4863 ortis
1148 4818 1249 4871 terrae.
1272 4826 1328 4865 ano
1346 4807 1476 4877 sim

212 4897 297 4969 νικῷ,
320 4897 351 4949 ut
367 4895 397 4949 in
414 4895 514 4951 libellis
536 4912 622 4967 supra
643 4894 747 4963 citatis,
774 4911 934 4966 expressum
960 4893 1133 4951 crediderim
1177 4891 1322 4949 Silendam
1347 4909 1404 4949 non
1427 4894 1476 4958 d,
