3412 5664
670 356 858 407 neranonss
882 350 1006 406 7—11.
1426 344 1464 408 13
1487 356 1492 369 ’

245 528 364 580 umentes
383 521 452 576 intra
479 527 595 593 quatuor
621 519 678 575 dies
699 519 727 574 in
748 518 840 575 cadem
863 516 928 574 urhe
949 517 1095 592 cademque
1116 519 1143 573 in
1166 518 1274 575 basilien
1296 521 1463 575 contexisse.

245 608 349 663 ruerem
363 605 420 678 quis
436 603 623 660 clarissimo
600 621 657 659 raro
673 605 807 667 annuerit,
824 602 953 678 epistolas
964 603 1019 657 Vlll
1035 603 1108 666 eth,
1125 620 1207 677 quum
1223 621 1239 658 e
1253 603 1358 677 synodo
1372 604 1465 660 Antio·

242 694 317 748 menae
328 689 446 746 melesiae
461 705 540 746 causa
555 696 721 764 congregata
737 690 832 744 missac
848 688 979 751 dicautur.
995 687 1096 744 nullam
1112 687 1232 759 ejusdem
1249 688 1378 746 ecclesiae
1393 706 1466 746 mon·

241 780 317 833 donem
329 774 427 830 lacere?

302 876 325 932 l.
339 877 432 932 Verum
447 877 492 932 hic
507 878 595 932 mirari
612 875 693 939 subit,
716 875 849 931 Valeslum
866 877 949 931 virum
966 892 1031 930 sane
1048 875 1184 932 oculatum
1200 875 1266 931 haec
1281 875 1376 931 leviter
1390 892 1465 950 prae-

240 964 318 1019 teriisse
334 960 466 1017 subnexae
487 961 616 1036 epistolae
634 962 670 1043 lp
689 960 743 1016 n.5
760 959 852 1016 verba:
876 964 918 1016 sic
939 962 1176 1017 autemAcacius
1191 965 1365 1034 impietatem
1377 965 1465 1033 pesti-

236 1049 496 1120 praedamnationis
512 1048 641 1115 tetendit,
665 1052 696 1101 ut
711 1049 795 1102 ctiam
810 1047 942 1117 dejectus
955 1049 1085 1116 insultet,
1108 1053 1139 1102 ut
1159 1050 1268 1102 scissus
1281 1049 1394 1103 saeuire
1409 1064 1465 1103 non

238 1135 328 1201 dannot,
343 1139 370 1187 et
384 1150 471 1205 quum
486 1135 598 1187 omnino
610 1138 696 1187 entra
710 1146 818 1203 eorpus
828 1132 972 1187 habeatnr
980 1131 1141 1201 Ecclesiae,
1159 1134 1225 1204 ejus
1236 1137 1329 1187 tamen
1341 1132 1466 1188 menrhra

236 1219 356 1273 dacum.
384 1215 462 1272 Certe
479 1217 589 1272 Aeacius
605 1217 631 1271 in
643 1214 688 1285 jus
711 1225 821 1271 vocatus
836 1217 933 1271 sistere
948 1232 978 1271 sc
993 1224 1132 1279 renuerat,
1155 1232 1242 1289 neque
1264 1215 1330 1271 adeo
1352 1217 1379 1271 in
1401 1214 1466 1271 urbe

237 1318 298 1375 agens
308 1303 377 1375 regia
392 1299 492 1357 llornae
507 1302 584 1375 argui
601 1302 700 1375 potuit,
716 1299 790 1375 quod
805 1301 939 1372 dejectus
952 1302 1068 1357 insultet
1084 1308 1111 1356 et
1126 1308 1214 1357 extra
1230 1317 1338 1373 corpus
1352 1302 1467 1357 habitus

237 1387 359 1443 &denae
378 1388 445 1457 ejus
465 1386 591 1442 membru
613 1387 767 1455 dilaceret,
790 1386 840 1441 nisi
862 1401 929 1458 quac
950 1385 996 1440 ille
1019 1384 1204 1442 adennntiata
1224 1384 1275 1441 sihi
1290 1385 1467 1442 damnationis

235 1473 340 1527 munda
353 1478 470 1544 pausent
486 1471 616 1531 facinora,
641 1470 712 1525 l'clix
733 1471 814 1526 certis
836 1469 949 1526 testibus
965 1469 1115 1532 didicisset,
1136 1470 1217 1544 quod
1230 1468 1387 1527 brevissimo
1403 1487 1467 1545 qua·

235 1556 387 1612 trordiernm
401 1557 490 1630 spatio
507 1554 564 1611 lieri
585 1555 661 1612 nullo
682 1554 762 1612 modo
783 1571 865 1629 posse
888 1554 1059 1611 manifestum
1074 1564 1124 1611 est.
1161 1555 1190 1611 ln
1211 1554 1334 1612 eumdem
1356 1555 1468 1613 ollendit

164 1668 167 1673 ·
233 1641 361 1714 serpulum.
392 1657 474 1715 quum
500 1625 671 1697 sententiam
688 1641 715 1696 in
741 1641 865 1696 Acacium
887 1639 965 1695 latam
987 1642 1164 1713 aliquamdiu
1186 1656 1374 1714 suppressam
1394 1640 1467 1702 dicit

232 1742 297 1800 caque
308 1724 411 1800 prolata
424 1733 597 1801 exspectasse
613 1723 737 1787 Felicem,
754 1743 821 1782 num
829 1726 956 1782 Aeacius
967 1729 1152 1797 resipisceret
1164 1733 1191 1782 et
1201 1733 1309 1784 mutata
1319 1729 1468 1799 proposito

231 1826 280 1866 sese
291 1812 323 1866 al
336 1811 549 1868 haereticorum
565 1814 757 1867 communione
773 1818 935 1868 reuocaret.
957 1810 1050 1866 Posito
1066 1812 1145 1875 enim,
1163 1810 1236 1885 qnod
1248 1810 1392 1884 quatriduo
1404 1819 1468 1885 post

231 1897 341 1969 geminata
360 1895 451 1959 luerit,
479 1897 520 1951 uti
541 1897 646 1957 asserit,
673 1895 765 1951 eadem
790 1897 925 1951 sententia
949 1895 1028 1951 simul
1054 1913 1184 1970 suspensa
1210 1895 1309 1952 dicitnr
1329 1905 1357 1951 et
1376 1897 1466 1951 statim

230 1982 316 2043 itcata,
327 1981 364 2036 ita
379 1990 411 2037 ut
425 1979 498 2037 Felix
514 1979 579 2037 dum
594 1987 750 2055 exspectare
766 1979 887 2055 lingitur,
908 1997 973 2037 num
988 1982 1098 2037 Acacms
1114 1982 1269 2055 resipiscat,
1288 1997 1349 2037 cum
1369 1983 1467 2038 iterum

230 2064 332 2122 lmnme
345 2074 484 2140 properet.

294 2167 321 2225 5.
351 2167 408 2224 huo
424 2176 513 2224 autem
530 2167 653 2225 obsecrat
673 2185 687 2224 a
703 2167 809 2224 Graecis
825 2169 852 2224 in
867 2168 955 2224 Aeacii
970 2167 1140 2224 damnatione
1155 2175 1182 2224 et
1197 2167 1368 2242 depositione
1385 2168 1468 2225 luisse
1487 2229 1494 2242 ,

227 2253 320 2308 mxime
334 2253 511 2327 reprehensa:
526 2254 650 2327 primum.
666 2256 743 2327 quod
755 2257 784 2310 in
794 2256 904 2327 spnado
917 2255 1071 2309 damnatus
1082 2271 1119 2309 ac
1130 2256 1276 2325 depositus
1287 2271 1343 2311 non
1352 2253 1466 2326 suisset,

228 2339 269 2393 nd
277 2339 351 2394 salus
359 2338 448 2395 Felix
460 2356 541 2410 papa
557 2356 658 2395 namen
673 2355 755 2395 suum
767 2342 927 2395 sententiae
937 2340 1120 2410 depositionis
1126 2342 1326 2411 praefixisset,
1344 2337 1467 2401 alterum,

226 2425 288 2496 quod
298 2439 350 2479 nec
365 2426 514 2481 conuictus
533 2440 587 2480 nec
607 2426 757 2481 discussus
771 2427 865 2496 juata
887 2426 1005 2498 reputas
1024 2426 1217 2480 damnationis
1231 2427 1401 2482 sententiam
1416 2440 1467 2479 eac-

227 2508 431 2580 sepimentum
446 2510 593 2571 excutiens,
609 2525 658 2565 cur
673 2510 796 2564 Acacium
812 2506 908 2564 nulla
900 2525 927 2564 tn
943 2508 1048 2582 synodo
1060 2507 1212 2564 damnatum
1225 2525 1284 2566 csse
1296 2507 1467 2572 aliirmarcnt

225 2608 262 2648 aas
274 2592 305 2649 de
318 2592 425 2667 synodo
440 2593 592 2668 specialiter
607 2592 663 2650 ob'
657 2610 744 2669 ipsum
760 2601 925 2668 congregata
941 2593 1047 2650 locutos
1063 2609 1124 2649 esse
1140 2592 1291 2658 arbitratur,
1313 2610 1343 2649 ac
1358 2593 1466 2657 latetur

225 2677 360 2734 asinabus
375 2677 539 2751 synodisin
556 2678 653 2752 quibus
669 2678 809 2735 damnatus
825 2688 867 2734 cst
882 2679 1000 2741 Aeacius,
1023 2680 1168 2734 neutram
1160 2680 1244 2751 ipsius
1260 2696 1339 2736 causa
1354 2695 1469 2753 congre·

224 2771 299 2836 getam
312 2780 381 2827 esse,
403 2763 450 2819 scd
466 2764 583 2837 priorem
600 2762 634 2819 oh
646 2762 757 2819 Vitalem
773 2771 801 2819 et
816 2763 944 2819 liiscnum
961 2762 1075 2839 legatos.
1091 2765 1270 2838 posteriorem
1286 2765 1469 2820 Antiochenno

223 2847 337 2905 mesiae
357 2850 462 2923 qratia„
496 2847 594 2904 heinde
616 2848 647 2903 ad
668 2857 835 2922 postremam
856 2849 1018 2905 Graecorum
1039 2849 1256 2923 reprehensionis
1277 2857 1394 2923 partem,
1417 2866 1468 2923 qna

225 2932 333 2990 delicere
349 2936 440 2990 salum
456 2937 483 2991 ei
496 2937 670 3004 sententiae,
688 2949 740 3007 qua
752 2932 891 2989 damnatus
904 2943 944 2990 cst
957 2935 1076 2996 Aeacius.
1087 2949 1188 2991 nomen
1198 2949 1280 2990 sirum
1287 2937 1469 3007 praefinisse

224 3020 419 3092 medeatur,
445 3017 570 3074 observat
590 3019 617 3074 in
639 3020 697 3093 ipsa
719 3018 767 3074 hae
782 3019 896 3093 epistola
904 3017 936 3074 lll
954 3017 1009 3075 n.4
1025 3018 1183 3092 responderi
1204 3019 1245 3074 his
1261 3018 1363 3074 verbis:
1393 3020 1469 3076 unde

223 3119 290 3161 mc
302 3108 332 3161 in
346 3119 441 3160 causa
456 3104 654 3160 Antiochenae
668 3106 810 3159 ecclesiae
826 3104 906 3176 apud
919 3104 1031 3160 beatum
1041 3103 1159 3160 Petrum
1174 3106 1333 3174 apostolum
1348 3119 1467 3177 conpre-

222 3192 275 3261 qata'
285 3204 400 3245 mesum
415 3191 561 3246 dilectioni
575 3195 690 3246 nestrae
705 3205 818 3258 morem,
836 3193 886 3261 qui
898 3204 1012 3261 semper
1027 3190 1108 3261 apud
1120 3205 1173 3246 nos
1184 3190 1309 3259 obtinuit,
1322 3205 1468 3262 propera-

224 3276 301 3331 rinus
313 3276 453 3331 indicare.
479 3281 481 3285 '
497 3274 634 3343 Quotiens
647 3277 725 3329 intra
740 3274 857 3330 ltaliam
868 3281 992 3346 propter
1007 3275 1222 3331 ecclesiasticas
1237 3290 1358 3345 causas,
1380 3289 1468 3347 prae-

222 3362 297 3433 cipue
313 3361 390 3433 fidei,
418 3361 593 3434 collipuntur
608 3360 663 3415 Dei
682 3362 856 3423 sacerdotes,
882 3361 1056 3417 consuetudo
1082 3362 1232 3430 retinetur,
1259 3366 1291 3415 ut
1314 3375 1470 3416 successor

219 3447 377 3515 mondum
392 3445 661 3517 sedisapostolicae
676 3460 716 3500 ee
728 3461 856 3516 persona
872 3451 1041 3501 cunctorum
1058 3447 1145 3502 totius
1159 3444 1265 3501 Italiae
1286 3446 1468 3502 sacerdotum

271 3536 376 3586 cuncta
388 3534 553 3587 constituat.
576 3527 678 3596 Qnihus
694 3529 772 3584 datur
787 3531 864 3591 ratio,
881 3547 930 3586 cnr
944 3529 1121 3587 conciliorum
1137 3528 1318 3586 Romanorum
1333 3529 1469 3604 synodicis

221 3614 312 3671 muts
326 3615 411 3671 solius
426 3631 511 3689 papae
527 3630 625 3670 nomon
640 3613 751 3689 praefigi
768 3613 863 3671 soleat.
893 3615 939 3670 llis
955 3621 1044 3670 autem
1059 3615 1213 3689 praemissis
1228 3631 1339 3671 necesse
1356 3623 1397 3670 est
1413 3623 1470 3671 tota
1555 3670 1560 3682 ,

219 3708 320 3756 mnu
340 3708 369 3755 ct
388 3699 509 3756 funditus
530 3707 666 3756 evertatur
685 3699 781 3755 Valesii
803 3699 960 3774 hypothesis
981 3699 1014 3756 de
1040 3698 1197 3756 brevissimo
1225 3699 1360 3774 quatridui
1381 3701 1469 3774 spallo

217 3785 285 3841 ‘nter
296 3792 438 3859 unamque
452 3785 595 3859 synodum.

297 3888 327 3945 6.
357 3885 474 3944 Ρήιηιιιιι
496 3889 573 3961 queri
593 3904 649 3943 non
667 3894 816 3962 coeperunt
831 3887 923 3943 Graeci
939 3895 1001 3943 ante
1016 3894 1150 3961 acceptam
1166 3895 1194 3943 et
1209 3888 1346 3944 recitatam
1361 3896 1470 3945 senten·

217 3972 278 4030 th
291 3973 318 4029 in
333 3973 456 4029 Acacium
472 3973 560 4034 latam
575 3989 625 4046 pec
637 3970 710 4027 l'elix
724 3973 816 4046 potnit
830 3989 924 4028 eornm
940 3971 1105 4046 respondere
1121 3972 1246 4046 querelis,
1264 3973 1314 4029 nisi
1329 3971 1379 4029 sihi
1395 3974 1470 4047 prius

216 4058 405 4115 hotnsssenl.
424 4056 524 4116 lleinde
539 4059 562 4114 si
577 4059 707 4113 attentius
723 4057 909 4133 expendantur
919 4058 1040 4132 proxime
1052 4058 1132 4114 citata
1144 4056 1225 4128 hujus
1240 4057 1370 4133 epistolae
1382 4058 1469 4122 rerha,

215 4143 357 4200 unitate
369 4142 479 4218 patebit,
496 4141 611 4199 Felicem
626 4143 691 4198 satis
707 4142 814 4199 Graecis
831 4140 888 4198 heri
904 4139 1022 4198 roluiss'e
1039 4141 1225 4216 querentibus,
1246 4144 1370 4200 Acacium
1387 4142 1470 4200 luisse

214 4236 308 4285 ecura
328 4245 460 4285 monum
480 4229 645 4319 praescripta
667 4228 820 4303 depositum
836 4236 923 4284 extra
939 4229 1090 4302 synodum,
1113 4236 1188 4284 extra
1208 4229 1341 4302 synodum
1362 4230 1470 4303 inquam

211 4315 450 4391 quale-nmque,
472 4331 527 4371 non
543 4331 607 4371 reru
623 4322 698 4369 entra
712 4313 846 4388 synodum
860 4317 1030 4386 specialiter
1050 4314 1190 4386 adipsum
1207 4322 1419 4389 conprepatam,
1443 4322 1472 4369 nt

213 4399 271 4457 ult
287 4398 418 4457 l'elcsltts.
440 4399 469 4457 si
481 4400 552 4457 enim
568 4399 734 4473 expostulari
749 4400 879 4455 sensisset
893 4415 908 4454 a
923 4399 1038 4461 Graccis,
1055 4398 1128 4472 quod
1144 4416 1199 4455 non
1214 4400 1325 4474 speciali
1340 4399 1385 4455 illc
1399 4406 1472 4455 esset

212 4484 319 4561 synoda
333 4484 489 4550 damnatus.
511 4485 611 4541 frustra
632 4485 697 4560 ipsis
719 4485 891 4559 opposuisset
907 4483 1087 4541 Romanorum
1107 4484 1284 4541 conciliorum
1299 4483 1472 4541 consuctudi-

210 4588 284 4635 ιιι,
298 4572 327 4628 ln
343 4578 471 4646 promptu
486 4569 596 4632 hahens.
608 4586 655 4626 cos
670 4569 770 4640 injuste
787 4571 871 4643 queri,
889 4587 972 4643 quum
988 4587 1042 4625 non
1054 4571 1142 4626 minus
1158 4569 1254 4625 inisset
1268 4570 1395 4626 adsersus
1410 4586 1472 4625 curn

209 4664 389 4733 magala,
404 4673 484 4731 mam
499 4655 626 4712 adversus
642 4655 755 4712 Vitalem
771 4663 797 4711 et
813 4653 952 4711 lliscnum.
984 4653 1088 4730 Quippe
1103 4656 1237 4712 exstincto
1253 4655 1403 4729 Simplicio,
1427 4655 1472 4729 qni

209 4760 267 4800 ιοι
280 4742 368 4799 met
383 4743 507 4798 Acacium
522 4740 602 4798 oihcii
619 4742 661 4797 sui
676 4741 860 4804 admonuerat,
875 4740 1011 4796 lohannes
1028 4740 1222 4796 Alexandrinus
1238 4742 1350 4796 antistes
1363 4738 1473 4795 llomanr

205 4828 345 4904 ,quiens
359 4825 657 4884 mansionaticum
679 4826 807 4883 ailrcrsns
828 4842 889 4882 cram
910 4826 1052 4881 ohtnlerat.
1087 4826 1201 4882 l'ocatns
1221 4827 1328 4881 interim
1352 4826 1403 4881 luit
1425 4842 1473 4900 per

208 4913 324 4971 tmen
340 4912 506 4969 etlltsennm
519 4912 890 4986 legatosllorrstantiuopolirn
906 4913 1011 4972 missos,
1028 4921 1056 4966 ut
1072 4929 1102 4967 se
1117 4913 1224 4967 sisteret
1241 4928 1329 4967 coram
1346 4912 1473 4985 pontilice
