3412 5664
554 321 749 381 srrsronsn
775 313 919 370 1941.
1128 302 1133 314 “
1309 315 1371 378 213

86 475 329 551 corrosioni-iae,
346 497 441 541 cerasa
469 498 533 540 non
560 477 714 560 suppetit,
745 481 777 540 et
806 478 858 562 qui
891 501 962 542 cram
992 479 1101 543 eodem
1125 481 1195 563 pari
1218 484 1370 548 tenentur
1383 509 1406 545 a.
1419 499 1476 547 rsa.

83 578 224 642 errore?
259 586 355 643 Finis.

600 765 782 868 Epistola
809 768 865 849 20.

437 918 618 1002 Simplicii
642 937 751 1002 paspae
774 919 817 985 ad
840 917 1020 987 Acacium.
1384 902 1509 953 ³·182‘l·

1386 973 1409 1020 6.
1424 968 1492 1023 Nov.

13 1059 57 1107 ³².
114 1061 255 1126 Increpor
274 1062 417 1125 Simplicior
435 1061 527 1110 Aeacii
544 1062 575 1110 de
593 1060 668 1109 rebus
682 1060 878 1110 Aleaeundriaue
896 1064 1020 1111 ccclesiae
1038 1065 1169 1119 sileaeima.
1189 1082 1290 1131 carraque
1309 1077 1336 1119 ui

240 1148 376 1211 pristinum
391 1161 442 1210 pro
460 1147 661 1196 crematorum
680 1145 828 1208 (defensione
845 1148 953 1195 studium
970 1150 1074 1196 susciter
1092 1149 1216 1199 bortatur:

248 1278 525 1343 Dilectissimo
547 1277 669 1342 fratri
693 1278 840 1342 Acacio
863 1279 1141 1363 Simplicius'l.

172 1399 418 1483 Cogitationunr
446 1399 544 1462 ferias
572 1397 672 1481 nonl)
700 1395 870 1480 babemus3
905 1421 964 1462 nee
1001 1399 1085 1462 enim
1119 1400 1280 1484 quiescere
1309 1426 1367 1467 nos

68 1524 185 1566 carisa
211 1500 382 1586 permittit,
405 1522 501 1585 quam
524 1500 550 1564 si
573 1499 801 1584 relinquamus,
831 1501 914 1583 apud
939 1500 1101 1566 Christum
1125 1502 1288 1567 dominum
1312 1528 1366 1569 no-

66 1608 202 1685 strum,
234 1603 325 1686 cujus
353 1603 497 1686 interest,
527 1601 794 1687 inexcusabilem)
824 1625 943 1667 sumus.
989 1603 1034 1668 Et
1062 1605 1177 1669 mirum
1201 1610 1259 1690 est,
1290 1607 1365 1672 dile-

66 1706 232 1770 ctionem
256 1710 345 1770 tuam
371 1709 420 1769 tot
449 1705 586 1777 esnensis
614 1705 810 1789 temporibus
839 1708 871 1768 et
900 1709 949 1769 tot
971 1707 1267 1790 opportunitatibus
1291 1710 1365 1774 inde

67 1808 305 1890 venientibus,
329 1808 375 1872 nil
398 1829 455 1871 nos
478 1807 517 1872 de
537 1807 758 1871 Alexandrina
781 1806 925 1889 ecelesia,
950 1829 1031 1892 (purae
1047 1811 1113 1872 tam
1130 1812 1273 1894 graviter
1287 1834 1364 1896 qua

65 1911 177 1994 titur,
201 1910 364 1975 instruere
385 1910 537 1992 voluisse3
560 1932 657 1994 quum
679 1931 809 1973 monere
825 1913 857 1973 te
872 1930 933 1972 nec
948 1910 1126 1993 increpatio
1142 1917 1252 1976 nostra
1268 1914 1365 1979 desti·

65 2014 174 2095 terit,
200 2016 238 2077 ut
259 2013 454 2098 participata
476 2011 690 2076 sollicitudine
705 2012 831 2075 litteras
846 2033 935 2075 meas
952 2013 1036 2096 apud
1054 2013 1362 2080 Christianissimum

64 2119 107 2182 et
135 2112 427 2181 clementissimum
448 2113 626 2198 principem
649 2114 872 2198 praesentibus
894 2117 969 2178 torae
991 2114 1172 2180 dilectionis
1193 2138 1362 2202 proseque-

67 2218 165 2309 reris
189 2217 357 2302 alloquiis,
389 2220 422 2280 et
444 2216 588 2281 instituti
610 2217 760 2301 veterisi)
783 2238 905 2280 memor
926 2215 960 2279 in
984 2217 1231 2282 orthodoxorum
1254 2220 1362 2285 defen-

67 2320 212 2385 sionem
235 2320 319 2384 sicut
340 2341 465 2403 semper
488 2318 702 2382 incumberes:
726 2319 801 2404 ne⁵)
825 2318 993 2402 quisquam
1007 2322 1160 2411 nostrum
1177 2319 1363 2387 Christiana

68 2422 180 2509 plebe
210 2425 365 2506 pereunte
392 2423 517 2485 reatum
549 2420 721 2484 deditionis
754 2421 914 2503 incurrat,
950 2425 983 2484 et
1011 2423 1226 2487 mercenarius
1254 2426 1362 2509 potius
1465 2480 1477 2492 κ

69 2524 238 2589 rideatur
266 2511 333 2589 esse
362 2546 458 2608 quam
486 2526 606 2608 pastor.
652 2522 746 2587 Unde
773 2522 940 2588 hortamur
963 2523 1167 2587 dilectionem
1189 2528 1289 2608 tuam,
1326 2532 1362 2592 ut
1473 2514 1484 2537 ⁶

66 2630 270 2713 opportune
292 2628 386 2710 atque
408 2626 589 2711 importune
611 2625 673 2709 piis
696 2625 826 2688 auribus
849 2626 1013 2690 insinuare
1036 2648 1102 2690 non
1118 2625 1262 2691 desinas:
1285 2651 1361 2712 spua-

33 2760 40 2767 ·
66 2740 181 2795 renus
212 2707 343 2792 reuiotis
371 2727 542 2810 scandalis,
572 2749 653 2811 (puae
681 2729 715 2790 in
743 2727 994 2792 Alexandrinam
1017 2728 1185 2792 eeclesiam
1213 2730 1361 2793 recidivis

66 2830 221 2897 ansibus
243 2829 414 2912 irruerunt,
439 2852 502 2914 pax
525 2833 637 2912 optata
660 2829 822 2911 reddatur,
850 2833 883 2893 et
905 2829 1051 2893 celeriter
1073 2830 1262 2913 vigilantiae
1284 2836 1360 2894 tuae

67 2931 296 3021 provectus‘)
318 2931 511 3016 posthabitis
533 2931 778 2996 difficultatibus
801 2932 971 2995 indicetur.
1007 2930 1092 2993 Data
1114 2935 1226 2994 octavo
1234 2931 1260 3015 ⁷)
1283 2931 1360 2994 Idus

74 3033 289 3102 Novembris
311 3032 462 3099 Severino
485 3034 625 3098 consule.
670 3037 799 3099 Directs
820 3052 877 3115 psr
897 3034 1093 3097 Restitutum.

595 3236 778 3340 Epistola
805 3238 858 3320 21.

276 3388 473 3476 -Slmplicll
497 3408 607 3475 popae
629 3390 673 3456 ad
695 3391 872 3457 Zenonem
894 3389 1155 3474 llispalonsem.
1371 3380 1476 3501 Ἥ)

432 3533 528 3582 Zerroai
543 3533 785 3595 sedisapostolicae
803 3533 869 3580 cicer
886 3533 1021 3580 comitaturi.

242 3665 517 3731 Dilectissimo
540 3664 660 3728 fratri
682 3663 832 3728 Zenoni
856 3663 1096 3748 Simplicius

170 3785 387 3851 Plurimorum
408 3785 511 3849 relatu
535 3784 756 3869 comperimus
781 3782 985 3847 dilectionem
1007 3788 1096 3847 tuam
1118 3783 1242 3848 fervore
1261 3784 1359 3871 Spiri-

75 3902 135 3955 tus
157 3889 269 3954 sancti
291 3889 339 3953 ita
361 3889 484 3973 iraris¹)
508 3886 743 3951 ecclesiasticae
765 3886 1015 3969 gubernatorem
1038 3885 1200 3968 exsistere,
1222 3891 1259 3950 ut
1281 3910 1358 3953 risu·

154 4132 174 4187 'i
195 4126 232 4180 H·
251 4125 408 4195 Simplicius
427 4130 569 4195 episcopua.

150 4216 175 4263 'a
195 4210 303 4267 Eodem
319 4227 401 4265 sensu
413 4211 514 4280 Xystus
533 4211 571 4265 111
590 4211 670 4281 epist.
685 4217 701 4262 6
714 4228 739 4262 n.
753 4215 769 4262 6
789 4209 871 4274 dixit,
889 4214 1067 4278 captationem
1083 4214 1167 4277 serius
1185 4216 1285 4265 nescire
1298 4215 1321 4262 i.
1336 4231 1357 4266 c.

78 4300 181 4355 niente
200 4300 229 4350 ct
248 4296 342 4351 ammo
360 4296 435 4350 nulla
452 4295 654 4351 intermissione
672 4294 783 4365 agitari.
820 4295 883 4348 Mox
902 4294 935 4347 F²
947 4294 984 4347 H'
996 4315 1074 4348 eurico
1087 4301 1151 4363 ipsa.

154 4386 178 4450 ³]
199 4383 244 4435 lta
260 4398 323 4435 mss.
344 4381 388 4445 (Ψ
400 4381 436 4435 H*
448 4381 495 4449 θ’)
514 4381 543 4434 ct
560 4380 598 4434 d².
627 4384 652 4434 η’
668 4398 697 4434 cc
717 4384 886 4438 eoecrrsabdec.

153 4470 175 4525 ‘o
196 4466 271 4535 quod
294 4465 423 4521 nimirum
445 4483 513 4537 prae
536 4484 566 4520 se
593 4465 659 4520 tulit
681 4465 804 4519 Basilisci
828 4465 939 4534 tyramu
967 4466 1141 4536 temporibus
1164 4469 1193 4519 ot
1215 4464 1359 4532 aliquanto

78 4556 196 4626 postea.

150 4643 175 4707 ‘j
195 4638 233 4693 H*-
252 4658 299 4693 nec
316 4645 460 4709 quispiam,
478 4654 598 4706 moxque
616 4637 650 4690 1⁴2²
661 4636 697 4689 D⁹
714 4642 868 4705 perditionis
886 4636 958 4691 (loco
976 4641 1131 4704 deditionis).

152 4730 176 4783 ‘r
196 4725 241 4779 lta
257 4742 322 4778 mss.
336 4723 415 4777 eade
444 4725 482 4777 dt
498 4726 524 4777 a'
539 4740 570 4776 cc
586 4727 720 4791 profectas
782 4727 924 4776 inducatur.
955 4721 991 4775 H*
1008 4733 1143 4791 prouectus
1158 4765 1178 4776 ..
1194 4727 1358 4776 incideretur.

152 4814 177 4871 'p
194 4809 232 4863 3¹
243 4809 325 4869 PBH·
342 4830 409 4865 aoso
426 4809 481 4875 (vel
497 4812 609 4876 VIIII).

154 4900 162 4932 ¹
166 4926 176 4965 ,ι
196 4896 241 4950 na
258 4895 345 4965 dOw,
371 4894 447 4949 Editi
464 4900 500 4950 iio
518 4906 543 4948 te
562 4899 684 4949 ecciesiae
701 4896 903 4962 paciernmorera.
