3450 5678
185 296 246 362 190
643 309 671 357 s.
690 304 857 357 sruemcn
880 305 994 354 eneas

75 480 168 531 aava
183 487 329 531 sermone
351 463 530 533 necessario
553 462 701 546 retulisti,
724 466 761 526 ut
783 462 857 546 quid
881 460 930 525 vel
952 456 1230 544 Constantinopoli
1252 457 1303 522 vel
1326 458 1362 522 in
1384 457 1460 523 aliis

183 569 368 655 regionibus
384 568 424 632 ab
440 566 609 631 haereticis
632 568 769 650 gestum,
793 565 1000 646 disceremus3
1023 584 1062 627 ac
1082 561 1221 648 singula,
1244 582 1327 646 quae
1342 564 1461 627 contra

183 672 416 736 ecclesiasticas
443 670 571 754 regulas
599 672 631 732 et
660 672 773 732 contra
799 668 903 751 ipsam
929 664 1120 730 catholicam
1146 665 1243 729 fidem
1274 665 1461 750 ubicmque

184 775 351 839 commissa
380 777 470 854 sunt,
506 775 582 835 ante
614 774 739 835 nostros
769 769 876 833 oculos
904 768 1082 833 collocasti:
1111 771 1270 852 quatenns
1296 766 1459 851 videatur,

184 898 245 961 quo
268 877 364 941 etiam
386 874 525 939 remedio
547 874 770 937 subveniretur
792 871 945 952 ecclesiis,
975 871 1088 955 quibus
1119 871 1183 935 vim
1206 871 1265 935 sub
1287 871 1461 935 occasione

184 978 372 1063 tyrannicae
399 977 627 1041 dominationis
655 979 688 1039 et
715 995 772 1059 per
799 974 978 1037 absentiam
1008 971 1276 1038 Christianissimi
1297 972 1462 1058 principis

184 1081 380 1166 perniciosus
403 1080 486 1143 latro
509 1082 542 1143 et
562 1078 720 1143 recidivus
735 1077 864 1140 invasor
879 1074 1119 1140 Alexandrinae
1134 1075 1289 1141 ecclesiae
1311 1074 1425 1160 lapsas
1434 1076 1461 1161 ¹)

185 1184 305 1247 exsiliis
327 1183 493 1267 irrogavit.

267 1286 298 1349 2.
344 1283 438 1349 Unde
464 1285 595 1349 rmicum
622 1287 696 1369 post
722 1283 839 1362 Deum,
879 1282 933 1367 qui
957 1280 1134 1346 Ecclesiam
1162 1283 1195 1346 et
1224 1281 1461 1366 rempublicam

185 1387 402 1452 consolatione
424 1387 564 1451 mirabili
586 1387 739 1467 visitavit,
774 1385 898 1450 etiamsi
921 1384 982 1449 hcc
1003 1384 1072 1448 fieri
1094 1385 1226 1449 minime
1247 1384 1459 1469 postulasses,

185 1490 425 1555 clementissimi
453 1489 656 1573 imperatoris
689 1489 842 1552 auxilium
870 1487 1017 1556 duximus
1048 1487 1301 1570 implorandum:
1334 1490 1372 1552 ut
1400 1508 1462 1573 pro

184 1593 342 1676 omnibus,
366 1613 447 1677 quac
468 1612 569 1677 regno
592 1593 660 1676 ejus
683 1592 839 1656 Dominus
860 1590 989 1672 tribuit,
1018 1611 1059 1654 ne
1081 1589 1214 1654 ulterius
1236 1589 1271 1654 in
1292 1590 1371 1655 orbe
1394 1594 1461 1655 ter·

184 1718 301 1778 rarum,
325 1716 404 1780 quas
426 1694 570 1758 subditas
592 1717 649 1759 suo
672 1695 838 1780 cognoscit
859 1693 1004 1777 imperio,
1028 1693 1181 1757 ccclesiae
1199 1692 1260 1757 Dei
1282 1693 1324 1757 ab
1345 1691 1461 1759 haere·

184 1800 320 1863 ticorum
349 1798 541 1882 contagione
570 1801 603 1861 et
630 1798 789 1881 pravitate
811 1796 980 1879 violentur,
1010 1796 1065 1859 sed
1091 1795 1256 1861 doctrinae
1277 1795 1460 1861 diabolicae

184 1899 410 1984 praeceptione
432 1900 562 1983 pietatis
584 1900 683 1984 ipsius
706 1903 910 1984 praestentur
932 1899 1103 1982 immnncs3
1125 1902 1161 1962 ut
1175 1899 1209 1982 ii,
1233 1898 1288 1984 qui
1310 1898 1373 1963 sibi
1389 1920 1459 1964 cre-

184 2002 324 2066 diderint
356 2002 553 2067 sacordotale
587 2003 799 2066 ministerium
836 2001 980 2065 damnati
1015 2001 1154 2066 hominis
1192 2002 1459 2086 praesumptione

186 2105 334 2188 conferri,
359 2105 561 2188 promulgata
584 2105 741 2188 imperiali
765 2104 993 2168 constitutione
1016 2104 1114 2168 etiam
1136 2126 1155 2167 a
1178 2107 1338 2169 conventu
1354 2105 1458 2170 homi·
1484 2160 1487 2165 .

81 2263 84 2267 .
185 2229 261 2271 num
284 2206 475 2292 segregandi
495 2208 669 2289 jubeantur
692 2206 831 2271 excludi:
867 2210 1023 2292 quatenus
1052 2204 1102 2269 his
1125 2205 1279 2270 submotis
1301 2210 1399 2292 atque
1422 2207 1458 2273 in

185 2309 365 2373 solitudinis
388 2313 543 2393 perpetua
565 2309 762 2393 relegatione
778 2309 948 2393 damnatis,
973 2309 1134 2373 antistites
1150 2307 1300 2374 catholici
1311 2309 1459 2395 deceptis

184 2413 234 2476 vel
254 2412 437 2475 reddantur
465 2412 607 2476 ccelesiis
634 2413 682 2475 vel
707 2412 897 2499 creentur2).
945 2411 984 2475 ln
1012 2434 1073 2496 quc
1101 2432 1161 2476 nec
1188 2414 1316 2477 nostrae
1343 2434 1459 2498 preces

185 2515 269 2599 apud
291 2514 565 2599 religiosissimum
591 2514 770 2599 principem
804 2537 864 2579 nec
891 2513 1070 2579 dilectionis
1093 2518 1167 2578 tuae
1192 2514 1370 2601 suggestio,
1400 2519 1458 2581 ant

185 2622 348 2682 tantorum
369 2616 506 2680 fratrum
528 2621 719 2700 nostrornm,
743 2640 821 2702 quos
844 2617 1009 2681 advenisse
1030 2617 1344 2702 (bustantinopolim
1365 2640 1456 2703 repe

184 2720 292 2801 rimus,
323 2719 504 2802 imploratio
532 2720 732 2785 sacerdotum
761 2724 817 2784 aut
843 2719 1034 2804 supplicatio
1056 2721 1285 2785 monachorum
1306 2720 1457 2788 laborare

184 2824 312 2907 poterit.
350 2821 433 2897 Quin
456 2822 608 2907 quidquid
631 2808 670 2885 ad
694 2823 913 2908 integritatem
942 2821 1119 2887 catholicae
1141 2823 1214 2887 {idei
1236 2823 1390 2909 pertinet,
1420 2826 1455 2891 in

183 2948 246 3010 qua
268 2925 473 2989 ecclesiarum
496 2929 545 2989 est
568 2926 743 2996 constituta
765 2926 930 3011 securitas,
957 2947 1103 3011 regressu
1125 2926 1256 3010 pietatis
1278 2948 1367 3014 suae,
1392 2928 1454 2995 llo·

182 3029 270 3093 mino
292 3050 326 3093 se
348 3017 465 3114 ubique
488 3033 708 3114 prosequente,
732 3030 873 3093 omnium
896 3029 1105 3113 praeveniens
1127 3032 1202 3093 vota
1224 3029 1376 3097 restituit.
1410 3028 1455 3097 nt

183 3132 266 3216 apud
289 3136 429 3195 urentem
445 3131 750 3196 Christianissimam
772 3131 877 3196 facilis
900 3135 949 3196 est
970 3130 1165 3216 impetrandi
1186 3131 1304 3218 gratia,
1328 3133 1385 3200 ubi
1405 3154 1452 3199 re-

182 3235 312 3320 ligionis
335 3237 384 3298 est
407 3255 512 3298 causa.

266 3339 296 3402 3.
335 3337 425 3401 Sicut
452 3358 529 3421 crgo
556 3337 674 3401 litteris
700 3337 820 3402 nostris
848 3338 894 3401 ita
921 3342 995 3402 tuae
1023 3336 1203 3402 dilectionis
1230 3339 1281 3403 vel
1309 3339 1453 3407 omnium

182 3439 362 3523 l'ratrnnrl),
392 3438 445 3522 qui
474 3462 508 3501 se
535 3440 574 3503 ad
597 3440 788 3504 documenta
810 3440 883 3505 fidei
905 3463 980 3504 suae
1003 3440 1270 3506 Christianissimi
1295 3442 1454 3529 principis

181 3545 425 3624 praesentavere
448 3543 643 3625 conspectui,
666 3544 873 3628 suggestione
895 3543 1102 3628 repetendmu
1125 3547 1185 3629 est,
1208 3546 1244 3608 ut
1265 3543 1454 3611 Timotheus

251 3785 269 3849 ¹)
287 3798 335 3835 seu
354 3789 463 3850 elapsus.
494 3781 599 3836 Eodem
612 3798 693 3836 sensu
706 3782 776 3836 dixit
792 3782 922 3850 Aeacius,
941 3786 972 3837 ut
989 3782 1073 3838 visuri
1086 3801 1180 3838 sumus
1192 3783 1221 3838 in
1234 3784 1337 3840 notitia
1348 3786 1456 3857 episto-

181 3866 269 3921 larum
289 3884 342 3920 non
361 3867 528 3922 (exstantium
547 3886 572 3921 n.
592 3875 620 3935 o,
639 3869 752 3922 Petrum
766 3868 907 3922 Fullonem
927 3887 944 3923 a
961 3870 1053 3924 Leone
1071 3869 1196 3940 principe
1208 3870 1304 3925 Oasiur
1322 3871 1455 3943 deporta·

181 3956 239 4007 trini
258 3960 365 4024 indeque
377 3961 473 4024 tapnim
487 3959 728 4024 Constantinopolim
746 3960 862 4009 rediisse.
893 3955 944 4008 llic
956 3972 1022 4009 voro
1035 3955 1157 4010 oratorie
1172 3955 1274 4011 dicitur
1286 3956 1457 4015 Timotheo!

180 4039 297 4092 Aelums
316 4046 415 4095 ensih'ts
432 4041 537 4110 lapsns3
556 4057 646 4108 neque
664 4041 737 4095 enim
756 4058 817 4094 cum
831 4040 956 4095 Cedrenc
974 4041 1163 4110 sentiendum,
1181 4040 1355 4096 haereticum
1374 4042 1457 4101 illum

181 4124 300 4193 primum
319 4125 346 4177 in
365 4125 584 4195 Paphlagoniam
603 4126 703 4179 deinde
721 4126 815 4180 oasim
834 4126 989 4196 relegatum
1007 4127 1099 4182 finisse.

249 4213 270 4280 ²)
288 4211 424 4264 Zenonem
449 4211 491 4264 his
509 4211 642 4281 Simplicii
665 4211 777 4265 monitis
800 4211 924 4281 puririsse
943 4215 972 4266 et
989 4229 1035 4279 ea,
1059 4213 1159 4281 quibus
1177 4213 1239 4284 pins
1256 4214 1387 4284 pontifex
1404 4214 1460 4273 lic·

181 4297 282 4352 clesiae
305 4297 459 4351 consultum
478 4297 578 4364 voluit,
600 4297 784 4368 praestitisse,
807 4298 889 4352 fidem
908 4299 992 4352 hicict
1010 4299 1174 4353 successoris
1198 4299 1257 4368 ejus
1274 4298 1378 4355 Felicis
1397 4303 1461 4375 epi-

180 4384 252 4439 stola
272 4392 293 4438 1.
740 4421 745 4429 ·

248 4473 269 4537 3)
292 4466 492 4540 Episcopcrmn
516 4467 656 4536 videlieet,
680 4469 727 4538 qui
751 4470 936 4538 undequaque
960 4470 987 4523 in
1010 4471 1117 4540 regium
1141 4471 1239 4526 urbem
1261 4470 1461 4547 confluebant,

180 4560 238 4610 tum
258 4559 289 4609 ut
307 4555 435 4609 reducem
454 4554 651 4625 imperatorem
670 4556 836 4623 salutarent,
855 4562 914 4610 tum
933 4558 965 4610 nt
982 4574 1061 4610 siriam
1073 4557 1099 4609 ci
1117 4557 1199 4611 tidem
1217 4555 1296 4612 novis
1308 4557 1462 4629 obsequiis

181 4644 402 4695 eonwstarentnr
420 4647 467 4707 (rid
483 4648 630 4695 drirnmemu
646 4648 709 4710 fidei
725 4647 806 4710 serae).
838 4642 880 4696 Ne
898 4660 963 4696 vero
981 4644 1025 4696 tot
1042 4642 1166 4712 episcopi
1185 4642 1264 4696 simul
1284 4646 1463 4716 congregati

181 4727 354 4781 occasionem
372 4726 520 4780 haereticis
533 4729 719 4796 opportunam
733 4727 769 4782 nd
787 4744 859 4782 novu
871 4727 1011 4782 molienda
1029 4729 1198 4798 praeberent
1209 4730 1239 4782 et
1250 4727 1287 4782 ad
1298 4727 1465 4800 impetan-

181 4810 246 4865 dum
259 4813 333 4881 quod
346 4812 481 4882 petebant
492 4812 649 4885 concilium,
661 4814 783 4882 prudeus
795 4816 889 4868 mouet
901 4814 1032 4868 Acacium
1046 4814 1201 4885 Simplicius
1213 4813 1276 4881 (snb
1288 4814 1335 4869 fin.
1349 4816 1464 4887 epist),

181 4896 303 4964 studeat,
322 4916 357 4951 ne
376 4898 498 4969 episcopi
517 4899 555 4952 illi
574 4899 620 4952 diu
639 4899 666 4952 in
686 4900 753 4954 urbe
773 4899 851 4969 regia
869 4900 970 4954 morari
989 4900 1121 4955 sinantur.
1153 4898 1289 4965 Quocirca
1306 4899 1404 4973 Pagio
1415 4920 1464 4961 aa·
