3450 5678
256 304 322 372 430
727 317 755 367 s.
772 317 912 367 quassu
934 318 1049 366 sarna

125 486 241 551 (assu)
255 494 453 541 successores
480 472 636 537 haeretici
658 474 858 557 crearentur,
895 475 928 537 et
954 493 1021 538 non
1047 472 1087 536 de
1113 470 1319 537 inferioribus
1347 473 1525 560 quibusque

256 577 440 643 civitatibus
473 575 528 640 sed
561 575 657 639 etiam
690 573 931 659 metropolitani
958 574 1127 659 pontifices
1153 575 1190 640 in
1217 574 1375 641 catholica
1402 576 1527 661 jupp'ter

256 679 476 746 communione
498 676 661 760 rimantes,
686 677 789 761 ουτω)
811 677 913 761 igitur
936 678 1095 762 compassi
1117 699 1184 741 non
1206 678 1283 741 estis
1297 679 1401 742 tantis
1415 679 1526 745 fratri·

256 784 313 848 bus
336 779 472 849 vestris?
494 778 558 845 Cur
579 801 645 843 non
668 779 791 843 adiistis
813 779 1063 864 imperatorem?
1090 779 1153 846 Gur
1174 801 1241 846 non
1264 778 1430 845 Ecclesiae
1454 802 1526 847 eau-

255 907 323 949 sam
351 888 384 949 et
410 881 580 947 sacerdotii
611 881 828 946 miserabilem
855 882 1125 948 decolorationem
1159 881 1357 947 continuatis
1391 883 1524 949 vocibus

255 984 454 1051 deflevistis?
475 983 673 1069 allegantes:
695 1005 861 1068 nunquam
883 985 921 1049 de
936 985 1141 1071 pontificibus
1163 985 1228 1049 nisi
1242 983 1425 1049 Ecclesiam
1442 985 1525 1069 judi-

255 1110 359 1172 casse,
381 1109 447 1151 non
469 1108 537 1150 esse
559 1086 772 1151 humanarum
793 1085 903 1171 legum
925 1087 963 1151 de
985 1087 1104 1151 talibus
1125 1088 1210 1152 ferre
1232 1087 1431 1151 sententiam
1454 1088 1526 1153 abs-

253 1212 314 1274 que
340 1189 506 1254 Ecclesiae
532 1188 756 1274 principaliter
791 1189 975 1254 constitutis
1002 1190 1224 1275 pontificibus3
1257 1190 1390 1274 obsequi
1423 1190 1526 1255 solere

254 1292 415 1376 principes
438 1290 639 1357 Christianos
668 1291 804 1356 decretis
826 1291 1002 1376 Ecclesiae,
1035 1313 1102 1357 non
1129 1313 1220 1355 suam
1248 1295 1449 1376 praepollere
1470 1315 1525 1378 po

251 1399 414 1477 testatem,
439 1393 597 1478 episcopis
621 1397 718 1477 caput
739 1392 874 1458 subdere
895 1394 1075 1479 principem
1098 1393 1238 1478 solitum,
1264 1415 1330 1458 non
1352 1394 1392 1458 de
1414 1416 1525 1460 eorum

254 1497 412 1581 capitibus
422 1496 568 1580 judicare
577 1497 634 1583 ⁵³),
656 1496 772 1580 quibus
787 1494 953 1561 Ecclesiae
970 1496 1125 1579 conciliis,
1149 1518 1212 1581 qua
1230 1497 1352 1580 synodo
1367 1497 1524 1581 pelleren-

252 1604 321 1684 tur,
342 1599 418 1684 quid
440 1598 577 1683 denique
601 1598 851 1682 commisissent,
872 1602 909 1662 ut
930 1599 999 1663 sine
1022 1599 1089 1663 ulla
1110 1598 1308 1663 ‹fiscmsione
1329 1621 1450 1683 rerum,
1475 1604 1524 1665 tot

253 1702 459 1766 ecclesiarum
493 1701 655 1785 praesules
689 1723 748 1786 pro
781 1700 921 1765 humano
953 1702 1048 1766 libitu
1081 1709 1115 1766 et
1146 1700 1320 1765 saecularis
1352 1704 1524 1785 potestatis

253 1803 386 1869 arbitrio
401 1803 611 1888 pellerentur3
633 1803 805 1889 inauditos,
829 1803 1035 1888 indiscussos,
1058 1803 1258 1869 inconvictos
1268 1803 1309 1888 ⁵⁴)
1327 1823 1394 1868 non
1408 1804 1524 1869 debere

253 1906 394 1991 percelli,
416 1907 554 1970 maxime
569 1928 667 1991 quum
682 1928 784 1971 novae
800 1928 914 1971 causae
937 1910 971 1971 et
992 1928 1075 1971 nova
1096 1927 1203 1971 rerum
1223 1905 1324 1970 fades
1339 1912 1522 1991 appareret,

253 2012 288 2073 ut
315 2012 454 2075 rectores
481 2009 535 2073 isti
563 2007 750 2095 plebiunte)
778 2009 956 2093 repentinis
989 2009 1227 2074 incursionibus
1254 2029 1313 2092 pro
1340 2008 1523 2075 mundanae

253 2112 416 2194 potentiae
438 2110 603 2175 voluntate
625 2111 724 2175 sacris
750 2110 964 2197 dignitatibus
991 2112 1210 2195 privarentur3
1238 2132 1275 2174 ox
1303 2110 1394 2175 nulla
1421 2112 1523 2177 reteri

255 2234 366 2297 carna,
395 2235 434 2277 ex
456 2213 545 2276 nullo
568 2212 702 2298 collegio
729 2217 837 2277 reatus
867 2235 928 2278 nec
955 2213 1251 2299 participatione⁵⁸)
1275 2211 1448 2295 cujuslibet
1475 2236 1523 2279 er-

253 2317 334 2380 roris
345 2317 415 2400 jam
430 2319 507 2380 ante
526 2314 671 2379 damnati
686 2317 790 2380 teneri
806 2338 859 2380 eos
876 2316 1086 2400 convincique
1108 2318 1282 2399 consortes,
1305 2317 1342 2379 ut
1356 2318 1523 2401 tamquam

253 2440 291 2482 ex
316 2419 492 2504 praeterita
518 2416 704 2480 definitione
722 2417 944 2501 judicarentur
966 2419 1131 2484 obstricti:
1157 2422 1191 2482 et
1211 2417 1295 2500 ideo,
1323 2418 1400 2502 quia
1425 2418 1524 2484 nullis

252 2524 329 2585 aute
355 2519 620 2606 praecedentibus
648 2520 751 2584 causis
779 2521 971 2607 recenant)
998 2525 1121 2604 essent,
1151 2542 1207 2584 cur
1237 2519 1446 2605 ejicerenluu3
1474 2522 1523 2587 in·

253 2644 362 2687 cursus
383 2623 437 2707 qui
459 2623 508 2687 illi
535 2627 653 2706 essent,
682 2621 797 2686 debere
819 2623 1002 2707 monstrari,
1032 2628 1066 2687 et
1087 2621 1312 2687 ecclesiasticis
1333 2622 1463 2708 legibus
1485 2630 1521 2688 ut

252 2746 377 2809 semper
399 2729 546 2809 oportere
568 2728 724 2790 constare.
761 2724 882 2790 Saltem
905 2726 954 2789 vel
976 2746 1035 2810 pro
1056 2728 1162 2789 vestro
1184 2725 1254 2788 loco
1276 2724 1407 2791 illorum
1428 2725 1520 2793 duoe-

252 2827 329 2891 retis
351 2827 488 2891 miseriis
510 2828 749 2911 consulendum,
773 2827 983 2892 formidantes
1006 2828 1040 2891 in
1062 2827 1163 2913 vobis,
1192 2826 1277 2912 quod
1300 2827 1335 2892 in
1358 2827 1432 2893 aliis
1454 2849 1520 2894 oer-

251 2929 370 2993 neretis
393 2934 521 3012 praeter
540 2930 678 3015 inumb)
701 2952 823 2994 morem
844 2930 1000 2996 violenter
1021 2929 1158 2994 admitti.
1183 2929 1217 2994 Si
1233 2929 1369 2995 crimine
1383 2930 1519 3016 respersi

251 3035 345 3095 erant
366 3031 484 3116 aliquo,
510 3033 727 3097 ecclesiastica
748 3033 860 3097 debuit
880 3032 1117 3097 examinatione
1140 3032 1301 3117 cognosci.

251 3191 353 3240 lendton
370 3189 585 3255 postulabantur?
619 3185 699 3239 Unde
717 3189 746 3240 et
762 3185 792 3239 in
809 3186 937 3255 proxima
954 3185 1074 3257 epistola
1091 3192 1124 3240 26
1141 3203 1168 3240 n.
1183 3191 1215 3238 12
1232 3184 1365 3255 legimus:
1384 3188 1457 3250 Esto,
1469 3191 1517 3241 Ge·

211 3289 217 3300 ·
250 3276 352 3325 leodien
369 3277 532 3340 imperatoris
549 3290 637 3326 nomen
654 3275 799 3340 abstulerit,
818 3282 844 3325 et
859 3276 990 3326 lebannes
1004 3277 1119 3341 principi
1134 3277 1252 3326 menatae
1266 3275 1351 3339 reim
1361 3276 1487 3340 ,tactem

318 3359 349 3424 ³²)
367 3356 411 3410 lta
427 3374 490 3410 mss.
510 3356 535 3409 D
547 3357 582 3409 El
593 3356 635 3410 FU
647 3356 684 3410 Ν1
696 3359 730 3410 0¹
744 3357 779 3410 0²
791 3357 831 3423 d'3
850 3356 879 3409 d¹
897 3364 1010 3427 inquam,
1028 3360 1055 3410 o⁵
1071 3373 1148 3426 seqq.
1168 3376 1215 3410 cur
1230 3363 1367 3426 oontpasei

319 3443 351 3509 ⁵⁸)
368 3441 462 3509 Unde,
479 3442 564 3496 infert
580 3441 745 3496 Hinomarus
761 3443 829 3496 tom.
848 3448 865 3496 2
882 3459 948 3513 pag.
961 3448 1019 3509 829,
1038 3454 1152 3510 constat,
1170 3447 1244 3513 quia,
1261 3447 1286 3497 ei
1301 3462 1353 3498 nan
1370 3448 1432 3498 lieet
1445 3448 1515 3513 prin·

252 3535 682 3679 “l‘l‘tdlzltlllll
691 3534 963 3680 ltlttltt
973 3531 1441 3682 tttttttlllltm:
1455 3616 1483 3668 a
1492 3616 1517 3667 s

250 3698 288 3748 0¹⁰
304 3702 441 3750 consutos.

318 3782 350 3847 ⁵⁵)
369 3780 397 3833 d¹
416 3779 461 3835 hio
479 3782 558 3836 addit
572 3787 676 3845 Cinea,
695 3787 724 3838 et
741 3785 866 3838 removet
882 3789 1023 3852 repentinis
1040 3787 1231 3839 inewsiontbue.
1262 3781 1341 3838 Haec
1352 3786 1449 3840 autem
1464 3782 1517 3839 (lm

250 3865 344 3931 verba,
362 3882 435 3934 quae
447 3866 533 3921 etiam
544 3869 639 3923 tuetur
650 3869 801 3923 auctoritas
813 3886 876 3924 mss.
887 3867 952 3923 Dra
962 3868 1073 3925 ΜΝΙ
1092 3872 1123 3924 et
1133 3869 1251 3924 aliorum
1263 3867 1415 3937 editorum,
1430 3884 1517 3925 me

250 3950 341 4005 venda
357 3968 414 4005 non
431 3968 504 4020 esse,
522 3970 685 4023 persuasum
702 3954 783 4009 nobis
802 3957 844 4009 eat
862 3971 895 4007 ex
914 3954 1057 4020 subnexis,
1070 3942 1124 4008 'ubi
1141 3953 1271 4008 dolosius
1288 3959 1407 4011 tecum
1423 3962 1468 4027 pu·
1482 3960 1519 4011 ff

250 4047 347 4097 essent,
369 4035 497 4105 legitimo
515 4036 622 4106 judicio
641 4039 792 4094 monetari
809 4038 938 4094 debuisse
956 4039 1045 4094 docet.
1081 4039 1118 4092 lis
1135 4038 1222 4109 igitur
1238 4037 1380 4096 indicatur
1396 4038 1518 4095 unnim

250 4121 390 4189 quaedam
408 4122 525 4191 species,
544 4123 623 4192 cnjus
640 4125 758 4179 obtentu
775 4128 819 4178 tot
836 4125 979 4195 praesules
995 4123 1069 4195 pulsi
1086 4125 1205 4179 fuerant.
1238 4125 1280 4179 Ao
1297 4123 1412 4192 quidam
1430 4124 1518 4180 'l'bno

248 4207 355 4276 phanes
373 4224 438 4276 pag.
452 4213 501 4261 207
519 4208 618 4274 tradit,
636 4209 709 4264 hanc
727 4226 774 4265 eos
792 4209 919 4279 ejiciendi
939 4226 1051 4266 musam
1063 4209 1203 4265 Zenonem
1219 4208 1426 4280 praetendisse,
1442 4209 1518 4281 quod

248 4291 375 4360 tyrannis
392 4291 523 4346 adversus
540 4293 630 4362 ipsum
648 4294 799 4349 rebellibus
816 4295 959 4350 sanescat.
994 4295 1033 4349 Et
1049 4296 1121 4351 sorte
1139 4293 1327 4351 criminationi
1344 4294 1410 4351 huic
1427 4295 1517 4351 lom

251 4376 353 4430 dedere
370 4383 534 4445 repentinae,
553 4395 626 4447 quae
643 4379 689 4434 hic
706 4382 908 4447 memorantur,
925 4387 1082 4437 tmurslanes
1102 4381 1160 4437 sive
1177 4380 1303 4451 plebium
1319 4379 1379 4437 sire
1389 4380 1516 4437 Qun

317 4464 349 4529 ω>
367 4462 411 4515 lta
428 4478 493 4516 mss.
507 4461 532 4514 D
545 4464 579 4516 0¹
592 4466 628 4517 0²
639 4467 665 4519 c¹
678 4464 716 4521 d².
744 4465 780 4519 E*
791 4464 832 4519 ΡΝ
843 4466 881 4520 N³
897 4472 1076 4535 participatio,
1095 4466 1132 4520 Β*
1144 4470 1171 4520 e⁵
1181 4483 1257 4536 seqq.
1269 4471 1426 4537 manua.-
1443 4482 1518 4521 mos·

249 4564 302 4615 quc
321 4547 355 4599 0¹
374 4552 555 4617 convinctique.

317 4636 349 4701 51)
368 4637 395 4685 o⁵
418 4649 495 4701 seqq.
519 4640 624 4696 retenti.
647 4636 749 4690 rectius
770 4636 799 4689 in
822 4636 882 4690 aliis
904 4636 983 4690 libris
1005 4635 1040 4704 (Ι)
1051 4636 1086 4690 ΙΝ
1098 4635 1138 4690 F·
1151 4635 1188 4691 Ν3
1199 4635 1233 4691 0Ι
1247 4637 1283 4691 0²
1295 4640 1320 4693 o¹
1338 4636 1381 4707 d')
1401 4650 1519 4695 recentes

249 4730 345 4777 essent.
364 4718 393 4771 id
411 4720 466 4772 est:
487 4718 605 4773 necdum
618 4721 761 4789 judicatae
779 4739 888 4777 causac.
922 4721 987 4774 Mox
1004 4721 1041 4774 D’
1058 4727 1153 4792 lapibus
1170 4741 1226 4777 esee
1242 4735 1271 4777 ut
1286 4744 1398 4796 reaper.

315 4808 349 4873 θ’)
366 4803 442 4857 Editi
460 4805 556 4872 (etium
569 4806 609 4875 d²)
626 4820 734 4875 praeter
750 4815 830 4862 aliurn
861 4808 898 4861 At
915 4806 949 4860 l‘t
962 4806 1003 4859 pn
1015 4825 1079 4861 mss.
1098 4809 1127 4863 θ’
1138 4809 1167 4863 et
1179 4811 1204 4862 o¹
1215 4822 1325 4878 praeter
1335 4818 1416 4875 titum,
1434 4829 1518 4881 quon

248 4887 304 4943 soil.
318 4889 445 4945 (iebuius
462 4891 588 4960 proxime
606 4892 744 4963 explicuit.
780 4893 844 4947 Mox
861 4891 891 4947 in
908 4910 973 4948 mss.
993 4894 1055 4947 0c¹
1073 4893 1248 4950 desideratur
1264 4901 1398 4953 namen
