3450 5678
718 348 888 398 norsroaa
912 339 940 395 1.
1397 334 1459 398 617

196 514 383 568 nonnarum
404 507 580 569 dominetur.
619 507 663 567 Tu
685 515 784 568 utitem
807 504 913 587 quial)
928 508 1055 582 judices
1072 506 1204 578 fratrem
1220 510 1325 571 tuum?
1355 508 1413 566 Aut
1428 517 1461 568 tu
1523 570 1527 576 ,

197 627 294 686 quare
314 611 432 686 spernis
448 609 585 682 fratrem
600 614 704 670 tuum?
733 611 838 671 Omnes
858 613 935 670 caim
950 610 1093 669 stetimus
1108 616 1180 669 aute
1193 608 1328 668 triturat
1339 609 1458 670 Ctristi.

197 712 352 789 Scriptum
373 718 416 773 cst
437 714 531 772 euim:
552 713 658 786 „Viuo
679 730 749 788 epo,
774 713 848 774 dicit
870 713 1028 789 Dominus,
1056 713 1195 787 quonium
1217 712 1290 770 miti
1312 714 1413 786 flectet
1422 706 1460 794 ¹⁰)

195 831 285 876 mone
303 831 399 890 penu,
422 820 452 873 et
473 816 567 874 omnis
588 815 694 889 linquo
715 816 907 887 confitetitur
922 815 1020 874 Deo.“
1056 814 1165 888 ltaque
1186 814 1388 887 numerisque
1409 827 1460 875 ae

188 925 292 978 strum
311 932 371 992 pro
391 932 424 976 se
444 918 591 976 rationem
613 919 719 977 reddet
740 919 813 977 Deo.
858 917 926 976 Non
947 933 1022 991 erpo
1043 916 1173 991 amptius
1200 917 1325 974 inuicem
1339 916 1460 990 judice-

191 1036 270 1082 rans,
292 1019 347 1078 sed
365 1019 424 1079 troc
438 1019 578 1093 judicate
599 1021 704 1094 napis,
730 1036 767 1078 ne
784 1021 910 1095 ponatis
925 1019 1138 1094 offendiculum
1149 1016 1251 1088 fratri
1270 1019 1317 1076 oet
1329 1018 1459 1077 scanda-

190 1123 267 1202 tum.
301 1114 412 1180 Monet
433 1115 534 1201 igitur
555 1116 668 1180 beatus
691 1117 863 1201 apostolae,
886 1138 927 1179 ne
950 1116 988 1179 de
1010 1115 1060 1178 his
1075 1114 1167 1178 nobis
1182 1114 1460 1200 praesumend0¹¹)

177 1217 367 1302 judicium,
397 1218 436 1281 de
463 1218 577 1302 quibus
604 1240 698 1282 nemo
726 1220 832 1303 potest
858 1217 970 1281 melius
998 1216 1048 1280 vel
1075 1216 1180 1280 verius
1198 1216 1343 1299 judicare
1364 1239 1460 1302 quam

190 1318 295 1402 Deus,
318 1318 353 1382 in
374 1319 435 1384 hoc
457 1320 518 1384 sibi
540 1321 697 1405 quispiam
719 1321 904 1385 temerarios
927 1341 1021 1383 ausus
1042 1321 1184 1402 usurpet,
1209 1321 1242 1382 et
1255 1321 1386 1403 propter
1399 1319 1461 1384 hoe

191 1443 261 1505 pax
283 1423 380 1505 atque
402 1422 509 1486 unitas
524 1421 689 1487 Ecclesiae
712 1424 893 1508 dissipetur.
927 1421 1011 1486 Nam
1027 1425 1060 1485 et
1074 1421 1109 1485 in
1124 1420 1356 1507 Regnorum¹²)
1378 1421 1460 1486 libro

190 1523 329 1588 dicitur:
352 1527 417 1588 Non
439 1531 586 1604 quomodo
609 1531 688 1590 uidet
707 1530 802 1603 toruo,
827 1531 906 1589 uidet
919 1530 1016 1589 Deus:
1038 1529 1110 1603 quio
1125 1528 1212 1587 tremo
1228 1528 1307 1586 vitiet
1323 1529 1353 1586 in
1365 1527 1460 1600 socie,
1476 1491 1567 1613 ἓξὲξ

195 1631 278 1690 Deus
300 1636 398 1689 autem
421 1631 501 1690 uidet
522 1633 553 1690 ia
576 1632 677 1691 corate.
715 1626 796 1690 Item
818 1627 853 1690 in
875 1626 1143 1710 Paralipomenon
1164 1624 1246 1688 libro
1268 1624 1298 1688 I:
1324 1630 1362 1689 Et
1382 1600 1588 1690 nuacll'isral-

188 1732 351 1799 Salomon,
373 1733 448 1792 scito
471 1732 563 1801 Deua
583 1741 705 1807 patrum
727 1741 862 1810 tuorum,
893 1740 922 1792 et
942 1735 1023 1792 serui
1042 1735 1089 1792 itti
1108 1734 1140 1791 in
1161 1733 1253 1792 corde
1271 1730 1411 1806 perfecto
1432 1739 1463 1792 et
1490 1702 1562 1762 Μ·

187 1836 228 1893 ia
249 1834 351 1893 auimo
373 1834 497 1912 notente,
522 1837 662 1908 quoniam
685 1837 785 1895 omnio
807 1836 903 1894 corde
925 1841 1079 1894 scrutatur
1094 1837 1182 1907 Deus,
1207 1841 1236 1892 et
1254 1848 1366 1891 omnem
1380 1836 1459 1907 coui-

186 1936 339 1995 tatioaem
364 1936 455 1995 norit.
498 1931 581 1995 ‘Item
608 1933 643 1996 in
664 1931 848 1996 Ezechiele:
876 1938 962 1997 Haec
989 1938 1063 1997 dicit
1090 1938 1226 1997 dominus
1249 1936 1342 1995 Deus:
1369 1917 1570 2039 sic¹¹)¹31¹,¹³⁰5¹¹·

188 2037 318 2096 dixistis
340 2036 446 2097 domus
459 2038 570 2111 Israel,
595 2046 624 2098 et
646 2042 844 2113 crepitationes
863 2042 988 2115 spiritus
1010 2040 1103 2098 uestri
1123 2040 1194 2097 noui
1213 2054 1278 2112 epo.
1312 2031 1407 2096 Unde
1429 2034 1462 2095 et
1521 2027 1527 2050 ¹
1552 2029 1556 2038 '

187 2132 386 2199 ‹leDomino
404 2134 512 2218 judice
534 2134 650 2200 dicitur
671 2136 707 2199 in
729 2135 910 2220 evangelio:
934 2140 1037 2200 Sciens
1052 2148 1149 2200 otuera
1164 2141 1253 2203 lesus
1267 2140 1461 2212 capitationes

184 2257 301 2301 eorum
324 2242 419 2301 discit:
440 2242 542 2317 „quid
561 2246 702 2317 capitatis
723 2247 804 2303 motu
827 2247 858 2302 ia
881 2244 1022 2303 cordibus
1045 2244 1195 2302 uestris?“

749 2391 830 2456 Car.
853 2391 912 2455 III.

279 2492 312 2556 4.
349 2491 522 2556 Preeamnr
544 2493 644 2578 igitur
667 2493 870 2558 clementiam
892 2497 1046 2575 vestram,
1076 2496 1113 2556 ut
1140 2493 1322 2576 specialiter
1343 2515 1460 2558 nornen

175 2595 342 2659 mansur
356 2592 468 2658 Aeacii
476 2594 526 2681 ¹⁴),
549 2597 585 2659 nt
607 2596 689 2680 qnod
711 2596 821 2660 multis
844 2617 882 2658 ex
898 2595 1001 2660 causis
1023 2595 1208 2659 scandalum
1226 2595 1275 2658 vel
1291 2594 1460 2659 offendicu-

263 2870 285 2937 ’)
302 2867 338 2922 ΕΡ
355 2873 411 2938 quis
427 2887 455 2922 es
473 2874 527 2937 qui,
546 2867 583 2921 H*
601 2874 644 2937 qui
712 2879 756 2922 aut
773 2875 817 2938 qui
832 2875 943 2937 spernis.

264 2955 297 3023 10)
314 2954 341 3007 e’
357 2969 433 3022 seqq.
451 2957 576 3021 flectetur,
611 2953 676 3006 Mox
693 2952 728 3006 E²
746 2960 823 3008 ornnis
839 2974 917 3020 pean,
935 2953 972 3006 Η8
990 2955 1148 3020 confitetitur
1167 2958 1280 3009 Darnino.

265 3040 297 3106 ¹¹)
313 3036 390 3091 Editi
404 3057 592 3106 praesumamus
666 3058 712 3092 nec
728 3041 778 3092 siti
794 3044 819 3091 ia
837 3043 884 3093 troc
902 3044 1039 3108 quispiam,-
1057 3036 1230 3106 castigantur
1247 3053 1281 3092 ax
1293 3053 1357 3089 mss.
1376 3037 1405 3090 et
1421 3035 1461 3102 h¹,

167 3122 249 3178 lizi
266 3122 342 3192 quod
358 3121 393 3176 E*
404 3121 441 3176 H¹
453 3122 502 3175 H¹⁰
520 3129 648 3192 quippiam
667 3129 815 3177 temerarius
833 3144 915 3177 ausus.

265 3209 298 3276 ¹²)
315 3207 350 3261 Ει
366 3211 431 3263 titre
447 3227 541 3274 reperi.
576 3207 681 3262 Deinde
700 3208 768 3262 editi
785 3214 853 3263 videt
870 3219 895 3262 et
913 3214 989 3262 Deus.

264 3296 296 3361 ¹⁸)
314 3292 351 3346 Κ3
362 3292 391 3347 J⁵
407 3299 445 3347 sic
461 3298 553 3347 uicisti
569 3294 611 3361 (J⁵
627 3300 665 3347 sic
683 3298 761 3362 dices)
781 3299 864 3348 domiti
880 3297 973 3347 Israel.

265 3378 297 3445 ¹¹)
314 3376 404 3432 Voces
427 3390 543 3432 tacentia
561 3384 654 3432 Aeacii
670 3390 708 3440 ut,
733 3395 805 3447 quae
821 3378 850 3432 in
862 3396 927 3433 mss.
940 3378 973 3432 E¹
985 3379 1011 3432 H
1023 3378 1040 3432 J
1051 3379 1080 3431 h¹
1094 3379 1118 3432 c¹
1132 3377 1331 3444 desiderantur,
1350 3393 1383 3432 er
1395 3394 1460 3431 mss.

167 3464 219 3519 (t
232 3464 259 3518 ο*
276 3478 334 3530 seq.
353 3463 500 3517 revocatae
519 3465 590 3516 sunt.
626 3462 689 3518 Sive
708 3465 802 3517 autem
824 3463 1032 3534 supprimantur
1050 3462 1107 3517 sive
1126 3462 1327 3534 exprimantur,
1345 3452 1461 3532 perinde

162 3550 247 3603 mss.
284 3546 366 3602 Certe
389 3547 423 3602 de
440 3547 535 3602 Aeacii
553 3547 664 3601 nomine
686 3547 731 3602 hie
748 3565 904 3603 sermonem
922 3565 981 3603 esse
1004 3548 1140 3603 intellexit
1156 3548 1279 3603 Justinus
1301 3547 1462 3617 imperator,

167 3632 244 3704 qai
263 3632 344 3703 epist.
364 3639 412 3686 129
430 3632 465 3686 ad
483 3631 661 3686 Hormisdam
679 3652 704 3686 n.
725 3640 740 3687 3
759 3651 791 3687 eo
811 3633 934 3688 alludens
953 3633 1061 3687 scribit:
1092 3639 1246 3687 Anastasius
1262 3638 1385 3702 etquidem
1402 3638 1461 3686 reti·

158 3723 354 3787 genennae
366 3722 499 3771 mercorius
511 3729 611 3771 uestrae
624 3725 718 3772 coiraco
736 3705 858 3773 ecciesiae
874 3726 959 3786 palam
977 3730 1115 3788 aperteque
1128 3724 1268 3784 constituit,
1288 3738 1360 3787 parum
1372 3721 1403 3773 ob
1415 3722 1462 3772 toc

169 3808 261 3858 idem
278 3807 403 3857 scriberet
421 3807 544 3868 nepotiana
567 3807 698 3856 decessori
719 3815 817 3866 nostro,
842 3810 905 3856 satis
924 3824 980 3858 esse
1003 3824 1089 3871 parcens
1107 3807 1297 3872 affectantibus,
1316 3808 1340 3855 si
1357 3822 1462 3858 nornen

164 3898 316 3941 nantum
337 3882 516 3940 reticeatur
540 3893 660 3940 Aeacii.
695 3887 800 3942 Eadem
823 3888 931 3942 ratione
955 3890 984 3945 et
1000 3887 1170 3943 lastinianus
1192 3888 1252 3941 tum
1271 3904 1362 3942 comes
1380 3887 1460 3957 epist.

182 3979 247 4027 120
264 3977 320 4026 rai
338 3970 462 4040 loquitur
478 3970 521 4024 his
537 3970 644 4025 verbis:
663 3979 722 4042 quia
741 3985 840 4027 uestrae
858 3978 1020 4026 beatitudinis
1037 3979 1252 4041 praedecessores
1264 3978 1410 4042 saepissime
1422 3993 1463 4027 oo

166 4062 298 4111 inerant
313 4060 469 4125 reipublicae
487 4066 590 4109 nostrae
608 4062 734 4110 aritistites
751 4064 787 4112 ad
806 4079 876 4111 saram
893 4078 1014 4111 reuocare
1031 4063 1232 4119 corrronraioaem,
1255 4064 1280 4111 si
1295 4064 1463 4114 tantummodo

178 4152 329 4196 ametur
348 4146 457 4195 Aeacius
475 4146 603 4210 cernique
620 4147 756 4209 praedicti.
787 4142 893 4196 Clarius
911 4143 1004 4196 autem
1022 4142 1050 4194 in
1069 4142 1187 4212 epistola
1200 4143 1327 4211 sequenti
1347 4149 1394 4197 132
1407 4150 1462 4196 nt

176 4233 270 4298 qaia,
287 4225 390 4295 inquii,
413 4238 497 4280 uester
515 4246 613 4296 quoque
630 4234 816 4294 praedecessor
834 4233 923 4281 beatae
940 4233 1130 4282 recordationis
1148 4233 1301 4282 Anastasius
1319 4233 1354 4281 ad
1374 4248 1463 4281 memo·

175 4318 253 4367 aiae
269 4317 423 4381 principata
443 4317 605 4364 Anactorium
621 4318 737 4380 scripsit,
762 4326 788 4366 nt
804 4319 829 4366 si
845 4333 931 4366 aoruca
952 4317 1042 4365 Aeacii
1059 4319 1225 4368 tantummodo
1247 4320 1390 4374 tolleretur,
1413 4333 1463 4365 arra

178 4400 269 4453 :aaa
292 4407 359 4451 esset
380 4401 524 4452 communio.
560 4396 699 4451 Anastasii
720 4398 814 4452 tamen
836 4396 924 4450 nostri
942 4397 1027 4451 verba
1050 4397 1104 4450 duo
1124 4397 1164 4450 illi
1185 4398 1325 4467 principes
1348 4398 1463 4451 eatenus

178 4488 321 4537 :animae
348 4480 606 4550 deprehendantur,
634 4484 769 4550 quatenus
792 4499 843 4552 pro
868 4500 913 4547 eo,
943 4482 1016 4549 quod
1038 4481 1147 4536 dixerat
1168 4489 1316 4550 specialiter
1338 4493 1462 4548 taceatur,

178 4566 402 4622 tubstituerunt
418 4572 586 4620 tantummodo
605 4579 727 4621 taceatur.
758 4568 799 4620 Ex
817 4584 850 4622 eo
869 4584 964 4621 ansam
982 4566 1159 4636 arripuerunt
1170 4566 1305 4632 nonnulli,
1325 4568 1463 4636 quaAna-

180 4651 314 4706 ttasinm
326 4651 403 4705 velut
419 4650 449 4703 in
460 4651 564 4705 tuenda
583 4651 758 4706 decessorum
776 4652 916 4707 sententia
933 4652 1087 4707 molliorem
1105 4669 1138 4706 nc
1150 4651 1335 4705 remissiorem
1352 4650 1463 4704 insimu-

183 4732 297 4792 larent.
327 4734 382 4789 Sed
399 4735 446 4790 ille
465 4752 566 4806 rogans
577 4744 724 4804 specialiter
736 4738 867 4792 Acacium
879 4737 978 4803 taceri,
997 4754 1173 4806 nequaquam
1185 4736 1325 4805 permittit
1337 4735 1463 4802 aliorum,

184 4836 268 4889 quos
286 4819 446 4875 decessores
463 4820 641 4886 damnarant,
666 4821 778 4876 nomina
799 4821 918 4876 recitari.
955 4822 1043 4876 Immo
1065 4839 1177 4891 precem
1199 4820 1326 4890 superias
1347 4838 1373 4874 n.
1392 4826 1408 4874 2
1426 4820 1463 4875 ab

185 4900 240 4960 ln's
257 4903 351 4960 verbis
369 4920 457 4959 ersus:
477 4927 508 4960 ne
526 4927 569 4961 eos
586 4917 695 4975 propter
713 4912 874 4975 offensionem
893 4914 932 4962 oct
947 4914 1092 4962 secundatum
1113 4911 1247 4975 patiamini
1266 4909 1365 4974 publice
1386 4912 1464 4961 nerii·
