3450 5678
257 321 318 389 136
741 341 768 389 s.
784 339 908 388 mmai
929 338 1044 386 aaran

147 518 171 556 a
183 505 242 555 457.
256 496 320 559 tur.
352 493 488 559 Passum
503 497 610 560 autem
632 493 796 558 dominum
816 496 962 558 nostrum
976 493 1088 558 Jesum
1103 494 1266 560 Christum
1281 494 1422 580 pmactis
1435 495 1529 579 quin·

257 618 319 682 que
340 596 482 662 millibus
505 597 652 660 ducentis
673 597 789 681 viginti
814 599 887 660 octo
909 595 1003 660 annis
1026 596 1068 660 ab
1089 600 1162 661 ortu
1183 597 1295 661 mundi
1310 596 1422 662 eadem
1436 597 1530 662 ebro·

257 700 402 764 uicorum
433 698 589 763 relatione
617 701 824 762 monstratur.
880 696 970 773 Quod
1003 701 1130 782 gestum
1163 698 1337 764 inchoante
1370 699 1530 785 vigesimo

258 823 344 866 nono
377 822 463 866 anno
495 822 561 864 non
589 803 695 884 potest
722 800 880 881 dubitari3
918 799 1073 884 siquidem
1107 800 1186 865 Vlll
1212 800 1377 866 Kalendas
1404 801 1531 886 Aprilis

259 904 363 988 primo
384 924 492 967 mense
515 902 593 966 luna
607 900 684 966 XIV
706 923 838 986 vespere
859 903 1062 986 procedente,
1086 903 1170 968 sicut
1191 903 1232 967 ab
1253 903 1347 968 initio
1363 906 1531 970 creaturae

259 1009 372 1091 quarta
400 1005 451 1068 die
479 1004 568 1068 facta
597 1007 662 1087 est,
693 1003 833 1088 coepisse
862 1003 1028 1088 doceatur,
1059 1005 1283 1090 adjunctisque
1309 1006 1461 1071 bissextis
1488 1006 1531 1072 ud

259 1129 416 1173 summam
437 1107 576 1191 quinque
598 1106 735 1171 millium
756 1106 966 1170 ducentorum
977 1107 1095 1191 viginti
1108 1111 1181 1172 octo
1196 1129 1364 1191 annorum,
1381 1109 1533 1193 sequenti

260 1209 413 1294 vigesimo
441 1230 527 1272 nono
556 1229 642 1272 anno
669 1209 782 1292 quinta
808 1207 892 1272 feria
918 1208 1011 1272 docet
1044 1231 1077 1273 se
1104 1210 1279 1274 traditione
1306 1214 1531 1294 praeventum.

259 1311 367 1375 Primo
390 1331 464 1374 vero
487 1331 670 1393 azymorum
698 1310 749 1375 die
771 1309 918 1374 dominus
939 1310 1033 1374 Jesus
1052 1309 1203 1376 Christus
1226 1333 1366 1377 coenans
1388 1333 1460 1377 cum
1484 1311 1534 1376 di·

260 1412 391 1498 scipulis
421 1412 496 1494 suis,
526 1417 695 1497 postquam
723 1412 773 1476 sui
800 1412 941 1496 corporis
971 1415 1005 1476 et
1026 1413 1194 1497 sanguinis
1216 1418 1418 1478 sacramenta
1441 1417 1534 1498 pate-

258 1515 347 1596 fecit,
372 1514 412 1579 ad
433 1519 576 1579 montem
599 1515 729 1598 Oliveti,
756 1515 839 1579 sicut
861 1514 1030 1599 evangelia
1051 1518 1165 1579 sancta
1187 1519 1359 1598 testantur,
1383 1536 1534 1601 progres-

260 1638 313 1681 sus
334 1616 443 1701 ibique
465 1616 614 1681 detentus
637 1620 686 1681 est
708 1638 727 1680 a
748 1615 881 1681 Judaeis
909 1616 1058 1682 madente
1080 1617 1246 1701 discipulo.
1290 1616 1418 1682 Dehinc
1438 1620 1536 1683 sexta

260 1719 342 1784 feria
364 1719 593 1803 subsequente,
624 1718 657 1782 id
685 1723 734 1783 est
755 1717 867 1801 VH²⁵)
882 1718 1045 1783 Kalendas
1068 1719 1200 1803 Aprilis,
1231 1719 1400 1784 crucifixus
1426 1723 1479 1784 est
1499 1723 1537 1786 et

260 1820 416 1904 sepultus,
438 1821 536 1885 tertia
558 1821 609 1885 die
631 1821 692 1885 boc
714 1825 763 1886 est
785 1820 815 1885 V
837 1820 1001 1885 Kalendas
1024 1820 1146 1904 Aprilis
1168 1821 1330 1887 dominica
1351 1821 1492 1888 surrexit
1515 1842 1537 1887 a

260 1924 405 1988 mortuis.

349 2025 398 2088 10.
437 2024 640 2110 Quapropter
661 2026 809 2090 omnibus
832 2026 895 2090 fixo
917 2024 1019 2090 limus
1042 2025 1190 2090 consonis
1212 2027 1427 2090 necessarium
1450 2014 1536 2111 erait,

263 2131 394 2214 propter
415 2128 576 2211 paschalis
598 2128 822 2193 observantiae
843 2128 1003 2192 rationem
1024 2127 1092 2191 dies
1114 2130 1147 2191 et
1162 2127 1255 2192 lunas
1270 2150 1290 2192 a
1304 2127 1416 2216 mundi
1431 2127 1537 2213 ipsius

263 2230 400 2295 describi
422 2230 591 2314 principio,
616 2252 677 2315 quo
700 2231 825 2314 possint
846 2251 952 2294 rerum
975 2251 1085 2293 cursus
1107 2229 1271 2294 evidenter
1286 2230 1430 2315 agnuam.
1470 2228 1537 2297 Sed

263 2333 337 2417 quia
359 2334 550 2397 immensum
571 2354 650 2417 opus
672 2333 804 2417 majoris
826 2335 876 2397 est
890 2332 958 2415 otii,
982 2353 1024 2396 ne
1039 2330 1158 2395 diutius
1174 2335 1348 2416 praecepta
1358 2332 1535 2417 differrem,

264 2435 457 2499 breviarium
480 2435 548 2519 ejus
570 2434 700 2499 interim
723 2434 889 2518 explicavi,
912 2433 995 2518 quod
1017 2437 1128 2498 tamen
1151 2455 1189 2497 ex
1204 2433 1305 2518 ipsius
1320 2433 1535 2518 plenitudinis

264 2537 485 2602 observatione
507 2536 695 2601 descendat:
719 2558 757 2600 ex
779 2539 922 2620 tempore
949 2535 1127 2600 dominicae
1149 2535 1318 2619 passionis,
1341 2534 1456 2601 diebus
1469 2535 1536 2601 Ka·

141 2645 250 2701 atae.
264 2640 432 2704 landarum
463 2638 691 2703 Januariarum
724 2640 757 2702 et
782 2637 966 2702 nominibus
995 2638 1160 2702 consulum
1189 2637 1352 2703 aduobus
1375 2637 1535 2721 Geminis,

125 2759 148 2800 a.
157 2746 251 2802 (1451.
264 2741 396 2825 Rufo²⁶)
430 2741 554 2805 scilicet
581 2745 614 2805 et
640 2740 805 2822 Rubellio,
839 2761 937 2824 usque
965 2741 1004 2803 ad
1039 2740 1240 2804 consulatum
1268 2738 1475 2806 Constantini
1502 2745 1537 2806 et

265 2844 339 2909 Rufi
362 2843 511 2927 diligenti
533 2843 743 2916 annotatione
766 2841 918 2925 collectis,
942 2863 999 2926 per
1022 2840 1218 2908 CCCCXXX
1238 2863 1341 2907 annos
1364 2862 1437 2907 cum
1450 2843 1537 2908 lunis

266 2951 361 3031 atque
383 2945 592 3028 temporibus,
621 2967 659 3010 ac
688 2944 839 3028 deinceps
867 2944 937 3008 sine
960 2944 1143 3009 consulibus
1165 2966 1222 3029 per
1244 2964 1347 3008 annos
1368 2942 1427 3010 ΟΠ
1449 2943 1535 3010 futu·

266 3070 328 3131 ros,
358 3052 395 3112 ut
416 3047 573 3112 DXXXII
601 3048 697 3112 annis
725 3047 829 3111 onmis
857 3068 980 3111 summa
1010 3046 1181 3130 consistat,
1211 3047 1395 3131 patefacere
1422 3067 1536 3132 prope·

266 3151 345 3215 ravi.
383 3150 471 3226 Quae
493 3172 617 3215 summa
640 3151 687 3215 ita
708 3153 907 3231 cunctarum,
931 3149 1043 3233 quibus
1066 3153 1200 3233 excepta
1222 3151 1282 3231 est,
1305 3147 1421 3213 seriem
1441 3169 1536 3234 rega·

266 3253 371 3316 larum
392 3274 451 3316 sua
472 3253 671 3317 revolutione
694 3251 926 3335 complectitur,
950 3254 986 3315 ut
1008 3251 1118 3315 eodem
1139 3250 1270 3314 tramite
1284 3249 1366 3315 etin
1382 3249 1426 3332 id,
1450 3251 1537 3316 unde

267 3357 317 3418 est
338 3358 419 3437 orta,
447 3356 614 3417 revocetur
642 3357 675 3418 et
702 3352 742 3416 ad
765 3353 862 3416 finem
889 3353 1061 3436 pristinum
1083 3354 1121 3417 de
1143 3374 1227 3417 novo
1250 3352 1444 3416 circumacta
1465 3374 1536 3438 per·

266 3456 386 3520 veniat.
432 3454 547 3519 Aderit
579 3458 685 3519 autem
714 3455 931 3519 misericordia
960 3454 1102 3537 Domini,
1136 3458 1172 3518 ut
1200 3456 1453 3519 consummatam
1481 3476 1536 3538 po

266 3556 357 3621 tioris
379 3556 503 3642 negotii
525 3556 705 3640 vamtatem,
732 3578 826 3641 quam
849 3556 993 3640 superius
1012 3557 1081 3641 jam
1102 3556 1245 3641 promisi,
1269 3556 1445 3640 praemissa
1466 3577 1536 3621 sae·

268 3659 409 3724 culorum
431 3659 573 3723 omnium
596 3659 731 3743 ratione,
761 3680 823 3743 qua
849 3680 939 3722 sacra
961 3658 1120 3723 festivitas
1143 3659 1263 3743 absque
1284 3657 1433 3742 scrupulo
1456 3658 1538 3723 celc-

267 3763 391 3828 branda
412 3761 583 3846 pandatur,
607 3783 672 3826 non
694 3761 798 3847 magis
821 3762 966 3827 sensibus
988 3761 1170 3826 intimatam
1186 3783 1283 3845 quam
1297 3762 1540 3846 praesentatam

267 3866 381 3930 vestris
404 3864 607 3948 adspectibus
630 3864 816 3929 aestimetis.

335 4053 368 4117 ²⁵)
382 4050 521 4103 ΙΕιιιιιιὶιιιιι
544 4049 617 4103 diem
639 4064 691 4118 pro
713 4051 843 4119 passione
864 4049 976 4104 Domini
999 4048 1083 4103 otiam
1106 4049 1267 4103 Lactantius
1288 4049 1351 4103 inst
1371 4049 1425 4104 div.
1445 4048 1495 4116 IV,
1507 4056 1542 4107 10

269 4136 307 4200 (in
325 4133 490 4202 quibusdam
509 4150 570 4186 mss
591 4134 685 4187 autem
702 4145 762 4188 aare
780 4141 845 4189 aba
864 4138 890 4187 X
902 4139 963 4189 liet
977 4138 1075 4204 April)
1094 4134 1187 4188 refert.
1218 4133 1377 4188 Communis
1393 4134 1453 4189 fere
1472 4134 1543 4191 alio

269 4236 330 4271 rum
343 4217 561 4271 occidentalium
579 4217 718 4271 sententia
734 4218 798 4273 huic
810 4219 873 4273 Vlll
885 4218 1025 4273 Kalendas
1036 4217 1145 4287 Apriles
1157 4219 1327 4288 resignabat
1352 4217 1544 4276 Conseruntur

270 4301 456 4355 Tertullianus
473 4302 535 4354 adv.
555 4302 676 4356 Judaeos
695 4320 716 4356 c.
731 4309 755 4368 8,
773 4303 943 4373 Augustinus
961 4303 995 4356 de
1014 4303 1063 4357 civ.
1079 4303 1232 4369 dciXVlll,
1243 4310 1283 4368 51,
1300 4302 1447 4357 dc'l'rinit.
1461 4304 1544 4373 Ν,5,

270 4386 413 4452 catalogus
431 4385 593 4440 hiberionae
610 4388 772 4456 pontificum
798 4388 857 4442 init.
877 4388 963 4458 (apud
980 4387 1075 4456 Migne
1093 4385 1545 4459 praetiosarumque),

270 4473 348 4526 votus
365 4471 462 4526 tabula
479 4472 615 4541 paschalis
633 4490 658 4526 a.
672 4479 720 4527 417
745 4477 791 4542 (ap
820 4473 981 4526 deltoseil.
996 4490 1018 4526 c.
1038 4491 1064 4541 p.
1079 4472 1161 4540 LIX),
1184 4472 1356 4543 Epiphanius
1378 4471 1441 4526 adv.
1447 4473 1543 4531 Aruer.

269 4558 357 4611 bl
320 4563 357 4623 §1
378 4557 539 4624 (secundum
556 4569 616 4613 acta
629 4563 726 4625 f’ilati),
744 4558 870 4626 dialogus
888 4558 1082 4627 quaestionum
1094 4557 1264 4626 vaques
1277 4557 1305 4610 in
1317 4575 1337 4610 s.
1348 4557 1482 4627 Aug.0p.
1496 4558 1545 4614 ed.

271 4642 315 4696 cit.
335 4645 402 4696 tom.
416 4642 501 4709 XVll,
515 4650 587 4699 1555.
624 4643 773 4698 Orientalis
790 4643 908 4697 ecclesia
925 4642 1015 4710 magis
1033 4647 1059 4695 Χ
1078 4647 1211 4697 linenda
1230 4647 1336 4710 Apriles
1352 4641 1499 4710 praetvrlit.

337 4732 369 4795 ²⁸)
389 4729 419 4782 ln
437 4728 560 4798 paschali
579 4728 694 4782 Victorii
713 4743 818 4782 canone
835 4727 911 4797 apud
928 4727 1093 4781 Eucherium
1108 4731 1213 4794 Rufino:
1231 4726 1306 4796 apud
1324 4725 1394 4779 alios
1411 4724 1549 4785 auctores

271 4814 358 4880 (Tert.
376 4814 393 4867 l.
409 4834 440 4880 u,
459 4813 534 4882 Sulp.
555 4812 615 4867 ch.
635 4813 697 4866 hist.
717 4830 785 4866 sacr.
805 4814 839 4879 ll,
852 4816 895 4879 at)
918 4811 993 4865 idam
1010 4816 1102 4866 Fusias
1125 4812 1168 4867 vel
1185 4816 1273 4879 Fufius
1292 4815 1408 4865 emim
1430 4809 1550 4883 dicitur,

272 4903 300 4952 ct
318 4902 360 4953 cst
377 4918 464 4954 annus
481 4914 564 4954 acrae
582 4897 768 4966 Dionysianaa
786 4896 875 4951 XXIX
891 4915 919 4966 p.
933 4896 962 4951 C.
