3450 5678
727 342 899 392 narsaeus
925 333 974 391 18.
1163 358 1167 364 ,
1425 326 1487 391 779
1546 298 1549 303 .

215 498 402 564 Timotheus
433 500 465 561 et
493 496 607 561 Petrus
640 497 753 561 horum
781 517 932 581 sequaces
966 495 1111 561 homines
1144 500 1252 562 mente
1286 499 1426 583 corrupti
1454 500 1487 562 et
1499 517 1524 557 a.
1536 507 1593 558 516.

215 602 315 687 pestis
337 600 493 685 quaedam
516 600 656 665 nominis
678 599 868 664 detestanda
891 598 1057 683 catholici,
1080 621 1214 684 quorum
1230 601 1485 666 communionem

214 705 249 769 in
264 704 361 768 Petro
376 704 542 788 amplexus
554 703 702 786 Aeacius,
720 701 867 767 similiter
882 723 1005 786 quoque
1021 703 1138 766 meruit
1157 702 1264 767 subire
1278 704 1485 770 sententiam.
1603 740 1604 745 κ

215 805 277 882 Qui
298 807 426 870 tantum
447 806 568 869 malum
596 805 687 890 quasi
714 805 805 891 parvi
835 804 1008 869 aestimans
1036 806 1069 870 et
1096 805 1294 889 propositum
1321 827 1486 891 nunquam

216 909 256 973 ad
277 908 410 972 meliora
432 911 632 990 convertens,
657 928 698 971 ne
721 907 761 971 ab
783 906 847 971 illis
870 905 998 991 quidem
1021 929 1054 971 se
1076 907 1215 991 quaein
1237 907 1412 972 Antiochia
1434 908 1486 973 de-

215 1013 373 1098 testamur
404 1010 578 1092 abstinuit3
615 1010 660 1074 ibi
692 1030 817 1093 quoque
843 1009 1061 1095 trangressori
1090 1009 1186 1074 Petro
1216 1010 1486 1097 communione¹²)

217 1134 396 1195 connexus,
424 1112 460 1176 in
483 1112 685 1196 Apamenam
713 1110 924 1176 nihilominus
952 1111 1114 1177 hostiliter
1135 1115 1279 1177 versatus
1309 1111 1486 1196 ecclesiam,

216 1215 346 1300 Tyriam
369 1235 491 1299 quoque
514 1236 580 1279 non
603 1235 640 1277 ea
662 1235 724 1298 qua
747 1213 853 1278 decuit
873 1214 1065 1299 integritate
1087 1214 1270 1299 disponens.

300 1318 331 1382 4.
369 1316 506 1401 Propter
528 1338 619 1401 quae,
644 1315 841 1380 dilectissimi
863 1316 992 1399 fratres,
1016 1317 1057 1381 ab
1080 1339 1189 1382 corum
1203 1316 1412 1381 innodatione
1428 1317 1488 1382 sol-

218 1423 346 1502 ventes,
370 1419 459 1483 velut
480 1419 692 1503 regionem¹³)
714 1417 885 1503 quamdam
907 1418 1094 1503 pestiferam
1121 1419 1355 1504 relinquentes,
1385 1440 1488 1484 serve

217 1544 288 1586 mus
311 1521 520 1606 apostolicam
543 1520 756 1605 disciplinam.
795 1519 899 1586 Saluti
920 1523 1051 1585 nostrae
1073 1521 1160 1586 omni
1183 1521 1352 1607 diligentia
1374 1525 1407 1587 et
1428 1522 1488 1586 sol-

217 1623 384 1689 licitudine
405 1622 625 1706 providentes,
655 1644 693 1687 ca
716 1644 792 1686 cura
813 1621 946 1686 nefandi
968 1621 1108 1687 Nestorii
1136 1621 1331 1688 declinemus
1354 1646 1487 1708 errores,

218 1749 282 1811 qua
296 1724 486 1809 Eutychetis
508 1725 609 1809 impia
630 1725 763 1788 inventa
786 1723 1016 1808 persequimur.
1050 1724 1191 1789 Maxime
1207 1725 1293 1789 enim
1307 1749 1395 1791 nunc
1416 1727 1488 1791 reli·
1528 1769 1533 1780 ·

217 1828 309 1914 glosa
331 1827 405 1892 fidei
428 1826 580 1912 dogmata
602 1826 727 1891 diverso
748 1827 878 1890 incursu
901 1825 1031 1910 horum,
1066 1827 1120 1911 qui
1141 1826 1297 1910 praedicti
1319 1830 1411 1912 sunt,
1440 1830 1488 1893 in-

218 1932 389 1996 cursantur
421 1929 562 2012 insidiis,
599 1928 742 2008 scelestis
775 1949 833 2012 pro
867 1928 991 1994 ratione
1023 1928 1177 2013 temporis
1211 1951 1268 1994 sua
1298 1935 1490 2016 argumenta

219 2031 433 2114 nectentibus,
457 2031 485 2095 si
507 2052 569 2116 quo
590 2031 715 2114 possint
737 2031 958 2095 innocentium
981 2030 1041 2094 viis
1061 2030 1207 2095 fraudem
1222 2053 1299 2097 suae
1313 2032 1489 2117 impietatis

218 2136 369 2200 inserere.
414 2133 522 2218 Atque
544 2132 615 2197 ideo
637 2134 721 2198 sicut
748 2133 834 2197 docti
862 2132 1035 2196 numularii
1064 2136 1097 2198 et
1123 2134 1299 2218 prudenter
1324 2135 1487 2220 instructi,

219 2238 260 2302 ab
282 2235 502 2321 improbandis
525 2235 684 2300 laudanda
706 2238 907 2320 soporantes,
937 2234 1053 2300 talenti
1081 2235 1170 2300 vobis
1200 2235 1312 2300 crediti
1341 2238 1489 2321 poteritis

218 2338 435 2424 multiplicare
458 2339 682 2403 substantiam.

303 2441 335 2506 5.
373 2440 479 2524 Haec,
509 2440 707 2505 dilectissimi
735 2440 853 2504 fratres
860 2490 869 2522 ,
903 2439 1088 2523 scripsimus
1115 2440 1231 2524 plenae
1260 2441 1405 2506 caritatis
1432 2441 1489 2506 im-

218 2543 328 2630 pulsu,
364 2542 439 2627 quia
467 2545 499 2606 et
526 2565 615 2626 spem
646 2542 720 2607 fidei
748 2546 872 2606 vestrae
899 2541 1038 2626 primum
1061 2540 1100 2605 de
1121 2540 1182 2606 Dei
1205 2543 1288 2607 dono
1315 2526 1429 2608 deinde
1457 2547 1491 2609 et

218 2645 330 2711 fratris
353 2645 456 2709 nostri
477 2643 649 2727 Johannis,
673 2644 727 2728 qui
750 2643 839 2709 vobis
862 2644 1033 2727 praesidet,
1057 2642 1255 2728 professione
1277 2646 1489 2730 praesumpsi-

219 2769 306 2831 mus,
330 2768 394 2831 qua
415 2746 608 2811 nominatim
630 2767 751 2829 omnes,
775 2767 854 2830 quos
876 2746 1053 2830 apostolica
1076 2767 1114 2810 ac
1135 2747 1295 2830 generalis
1319 2747 1489 2812 catholico-

219 2871 291 2915 rum
314 2849 507 2914 condemnat
521 2848 678 2931 Ecclesia,
702 2847 912 2912 exsecrabiles
935 2847 995 2911 sibi
1019 2869 1088 2912 esse
1110 2847 1294 2913 declaravit.
1329 2848 1419 2924 Quod
1434 2871 1490 2913 vos

220 2972 345 3037 quoque
367 2952 402 3014 in
423 2950 541 3015 litteris
562 2950 678 3015 vestris
700 2950 842 3034 oportuit
863 2950 1027 3014 evidenter
1047 2949 1234 3033 exprimere,
1258 2971 1318 3014 nec
1341 2951 1490 3015 arbitrari

221 3075 314 3139 posse
336 3053 483 3117 sufficere
505 3052 564 3116 sub
585 3052 687 3116 tantis
709 3051 899 3136 praesertim
914 3051 1039 3116 insidiis
1055 3050 1253 3135 callidorum,
1277 3074 1355 3136 quos
1369 3053 1491 3118 viritim

222 3160 256 3221 ct
275 3155 421 3240 singulos
442 3154 595 3218 insectari
619 3154 770 3218 convenit
791 3156 886 3238 atque
909 3153 1072 3236 damnare,
1096 3153 1155 3218 sub
1170 3154 1309 3237 quadam
1327 3176 1379 3219 eos
1394 3177 1490 3239 gene-

221 3258 281 3323 rali
305 3257 512 3321 damnatione
536 3255 733 3320 concludere.
787 3255 985 3340 Diligentem
1013 3259 1172 3339 quacrunt
1198 3255 1332 3320 vulnera
1359 3259 1492 3342 antiqua

221 3359 432 3442 medicinam,
466 3380 527 3423 nec
555 3358 724 3422 abundans
752 3379 821 3422 esse
848 3356 1003 3440 creditur,
1038 3356 1191 3441 quidquid
1217 3380 1275 3442 pro
1302 3358 1491 3444 integritate

221 3464 297 3528 fidei
319 3465 352 3526 et
374 3460 553 3526 stabilitate
575 3460 741 3545 religionis
763 3459 943 3524 adhibetur.
989 3458 1082 3523 Unde
1109 3459 1254 3524 libellum
1282 3483 1354 3524 cum
1375 3461 1492 3525 litteris

222 3565 378 3645 misimus,
404 3563 454 3626 cui
476 3585 532 3626 vos
555 3562 805 3646 subscriptiones
827 3561 974 3647 proprias
995 3560 1187 3647 inscritc¹⁴),
1215 3565 1252 3626 ut
1273 3561 1352 3626 fides
1375 3566 1491 3646 vestra,

221 3688 319 3752 quam
346 3665 468 3730 directa
496 3687 553 3749 per
582 3664 735 3728 Rufinum
763 3663 932 3729 diaconum
960 3663 1081 3747 scripte
1107 3667 1287 3746 testantur,
1322 3664 1406 3748 apud
1434 3686 1492 3729 nos

219 3770 278 3833 fiat
301 3767 396 3852 hujus
419 3790 543 3853 quoquc
565 3766 766 3850 repetitionis
785 3766 965 3850 adjectione
980 3765 1191 3830 manifestior.
1225 3765 1312 3830 Data
1327 3765 1406 3830 ΧΙΠ
1422 3765 1490 3832 cal.

220 3871 417 3937 Decembres
439 3869 536 3934 Petro
559 3867 697 3933 consule.

292 4146 324 4212 ¹¹)
342 4143 386 4197 Ita
402 4142 421 4197 b
435 4159 483 4208 cc;
501 4141 535 4196 G¹
550 4144 576 4196 a¹
596 4161 728 4196 cenrmane.
766 4139 897 4205 Quamvis
914 4140 1030 4195 Aeacius
1044 4141 1121 4195 Petri
1132 4141 1255 4196 Fullonis
1272 4143 1493 4197 communionem

216 4229 313 4284 vitare
331 4226 517 4292 affectaverit,
538 4243 599 4279 cum
618 4243 650 4280 ec
668 4227 776 4290 tamen,
795 4242 855 4278 cum
875 4241 931 4293 quo
948 4225 1048 4279 Petrus
1062 4225 1181 4295 Mongns
1199 4226 1433 4293 communicabat,
1452 4244 1493 4282 so·

219 4313 327 4369 cietatc
345 4311 508 4381 conjunctus
527 4310 704 4375 censebatur,
723 4327 757 4364 ex
775 4328 830 4379 quo
843 4310 919 4364 Petri
930 4310 1013 4379 hujus
1024 4310 1121 4380 Mongi
1133 4311 1354 4366 communionem
1366 4311 1494 4381 suscepit.

215 4398 321 4468 Neque
344 4397 430 4452 etiam
447 4396 564 4451 Aeacius
586 4395 699 4466 proprie
718 4412 751 4449 ac
773 4411 824 4464 per
841 4411 883 4460 se,
901 4395 950 4449 scd
967 4395 1042 4451 idem
1059 4397 1157 4450 Petrus
1174 4396 1253 4452 runo
1275 4395 1304 4450 in
1321 4397 1495 4467 Apamenam
1567 4411 1571 4420 ·

220 4481 371 4538 ecclcsimn
399 4480 537 4536 hostiliter
568 4498 597 4535 se
623 4479 726 4550 gessit,
754 4497 839 4550 quum
865 4479 960 4534 invitis
985 4480 1137 4550 Apamcnis
1163 4481 1319 4536 Johanncm
1345 4480 1492 4536 ordinavit.

217 4565 328 4624 'Verum
346 4567 420 4621 hunc
436 4566 593 4620 Johannem
611 4567 646 4621 ab
665 4566 708 4619 his
725 4565 860 4635 reJ'ectum
878 4583 964 4634 quum
982 4565 1099 4620 Aeacius
1115 4567 1175 4637 ipsc
1192 4571 1291 4637 postea
1308 4566 1398 4636 Tyriis
1415 4583 1495 4636 prae·

218 4652 303 4714 fecit,
322 4653 354 4705 ut
370 4651 399 4705 iu
412 4649 515 4706 Gelasii
532 4651 614 4706 tract.
633 4652 645 4703 I
663 4669 688 4704 n.
706 4658 736 4704 12
749 4651 891 4718 narratur,
909 4650 1010 4706 merito
1022 4651 1162 4721 arguitur,
1181 4651 1272 4720 utqui
1284 4651 1397 4720 Tyriam
1410 4650 1495 4708 eccle·

219 4737 294 4793 eiam
312 4751 369 4791 non
387 4735 483 4791 debita
499 4735 661 4805 integritate
680 4734 853 4805 disposuerit.

295 4824 326 4890 ¹³)
343 4820 410 4875 bcc
427 4827 573 4890 relipfcnem
645 4841 709 4891 quoe⁸
725 4841 768 4876 eos
786 4801 885 4890 quique
956 4827 1074 4890 sufficere
1091 4827 1141 4877 sibi
1158 4827 1244 4878 tantia

295 4908 326 4975 ¹⁴)
345 4904 378 4960 G¹
394 4909 420 4962 a¹
440 4912 566 4970 inserere.
586 4907 704 4962 fortasse
723 4906 908 4978 supplendum
926 4919 1036 4978 oportet.
