3450 5678
221 247 285 311 338
699 260 727 307 s.
745 259 886 307 seuseu
909 258 1023 305 saera

97 427 209 492 (ιω)
255 418 361 468 etottcee
379 418 416 466 od
430 419 565 482 pontifices
582 417 694 480 reptante
716 417 782 465 r'ttr‘ue
804 416 927 465 directam
949 416 975 465 ἐπ
998 415 1122 479 metipsis
1136 416 1279 479 prostaedr
1295 415 1418 477 adjuvet,
1441 420 1470 465 et

407 504 488 567 ipsum
505 502 537 551 de
555 502 668 564 ejusdem
685 501 805 565 prosectu
823 501 956 550 certiorem
975 500 1086 550 reddere
1103 501 1207 564 saeptus
1224 507 1304 550 curet.

375 633 677 698 Dilectisssimo
712 633 806 696 filio
840 631 980 696 Natali
1024 632 1160 696 abbati
1197 631 1387 697 Gelasius
1421 632 1478 718 epi

425 758 582 820 scopus.

308 860 336 920 1.
381 855 532 930 Quamvis
554 877 613 939 pro
635 854 721 917 beati
745 853 833 917 Petri
860 852 995 937 apostoli
1026 853 1242 918 moderamine
1265 853 1425 919 divinitus
1451 854 1480 919 in

222 960 346 1040 stituto,
376 979 438 1041 quo
460 956 545 1020 sedis
567 957 636 1040 ejus
658 956 770 1020 vicarii
799 959 934 1019 cunctae
961 959 1040 1020 sunt
1062 954 1226 1020 Ecclesiae
1250 955 1431 1039 debitores,
1458 978 1480 1021 a

220 1062 337 1124 t'ratres
365 1064 398 1123 et
425 1060 630 1143 coepiscopos
653 1079 739 1121 meos
761 1079 819 1141 per
841 1056 1039 1122 Dardaniam
1062 1057 1255 1123 constitutos
1277 1058 1480 1142 competenti

220 1162 340 1246 scripta
362 1161 557 1244 dederimus,
588 1162 739 1244 antiquae
768 1160 842 1223 fidei
871 1153 1165 1244 communionisque
1194 1156 1362 1225 tramitem
1390 1159 1480 1225 subse

219 1267 364 1348 quenteS,
388 1268 425 1327 ut
447 1285 559 1327 cavere
583 1262 713 1327 valeant
735 1262 886 1346 contagia
909 1263 1102 1358 perfidorum
1130 1266 1163 1326 et
1194 1262 1366 1328 nobiscum
1395 1261 1480 1327 illiba

155 1384 159 1401 ‘
219 1370 288 1430 tum
310 1370 420 1430 tenere
444 1365 654 1447 consortium3
683 1366 793 1428 tamen
820 1362 1024 1428 dilectionem
1047 1386 1172 1449 quoque
1193 1369 1284 1429 tuam
1305 1386 1375 1430 non
1402 1364 1480 1429 desti

107 3898 118 3945 1
130 3892 200 3945 'l'im

119 3967 190 4024 53⁴2.

220 1470 318 1531 timus
331 1469 356 1552 ¹)
379 1467 598 1531 desiderantes
622 1467 724 1548 affari,
749 1466 838 1550 cujus
862 1471 895 1530 et
916 1466 1165 1531 sollicitudinem
1187 1466 1226 1530 de
1247 1467 1354 1531 noxiis
1369 1466 1480 1552 qnibm

219 1592 280 1655 que
302 1570 453 1653 vitandis,
478 1571 567 1634 etin
589 1569 777 1652 retinendis,
802 1569 946 1653 quaeat
968 1568 1142 1633 utilitatem
1158 1568 1325 1652 pertinent
1340 1568 1480 1635 Christis

220 1695 307 1755 uam,
331 1671 523 1736 laudabilem
546 1671 767 1756 perspeximus
784 1692 852 1735 esse
874 1672 1042 1753 fervorem,
1067 1693 1105 1734 ex
1123 1669 1240 1734 litteris
1255 1668 1393 1755 scilicet,
1416 1692 1480 1757 qna

220 1775 259 1838 ad
282 1775 416 1838 fratrem
445 1779 477 1839 et
505 1775 728 1857 coepiscopum
756 1795 861 1837 meum
884 1772 1044 1838 Serenum
1074 1776 1130 1836 tua
1161 1773 1279 1836 caritas
1307 1772 1480 1839 destinavit

219 1875 357 1940 Proinde
387 1876 648 1941 collaborandum
681 1876 742 1938 sibi
775 1879 832 1939 tua
860 1875 989 1939 dilectio
1018 1874 1189 1959 perpendit
1222 1874 1393 1961 evangelio
1421 1874 1480 1941 Dei

220 1979 285 2064 et²)
314 1983 463 2043 aeternae
492 1979 605 2043 salutis
633 1978 754 2042 intuitu
789 1977 887 2041 etiarn
921 1977 1126 2041 adversantia
1153 1999 1299 2062 quaeque
1324 1976 1480 2043 tolerandt

220 2083 421 2144 constanter:
445 2084 480 2143 ut
494 2080 618 2144 nullum
634 2080 759 2161 subeas,
784 2079 867 2164 qnod
883 2080 977 2162 absit,
1002 2079 1147 2144 coelestis
1165 2079 1259 2163 regni
1277 2079 1480 2164 dispendium

219 2182 260 2245 ad
282 2183 365 2268 quod
388 2183 508 2267 utique,
532 2183 596 2246 nisi
618 2182 761 2267 legitime
785 2182 967 2265 certaveris,
992 2203 1058 2246 non
1073 2185 1164 2266 potes
1179 2182 1358 2266 pervenire.
1387 2180 1480 2247 Tana

219 2285 306 2348 enim
328 2289 513 2368 praestante
537 2284 675 2349 Domino
698 2285 790 2348 nobis
806 2287 856 2348 est
871 2284 1057 2348 instandum
1074 2283 1348 2369 vigilandumque,
1370 2288 1480 2369 quant:

219 2386 312 2472 sum)
335 2386 405 2471 ipso
427 2388 491 2450 fine
515 2388 584 2470 jam
610 2388 722 2451 mundi
750 2386 970 2451 vehementior
998 2386 1131 2450 humani
1159 2387 1288 2471 generis
1315 2386 1419 2452 hostie
1443 2386 1480 2455 in

218 2490 330 2552 sistere
352 2510 418 2553 non
441 2489 585 2573 quiescit.
1049 2559 1052 2563 ,

302 2592 332 2654 2.
378 2589 467 2655 Nihil
490 2592 710 2676 significamus
732 2591 899 2674 omissum,
929 2591 1012 2675 quod
1034 2574 1090 2655 abt
1113 2592 1345 2679 correctionet)
1372 2612 1480 2663 reru·

218 2714 296 2777 quas
325 2692 358 2757 in
388 2693 538 2757 ecclesias
561 2693 704 2758 Orientis
727 2694 899 2757 seminavit
926 2693 1085 2775 inimicus,
1115 2697 1245 2778 patrmn
1273 2693 1395 2779 regulis
1417 2714 1480 2765 et:

217 2797 386 2880 gruentem
409 2796 509 2879 possit
537 2795 687 2859 adhibere
716 2795 917 2859 medicinam.
964 2795 1026 2871 Sed
1047 2795 1123 2879 quid
1145 2796 1305 2861 facimus?
1333 2796 1410 2880 quia
1434 2820 1480 2867 ε

217 2895 339 2961 duratis
363 2897 491 2962 auribus
513 2919 623 2961 vocem
645 2897 812 2982 refugiunt
833 2897 978 2962 veritatis
994 2898 1115 2977 audire,
1139 2900 1294 2983 tantaque
1317 2898 1365 2963 vis
1387 2918 1480 2967 mo·:

217 3000 389 3064 saevientis
412 3000 567 3083 incubuit,
592 3004 628 3063 ut
650 3021 757 3063 secum
779 3000 895 3065 malint
916 3000 1021 3065 salvos
1039 3021 1179 3085 quosque
1200 2999 1366 3067 lethaliter
1380 3022 1480 3089 aeg

215 3107 296 3184 tare,
320 3124 414 3186 quam
437 3101 499 3186 ipsi
522 3102 662 3187 recipere
685 3102 872 3166 sanitatem:
900 3124 987 3166 nunc
1013 3102 1197 3167 inficiantes
1218 3103 1380 3189 universa,
1406 3124 1480 3189 qt

217 3205 357 3288 ipsorum
381 3205 510 3286 chartis,
542 3205 682 3288 ipsorum
709 3204 996 3287 subscriptionibus
1024 3204 1249 3290 approbamus,
1278 3227 1366 3271 nuno
1390 3226 1480 3293 qut

216 3306 515 3371 manifestaremur
538 3307 659 3370 fuerint
687 3308 756 3370 luce
780 3305 929 3390 convicti,
953 3306 1061 3390 palam
1083 3311 1256 3393 aperteque
1276 3306 1418 3373 fatentes
1453 3326 1480 3371 ε

216 3429 330 3490 rorem,
361 3408 445 3472 nolle
474 3429 507 3471 se
527 3413 636 3472 tamen
658 3409 774 3473 reverti
804 3408 844 3472 ad
871 3408 957 3472 viam
984 3415 1094 3493 purae'
1110 3409 1322 3475 confessionis
1349 3426 1480 3476 comm

217 3509 386 3592 nionisque
407 3511 579 3591 testantur,
603 3509 658 3573 sed
681 3532 739 3573 nos
762 3510 868 3594 potius
891 3514 1081 3594 exspectant
1095 3512 1160 3576 suis
1175 3510 1480 3596 praevaricatonbttt

217 3609 384 3694 implicari.
430 3608 630 3694 Quapropter
657 3611 816 3697 largiente
845 3611 965 3679 Christi
997 3614 1104 3699 gratia
1132 3613 1260 3700 magnis
1293 3612 1409 3681 studiis
1431 3608 1480 3679 ul

216 3710 387 3794 agendum,
419 3715 464 3793 ut,
500 3712 574 3795 quia
602 3712 640 3776 de
667 3713 733 3776 vitu
760 3718 920 3799 perpetua
944 3716 995 3779 vel
1023 3716 1202 3780 amittenda
1230 3738 1283 3780 res
1305 3716 1413 3803 egitur
1427 3706 1473 3781 rel

215 3813 366 3895 tenenda,
390 3813 500 3877 demus
515 3836 645 3898 operam
660 3814 798 3899 quidem,
823 3815 849 3878 si
878 3816 1000 3900 aliquos
1027 3839 1065 3881 ex
1087 3817 1151 3882 illis
1173 3822 1330 3903 operante
1347 3816 1472 3887 Domus

214 3915 338 3978 salvare
360 3915 532 3998 possimus:
558 3916 716 4002 alioquin,
745 3918 830 3982 sicut
857 3918 904 3982 ait
932 3919 1103 4003 apostolus,
1128 3931 1156 3985 te
1177 3926 1275 4000 meum
1296 3934 1414 3989 emtum
1428 3944 1470 3991 te·

284 4136 303 4203 ¹)
322 4135 366 4189 Ita
383 4135 439 4189 Jos.
458 4134 571 4190 Blanch.
592 4154 625 4189 ox
636 4137 681 4191 N³.
711 4137 786 4193 Mad.
806 4140 835 4192 et
852 4141 890 4193 c¹⁰
901 4144 1051 4195 desistimus.
1080 4139 1145 4194 Mox
1163 4139 1239 4196 nas.
1258 4158 1317 4213 seq.
1331 4148 1479 4213 σῴα..

215 4226 348 4276 cttudr'aem
423 4241 458 4275 er:
475 4227 568 4275 titteris
583 4228 715 4290 etquidem.

282 4309 303 4373 ²)
322 4306 365 4359 Ita
387 4305 563 4372 correximus,
586 4306 660 4373 quod
678 4307 715 4361 N³
733 4307 845 4363 Blanch.
866 4310 904 4362 0¹⁰
920 4309 1006 4379 Migo.
1026 4323 1051 4363 et
1069 4313 1118 4378 (0¹⁰
1135 4310 1216 4367 addit
1232 4314 1277 4381 ab)
1294 4324 1424 4373 aetem
1438 4326 1480 4377 a

213 4398 327 4446 intuitum
402 4397 535 4445 tolerando
553 4403 712 4453 constanter,
731 4393 806 4447 Mart.
827 4406 852 4447 et
869 4398 901 4447 ob
919 4407 1039 4449 aeternae
1113 4402 1249 4451 toleranda
1266 4408 1414 4457 maret.

281 4479 302 4545 ⁸)
321 4475 426 4530 Instare
445 4475 505 4543 jam
523 4476 618 4531 mundi
636 4478 719 4532 finem
737 4495 799 4532 cum
817 4478 910 4532 multis
928 4479 990 4533 aliis
1008 4480 1093 4534 etiam
1111 4480 1254 4536 Gelasium
1271 4485 1408 4555 putans,
1426 4486 1480 4549 Η.

214 4561 351 4617 discimus.

281 4650 301 4715 ⁴)
321 4647 364 4701 lta
384 4645 410 4699 J.
429 4644 541 4700 Blanch.
562 4663 596 4700 ex
613 4645 658 4699 N³.
692 4648 746 4701 Alii
763 4655 929 4723 correctioni,
950 4652 979 4704 et
995 4649 1070 4705 blaff.
1091 4653 1129 4705 0¹⁰
1146 4662 1190 4705 ant
1207 4660 1374 4711 correctioni
1389 4696 1430 4715 ...
1446 4682 1480 4719 η

212 4741 320 4799 patrem.
357 4731 447 4784 Unum
465 4731 639 4799 alterumque
657 4745 701 4786 ortt
719 4733 862 4788 abmrdare
879 4732 997 4790 ridetur.
1028 4735 1093 4789 Mox
1110 4735 1185 4792 nan.
1204 4753 1263 4806 seq.
1282 4746 1376 4799 cutm
1392 4764 1480 4821 Μ.

266 4826 389 4870 testantes
461 4828 650 4885 exspectantes.
1361 4840 1369 4849 ·
