3412 5664
582 117 754 166 nrrsronr
779 105 850 164 141.

63 290 132 359 σης
146 270 361 360 ἀγαλλιῶμεν
378 273 416 340 ε’ν
432 275 564 359 Κυρίην
590 269 680 337 οὕτω

61 378 127 441 καί
144 376 224 462 περὶ
241 380 300 461 τῆς
312 379 383 441 τῶν
405 379 547 459 λοιπῶν,
566 370 682 451 καθώς

64 478 277 556 ἐνδιαθέτως
296 488 483 563 παραινεῖς,
511 476 682 542 α’ποκατα-

63 581 220 659 στάσεως
261 584 499 665 φροντίσωμεν
533 582 681 663 πρῶτον,

59 682 126 749 ἵνα
137 680 200 769 τὴν
212 685 326 749 πίστιν
341 683 398 747 καλ
412 679 475 767 τὴν
489 680 680 765 τελειότητα

61 782 167 871 ἡμῶν
187 783 334 852 ἄσπιλον
350 779 415 850 άπό
438 779 564 860 παντός
578 782 678 867 μιάσ-

61 911 172 973 ματος
193 887 406 972 φυλάξωμεν.

109 991 143 1056 3.
168 991 234 1055 Kal
255 987 322 1074 γάρ
343 984 458 1073 οἶσθα,
482 985 607 1073 coeles
629 1011 678 1052 τι-
773 987 803 1052 3.
841 985 937 1052 Nosti
970 986 1071 1072 enim,
1110 987 1212 1052 freter
1244 988 1340 1052 caris-

61 1092 224 1177 μιοίτατε,
248 1102 338 1157 ποῖοι
359 1092 422 1177 την
445 1090 680 1175 ἐκκλησιαστι-
731 1090 825 1173 sime,
871 1110 952 1173 quae
989 1088 1237 1155 ecclesiasticam
1276 1114 1340 1156 ser-

62 1191 135 1279 κῆν
162 1179 324 1280 ὁμόνοιαν
357 1193 568 1278 φυλάττουσι
595 1191 679 1256 σόν-
731 1194 806 1255 vent
839 1191 968 1256 vincula
1004 1192 1221 1277 concordiam,
1260 1215 1339 1278 quse
1419 1226 1422 1236 ·

64 1297 199 1382 deunce,
206 1299 282 1361 τίνα
294 1295 378 1380 ἡμᾶς
393 1292 459 1360 άπὸ
470 1298 539 1360 τῶν
554 1295 678 1377 αίρετι-
731 1315 790 1358 nos
813 1293 854 1357 ab
876 1293 1110 1358 haereticorum
1124 1297 1277 1360 tueantur
1290 1295 1339 1361 in·

64 1401 141 1464 καῑν
152 1397 384 1482 φυλάττουσιν
401 1397 607 1481 ἐπιβουλῶν,
623 1395 679 1459 καὶ
730 1395 835 1479 sidiis,
873 1417 930 1480 per
957 1418 1039 1481 quoe
1061 1397 1159 1461 etium
1181 1418 1340 1462 cononum

65 1496 126 1565 διά
137 1502 246 1564 ποίων
260 1498 281 1584 ἡ
296 1503 365 1565 τῶν
380 1499 536 1564 κανόνων
548 1496 679 1581 φυλάτ-
731 1498 928 1562 custodiatur
965 1499 1148 1563 auctoritas.
1207 1499 1268 1563 His
1304 1500 1339 1563 in

63 1598 347 1667 τεταιαάθεντία.
361 1601 593 1685 Τούτωυέντη
610 1600 679 1685 ίόίηι
730 1600 843 1663 roboro
865 1622 921 1664 suo
943 1601 1030 1664 omni
1056 1600 1340 1686 circumspectione

66 1703 165 1788 ίσχόι
182 1703 273 1789 πάση
296 1708 447 1789 προσοχῇ
469 1703 679 1786 φυλαττομί-
730 1702 880 1786 servetis,
939 1702 1080 1767 remedie
1133 1703 1339 1787 sperantibus

64 1828 151 1889 νωυ,
183 1810 271 1882 ίασις
292 1817 362 1884 τοῖς
385 1806 556 1885 ἐλπίζουσι
578 1820 678 1889 προσ·
731 1805 946 1869 conferentur.
990 1803 1099 1868 Habet
1127 1805 1213 1869 enim
1236 1807 1268 1869 et
1290 1827 1339 1870 ec·

66 1908 297 1993 ενεχθήσεται.
334 1905 425 1992 Ἔχει
447 1904 512 1991 γάρ
528 1909 598 1970 τῶν
621 1905 677 1971 ἑκ-
731 1905 981 1971 clesinsticnrnm
1003 1907 1080 1971 ordo
1101 1906 1285 1991 regulorum
1307 1910 1340 1971 et

65 2013 317 2095 κλησιαστικων
345 2009 502 2075 κανόνων
534 2005 554 2093 ἡ
589 2007 679 2085 τάξις
728 2008 829 2091 ipsius
856 2008 960 2072 forme
979 2008 1141 2092 justitiae,
1178 2011 1216 2073 ut
1241 2008 1339 2073 medi·
1375 2026 1378 2031 ’

65 2113 125 2178 καὶ
146 2109 250 2196 αὐτῆς
270 2117 329 2196 τῆς
351 2111 568 2194 δικαιοσύνης
584 2107 602 2174 ὁ
618 2109 678 2174 τύ-
731 2110 803 2174 ciue
825 2110 1027 2175 rationabilis
1048 2110 1189 2196 benigne
1212 2115 1245 2175 ct
1264 2111 1339 2175 fide·
1410 2151 1413 2157 .

64 2234 141 2298 πος,
164 2210 254 2291 ὅπως
269 2211 409 2297 εὔλογος
428 2215 594 2295 θεραπεία
609 2222 680 2288 τοῖς
728 2210 803 2274 liter
838 2212 1043 2296 sperantibus
1084 2234 1150 2277 non
1187 2217 1338 2299 negetur:

65 2320 264 2393 calobricis
289 2316 345 2381 καί
359 2319 485 2391 πιστῶς
507 2314 678 2394 ἐλπίζουσι
729 2335 790 2378 nec
821 2315 988 2400 quisquam
1016 2316 1063 2379 ita
1091 2318 1140 2379 est
1166 2315 1207 2379 ab
1229 2315 1338 2380 buma-

64 2415 112 2504 μή
149 2416 325 2503 άρνηθείη.
354 2408 475 2482 Ὀὐόέ
507 2419 557 2494 τίς
585 2417 678 2482 ἐστιν
728 2415 832 2480 nitate
869 2416 1042 2500 discretus,
1087 2439 1182 2502 quern
1217 2439 1283 2482 non
1319 2440 1339 2481 a

66 2518 178 2598 οὕτως
213 2517 280 2586 άπό
323 2523 381 2603 της
417 2522 678 2602 φιλανθρωπίας
729 2518 835 2603 rigore
858 2517 1102 2602 districtionisl)
1132 2519 1269 2583 inclinet
1289 2519 1338 2585 in·

66 2621 287 2710 όιηρημένος,
328 2617 370 2686 dv
406 2620 481 2705 οὐχί
518 2618 583 2685 άπό
619 2624 678 2703 της
730 2623 825 2684 cnuto
849 2620 1049 2704 simplicitas.

66 2724 294 2810 σκληρότητος
313 2727 376 2789 τοῦ
392 2724 520 2807 δεσμοῦ
537 2721 677 2806 ἐπικάμ-

65 2840 124 2907 φει
144 2823 166 2912 ἡ
189 2824 403 2909 ἀπάνουργος
425 2823 581 2909 ἁπλότης.

108 2931 140 2995 4.
163 2924 247 2992 Ἀλλ’
261 2924 495 3013 ἰ’ναάσφαλώς
509 2926 678 2992 τοῦτοκαὶ
770 2927 802 2991 4.
831 2927 893 2992 Sed
914 2930 951 2992 ut
974 2931 1066 2993 caute
1081 2928 1141 2994 hoo
1162 2931 1241 3016 et¹⁰)
1257 2932 1338 2997 citro

63 3030 170 3117 χωρίς
189 3030 344 3116 μέμψεως
358 3027 379 3115 ἤ
394 3053 485 3106 τινος
501 3029 678 3112 νεφώδους
729 3029 890 3114 querelem
913 3031 1098 3125 antenoris
1114 3032 1249 3118 alicujus
1263 3056 1339 3099 nne

63 3133 197 3218 πλάνης
212 3132 359 3216 ίσχόσειε
375 3135 570 3215 προελθεῖν,
593 3128 677 3213 άγα-
729 3153 802 3195 vum
825 3131 930 3196 valeas
949 3133 1108 3217 expedire,
1132 3134 1338 3202 dilectissime

63 3235 150 3321 πητὲ
172 3231 309 3319 άδελφὲ,
332 3231 369 3299 τό
393 3230 475 3319 ἐμόν
492 3232 677 3317 πρόσωπόν
727 3232 845 3318 freter,
868 3256 1038 3319 personam
1060 3256 1164 3301 mecm
1179 3240 1213 3303 te
1226 3239 1262 3303 in
1276 3237 1338 3304 hoe

64 3355 105 3403 σε
127 3336 297 3424 ἐντούτῳ
329 3337 391 3422 χρη
415 3332 580 3401 ὑπελθεῖν
603 3335 677 3400 ε’πι-
728 3339 856 3420 oportet
902 3337 1050 3423 induere,
1100 3339 1255 3405 scientem
1302 3342 1338 3405 in

64 3439 236 3525 στάμενον
260 3439 298 3504 ἐν
320 3450 391 3516 ταῖς
405 3438 576 3513 τοιαύταις
590 3433 677 3501 ὑπο·
727 3437 908 3523 hujusmodi
940 3441 1060 3525 causis,
1099 3443 1183 3508 sicut
1204 3443 1338 3527 'proedi-

62 3541 202 3626 θέσεσι,
244 3538 359 3617 καθώς
395 3545 607 3625 προείρηται,
644 3543 679 3603 τί
728 3544 814 3605 ctum
847 3544 911 3626 est,
949 3543 1025 3627 quid
1060 3543 1245 3609 faciendum
1281 3544 1336 3629 sit,

63 3643 225 3729 ποιητέον
247 3648 315 3729 είη,
338 3647 372 3708 τί
393 3642 597 3729 φυλακτέον,
621 3640 676 3707 οὔ·
726 3643 802 3729 quid
833 3644 1023 3710 cavendum:
1056 3647 1103 3711 ite
1131 3647 1239 3712 omnia
1265 3668 1337 3733 pro-

63 3769 112 3811 τω
122 3745 263 3811 πάντων
278 3745 545 3831 προνοούμενον,
569 3743 616 3822 τίς
629 3743 674 3830 μή
725 3745 921 3832 vidcndo¹¹)‚
945 3751 982 3811 ut
1003 3770 1069 3813 non
1083 3750 1337 3836 ambignsretio·

89 3862 145 3869 .-.-

133 3904 157 3969 ¹)
175 3902 200 3954 c'
213 3902 241 3955 ελ
259 3916 316 3967 seq.
335 3905 511 3959 discretionis·
528 3897 707 3968 corriguntur
723 3916 756 3953 ex
775 3897 807 3953 G¹
822 3898 880 3952 Ji².
910 3898 1017 3955 Deinde
1036 3904 1060 3955 c'
1075 3903 1101 3955 c¹
1119 3919 1181 3956 cum
1198 3903 1337 3957 nonnullis

60 4000 130 4039 mss.
150 3995 227 4039 cauta
243 3991 403 4054 conpunctas,
422 3984 502 4038 mule.
542 3984 565 4035 li
587 3984 661 4037 onim
683 3984 729 4039 hic
745 3986 891 4051 notentur,
914 3984 961 4054 qui
978 4002 1047 4055 pree
1064 3986 1206 4056 imperitia
1223 4006 1256 4043 ec
1274 3988 1337 4041 sim-

58 4068 193 4143 plicitate
211 4085 308 4124 cerere
326 4068 452 4124 nesciunt
470 4071 543 4123 ortes
560 4068 759 4124 seducentium.
790 4069 858 4124 Cum
876 4069 918 4124 his
930 4070 1024 4125 mitius
1038 4071 1178 4141 egendum
1191 4089 1251 4128 csse
1264 4090 1336 4127 nunc

57 4153 216 4210 Hormisde
233 4154 323 4209 docet.

135 4242 168 4308 ¹⁰)
187 4242 211 4296 c¹
225 4244 251 4295 ε’
268 4252 295 4295 el
317 4253 435 4295 caeterae
459 4246 593 4311 quaerelas
616 4253 660 4296 aul
677 4262 782 4296 errores
803 4248 912 4310 alicuine
930 4254 954 4297 te
973 4244 1009 4311 (0¹
1028 4245 1069 4311 eo)
1092 4248 1178 4298 culeus
1200 4249 1335 4312 expedire.

56 4328 100 4383 θ’
115 4328 142 4381 a'
156 4326 175 4380 b
189 4342 224 4381 co
240 4332 306 4380 citra
325 4333 452 4396 querelam
470 4339 514 4381 unt
531 4333 630 4381 crrorir
641 4333 750 4394 alicujus
762 4347 864 4381 noenum
877 4335 959 4383 ualeat
971 4335 1100 4397 κεφαλαί.
1124 4328 1237 4397 Legisse
1250 4328 1336 4384 etiam

54 4410 178 4467 videtur
193 4410 332 4482 interpres
351 4429 467 4482 graecus
484 4419 568 4466 valeat
585 4419 714 4482 cupediri.
750 4413 846 4467 Potior
863 4413 958 4467 temen
977 4414 1020 4468 cst
1041 4411 1124 4468 lectio
1142 4412 1191 4467 Ji*
1210 4429 1278 4482 quos
1295 4431 1336 4468 sc·

53 4496 186 4569 quimur.
223 4496 345 4553 Subinde
364 4499 422 4552 u¹b
441 4511 467 4552 et
483 4505 509 4552 in
527 4503 583 4552 loc.

133 4584 167 4652 ¹¹)
185 4585 210 4637 c¹
223 4586 249 4637 0¹
258 4591 469 4653 praevidendum,
488 4587 513 4638 ω’
529 4584 615 4653 bouq.
629 4590 801 4652 providenda,
817 4584 851 4639 (¹1¹
863 4591 1030 4654 procidendi:
1043 4584 1221 4656 corriguntur
1233 4602 1266 4640 ex
1278 4585 1295 4639 J
1306 4585 1336 4653 i¹,

51 4666 167 4742 quibus
185 4670 214 4723 et
231 4686 361 4739 graccum
380 4672 557 4739 sutl'rngnlur.
