3412 5664
195 205 261 271 424
668 213 855 266 s.oanas11
876 214 992 265 sarrs

157 375 402 458 ›qvidebanturz
424 373 548 438 nullum
569 369 739 436 discrimen
761 371 928 459 rcrum¹¹),
951 370 1043 436 nulla
1065 369 1262 439 examinatio
1282 372 1404 458 posterla

196 483 251 545 tur
271 477 448 560 Ecclesiam
483 475 538 539 sed
563 476 658 559 prout
685 473 724 538 de
732 472 771 558 ¹²)
798 494 988 559 unoquoque
1014 473 1158 540 venisset
1177 474 1214 541 in
1234 478 1404 563 mentem,

197 582 263 647 suis
285 580 416 645 urbibus
438 576 613 643 catholicus
640 576 821 660 pellebatur
842 577 1027 662 episcopus,
1056 598 1123 642 non
1149 576 1255 643 solum
1281 580 1404 667 mehop

197 688 309 767 tanus,
323 680 392 746 'sed
414 681 511 744 etiam
532 678 647 744 tertiae
669 682 702 744 et
729 679 886 744 secundae
914 679 997 744 sedis
1020 679 1194 745 antistites.
1239 679 1281 746 In
1301 681 1354 747 his
1372 704 1404 751 ni

198 808 303 851 rerum
324 782 495 868 vestigatio
503 781 541 869 ¹³)
564 781 786 866 quaerebatur,
810 781 900 847 nulla
920 781 1071 847 facienda
1086 782 1224 848 eoncilia
1241 783 1404 868 jactabant

198 886 462 972 Subrogabantur
483 882 647 968 haeretici,
670 905 764 948 nemo
786 883 980 950 resultabat:
1003 885 1059 949 sed
1080 884 1169 950 velut
1189 887 1282 951 muta
1295 908 1403 971 perere

198 990 379 1075 captionem
402 987 513 1071 ducta,
541 986 676 1050 subditis
698 985 917 1051 voluntatibus
939 985 1106 1070 perfidiam
1127 987 1346 1055 sectabantur.
1384 988 1404 1055 n

198 1093 313 1158 mirum
334 1089 477 1176 quidem,
506 1088 533 1151 si
555 1110 641 1153 nunc
664 1110 717 1153 eos
739 1087 910 1155 defendere
931 1088 1122 1174 moliantur,
1151 1111 1289 1175 quornm
1309 1091 1404 1158 indiae

198 1217 266 1259 sam
295 1192 445 1276 caecis¹⁴)
473 1191 634 1256 mentibus
662 1191 761 1256 secuti
791 1194 868 1256 sunt
895 1191 1063 1256 vilitatem.
1114 1191 1177 1258 Sed
1204 1191 1373 1279 miramur,
1402 1225 1404 1251 ι

198 1319 251 1362 eos
273 1316 338 1362 non
361 1294 480 1378 pudeat
501 1295 536 1358 in
558 1293 693 1357 istorum
714 1293 920 1359 damnatione
942 1294 981 1358 de
1003 1293 1125 1378 synodo
1140 1316 1209 1360 non
1223 1294 1313 1362 facta
1327 1317 1404 1363 cans

199 1420 295 1484 quum
317 1396 428 1461 'sciant
449 1399 499 1461 tot
526 1398 696 1480 tantosque
723 1395 892 1480 pontifices
920 1395 1010 1460 nulla
1037 1396 1159 1481 synodo
1179 1395 1283 1463 fiiisse
1304 1398 1404 1484 depuli

198 1501 285 1587 ln¹⁵)
307 1501 443 1564 istorum
463 1497 637 1583 rejectione
658 1497 697 1562 de
719 1519 784 1562 non
806 1497 889 1562 inito
911 1497 1047 1564 concilio
1064 1502 1319 1584 conqueruntur:
1347 1522 1404 1588 cog

198 1606 292 1669 soant
314 1623 364 1686 se,
393 1623 450 1667 our
471 1622 537 1666 non
559 1604 592 1666 et
612 1598 673 1664 hoc
694 1601 729 1665 in
752 1600 888 1665 aliorum
914 1601 1089 1686 rejectione
1111 1601 1345 1688 quaesiverint,
1372 1625 1404 1670 ac

199 1705 274 1770 sari.
319 1703 352 1769 si
362 1704 399 1786 10)
427 1724 502 1768 vero
533 1702 568 1767 in
604 1705 781 1768 ceterorum
813 1703 987 1788 rejectione
1021 1702 1157 1768 concilia
1189 1704 1404 1771 necessarior

198 1808 340 1891 fuenmt,
363 1827 422 1872 nec
444 1805 571 1870 inistis
592 1804 893 1870 neeessariafuisse
915 1808 1122 1891 cognoscant.
1161 1806 1217 1871 An
1237 1804 1273 1871 in
1295 1807 1404 1873 cathol

199 1931 269 1973 rum
292 1908 469 1993 dejectione
496 1928 563 1971 non
590 1907 654 1972 fuit
679 1928 759 1992 opus
781 1908 918 1993 synodo,
956 1912 990 1973 et
1015 1908 1078 1973 fuit
1109 1929 1307 1994 magnopere
1333 1930 1404 1997 eom

200 2011 308 2097 ganda
329 2011 364 2074 in
386 2009 650 2094 praevaricatoris
672 2009 879 2075 damnatione
901 2008 1064 2076 confessi?

284 2115 314 2179 3.
352 2111 435 2189 Quid
467 2112 567 2198 igitur
597 2115 714 2195 restat,
747 2098 812 2177 nisi
839 2116 877 2177 ut
902 2112 1013 2178 dicant
1045 2111 1224 2178 haereticos
1251 2133 1320 2178 non
1345 2113 1404 2179 tuis

200 2216 275 2281 Non
303 2236 379 2301 ergo
406 2215 445 2279 de
472 2214 593 2299 synodo
615 2223 852 2299 conquerantur
861 2214 900 2299 11)
907 2264 916 2300 ,
955 2215 1008 2300 qui
1036 2236 1070 2280 se
1097 2214 1207 2301 palam
1227 2216 1404 2300 {communie

202 2322 352 2383 externae
374 2316 547 2402 perhibent
568 2320 750 2382 sectatores.
784 2315 849 2383 Gur
863 2337 941 2402 ergo
956 2317 1001 2381 eis
1017 2317 1156 2403 synodus
1171 2317 1354 2383 necessaria
1367 2317 1404 2383 fn

200 2420 355 2503 videatur,
380 2419 434 2503 qui
456 2441 490 2483 se
512 2422 624 2484 contra
640 2417 932 2484 Calchedonensem
952 2418 1110 2503 synodum
1130 2419 1241 2485 venire
1255 2442 1404 2506 cognosci

133 2563 137 2571 ·
200 2545 264 2609 qua
286 2521 508 2607 Eutychianus
530 2542 618 2585 error
640 2543 712 2585 cum
734 2522 799 2585 suis
822 2520 1004 2585 auctoribus
1027 2521 1188 2607 generalis
1203 2519 1404 2589 Ecclesiaes

201 2625 372 2691 damnatus
394 2622 467 2689 est?
509 2622 578 2688 Neo
600 2623 740 2706 dubium,
770 2622 864 2707 quod,
894 2622 1025 2710 sicut¹⁸)
1053 2623 1089 2688 in
1116 2645 1309 2710 unaqmne
1329 2624 1404 2692 haer

202 2728 299 2814 (quod
321 2725 555 2791 incessabiliter
576 2726 785 2810 repetendum
801 2728 859 2807 est,
884 2725 959 2809 quia
974 2726 1100 2790 firmum
1122 2747 1192 2791 esse
1206 2725 1315 2792 nullus
1329 2726 1399 2793 amb

202 2814 429 2914 Christianus),
453 2850 563 2893 omnes
584 2827 764 2912 complices,
788 2830 971 2911 sectatores,
996 2828 1282 2894 communicatores
1296 2829 1390 2896 mma

201 2932 299 2998 semel
325 2930 493 3016 pravitatis
520 2930 591 3015 pari
618 2932 704 2994 sorte
733 2933 914 2994 censentur.
959 2929 1097 3015 Ideoque
1118 2929 1162 2995 sit
1189 2951 1381 3016 wmequem

201 3035 284 3100 sicut
298 3032 483 3098 Timotheus
505 3036 600 3117 atque
615 3031 729 3097 Petrus
751 3031 865 3096 talium
883 3035 1056 3097 sectatores
1072 3032 1247 3098 secundum
1269 3032 1357 3099 illius

201 3158 269 3202 rem
301 3135 413 3219 synodi
441 3134 531 3199 nulla
559 3133 681 3201 recenti
707 3134 795 3199 fecta
824 3134 1012 3218 pontificum
1039 3135 1293 3221 congregatione
1324 3134 1362 3202 da

273 3340 303 3408 ¹¹)
320 3338 397 3393 D⁶d¹
416 3343 466 3401 rei,
490 3336 537 3405 qui
559 3338 653 3392 tamen
675 3356 740 3394 mox
762 3359 846 3393 rerum
863 3344 995 3406 vestigatio
1019 3338 1201 3394 retiuuemnt.
1235 3338 1345 3395 Utrobio

203 3424 331 3478 constant
345 3440 424 3489 mse.;
442 3440 533 3491 neque
550 3439 616 3478 vero
635 3425 669 3479 de
687 3441 742 3478 uno
759 3424 868 3478 tantum
887 3422 1031 3493 episcopo,
1053 3423 1102 3478 sed
1120 3425 1155 3480 de
1172 3423 1300 3495 pluribus
1317 3442 1334 3481 c

203 3509 285 3564 bibus
302 3507 421 3578 expulsis
439 3507 626 3577 expostulatio
644 3509 693 3562 est.

270 3594 301 3660 ¹¹)
320 3594 353 3647 0¹
367 3591 439 3646 0101
457 3598 588 3663 unamque
607 3594 714 3647 etcum
733 3596 1106 3649 010100010000100000100.

271 3679 302 3744 11)
320 3676 393 3731 0101
410 3682 581 3746 investigatio,
600 3693 719 3746 moxque
736 3679 773 3732 00
790 3681 955 3734 mausona
973 3679 1002 3732 et
1019 3680 1058 3732 010
1073 3682 1252 3749 subrepentia.

272 3764 302 3830 11)
320 3762 365 3817 lta
380 3762 414 3815 1>¹
427 3762 464 3816 01
475 3761 510 3816 Fi
522 3762 562 3816 1⁴²⁰
574 3763 623 3830 N⁸3
641 3763 761 3818 010101
780 3784 797 3817 a
814 3754 865 3819 sc'r‘s
881 3767 1010 3828 mentitas,
1028 3780 1148 3833 moxque
1165 3767 1308 3822 00010100

203 3847 231 3902 d¹
249 3854 399 3903 commem
470 3853 545 3902 edam
561 3869 615 3904 cum
631 3855 721 3904 seiont.

272 3932 302 4000 11)
320 3933 346 3986 01
358 3935 384 3986 01
396 3935 434 3986 010
450 3932 557 3988 addunt
577 3939 601 3988 ri
617 3935 652 4001 (01
671 3939 697 3987 in
715 3939 817 3988 istorum
840 3939 1006 4001 dejectionem
1023 3940 1047 3989 ri
1062 3938 1115 4002 de).
1150 3936 1258 3992 Deinde
1276 3954 1291 3991 c

251 4029 405 4086 capuceum
422 4036 490 4087 erpo.
519 4017 658 4074 Orationis
676 4017 823 4087 integritas
841 4034 897 4072 non
908 4019 1010 4085 decrit,
1029 4018 1051 4072 si
1068 4038 1120 4090 pro
1132 4041 1282 4091 conquerens

203 4122 257 4158 m
272 4112 479 4257 atedttnttrniittit
495 4188 603 4257 reliqua
619 4187 702 4257 hujus
720 4205 793 4242 num.
813 4195 836 4247 2.
873 4190 904 4243 ln
921 4189 1100 4257 sequentibus
1117 4190 1258 4247 010100

204 4278 270 4329 nodo

272 4360 303 4426 ¹⁷)
320 4357 349 4412 d¹
367 4369 555 4428 conqueruntur
625 4365 740 4417 nactur.-
758 4365 784 4414 00
797 4363 822 4413 00
835 4361 872 4413 010
890 4361 983 4414 autern
1001 4360 1106 4415 ibidem
1119 4366 1170 4415 Car
1182 4369 1247 4417 000·οι

203 4444 233 4498 (11
245 4444 276 4499 <1¹
292 4453 383 4498 contra
401 4446 626 4499 Calchedonem
644 4450 748 4501 venisse.
778 4444 924 4512 Sequimur
941 4445 970 4498 in
987 4445 1126 4515 prioribus
1143 4465 1199 4502 mss
1216 4448 1241 4502 Ι)

204 4529 286 4584 Ν101
300 4527 342 4585 01.
380 4529 499 4598 Moxque
516 4527 635 4584 010101
654 4540 815 4600 0090000000.
852 4534 918 4596 Quid
935 4535 1121 4601 Eurycliam,
1145 4551 1179 4587 ac
1196 4532 1239 4588 dci

204 4633 258 4667 cum
274 4617 419 4670 auctoritas
435 4620 550 4684 amali
567 4618 699 4670 Ecclesiae
716 4636 776 4671 soce
794 4618 841 4684 (D⁵
858 4621 996 4681 vocabulo).

274 4702 303 4767 10)
321 4699 373 4754 Hic
394 4699 547 4755 subticetur
564 4703 722 4770 Eutycldmo
740 4722 830 4757 errore
848 4723 900 4755 cam
922 4708 974 4756 sais
997 4707 1142 4758 asertoribus
1164 4709 1221 4757 dcun

204 4780 329 4839 removet
345 4791 424 4847 elcut,
442 4786 471 4839 et
487 4800 552 4839 mox
570 4787 595 4839 01
614 4803 689 4854 seqq.
721 4790 835 4856 Ideoque
850 4795 889 4853 fit.
