3412 5664
558 138 728 189 semrom
754 128 825 186 131.
1264 126 1326 190 953

39 296 82 360 et
105 293 263 359 unitionis
285 294 470 358 sanctarum
492 294 698 358 ecclesiarum
720 293 994 358 monstrabuntur.
1028 291 1124 377 Quos,
1148 315 1323 380 speramus,
1338 304 1450 370 (as-ro.)

36 396 212 462 laetantes
233 397 269 461 in
283 395 422 461 Domino
444 400 477 461 et
497 418 610 481 pacem
632 395 844 460 desideratam
865 395 1064 480 nuntiantes,
1089 396 1129 461 ad
1150 419 1208 461 nos
1231 396 1325 462 citius

35 499 167 564 vestris
189 498 257 564 Deo
279 498 469 563 amabilibus
497 497 745 562 correctionibus
753 498 780 583 ⁸)
810 497 938 562 edoctos
966 519 1109 563 remeare
1132 498 1322 584 dignemini.

37 601 191 667 Omnem
212 602 246 665 in
269 600 396 667 Christo
416 601 655 665 fraternitatem
676 621 735 664 nos
757 621 881 685 quoquc
910 603 942 664 et
969 601 1023 685 qui
1052 600 1220 666 nobiscum
1249 605 1325 667 sunt

37 703 225 792 plurimum
247 703 433 768 salutamus.

529 861 571 921 nt
592 859 842 938 subscriptiones.

142 976 339 1063 Theophilus
378 975 594 1040 misericordia
628 974 688 1039 Dei
728 975 894 1059 episcopus
927 974 1146 1042 Heracliensis
1185 977 1325 1042 civitatis

42 1078 338 1164 metropolitanus,
369 1077 572 1143 subscribens
600 1077 635 1141 in
662 1076 883 1161 synodalibus,
913 1076 1017 1142 saluto
1039 1100 1095 1142 vos
1116 1080 1152 1143 in
1174 1078 1323 1163 Domine,

43 1182 195 1247 domine.

138 1282 313 1348 Basiliscus
340 1282 556 1348 misericordia
578 1281 639 1347 Dei
667 1282 833 1367 episcopus
862 1281 1120 1368 Cyzinensiuml)
1143 1283 1325 1368 metropoli-

44 1389 153 1452 tanus
176 1389 213 1450 ut
233 1407 339 1470 supra.

139 1486 323 1572 Stephanus
349 1487 567 1552 misericordia
594 1486 652 1551 Dei
688 1487 855 1571 episcopus
883 1485 1178 1551 Nicomediensium
1209 1491 1325 1554 metro·

45 1589 217 1677 politanas
239 1593 405 1674 utsupra.

138 1691 252 1757 Esaias
279 1690 497 1756 misericordia
519 1690 579 1755 Dei
609 1691 775 1775 episcopus
804 1690 948 1755 Rhodiae
976 1690 1116 1756 civitatis
1143 1692 1325 1777 metropoli-

48 1796 151 1859 tanus
172 1798 337 1878 utsupra.

138 1895 332 1961 Anastasius
358 1895 575 1961 misericordia
602 1893 663 1959 Dei
692 1895 858 1979 episcopus
886 1893 1114 1962 Nicaeensium
1143 1898 1323 1981 metropoli-

50 2000 152 2064 tanus
173 2002 211 2063 ut
232 2019 338 2082 supra.
1432 1984 1439 2001 ’

137 2099 304 2166 Johannes
331 2099 548 2164 misericordia
574 2100 634 2165 Dei
663 2099 828 2184 episcopus
852 2098 1149 2182 Claudiopolitanae
1183 2100 1324 2166 civitatis
1377 2177 1380 2182 ¹

51 2202 237 2289 provinciae
259 2201 401 2266 Isauriae
424 2205 459 2266 ut
481 2224 589 2286 supra.

137 2302 297 2370 Paternus
318 2304 535 2368 misericordia
557 2303 617 2369 Dei
640 2303 856 2389 episcopus¹⁰)
879 2302 1063 2388 provinciae
1086 2302 1237 2389 Scythiae
1259 2328 1323 2370 me-

54 2406 269 2491 tropolitanus
291 2409 327 2470 ut
349 2428 454 2490 supra.

137 2507 321 2573 Marcianus
354 2508 571 2573 misericordia
603 2508 662 2572 Dei
697 2507 864 2592 episcopus
887 2505 1155 2572 Calchedonensis
1184 2508 1324 2573 civitatis

54 2595 320 2694 metropolitanas
342 2614 379 2674 ut
401 2632 506 2695 supra.

136 2709 297 2777 Patricius
324 2713 540 2778 misericordia
562 2712 622 2777 Dei
651 2713 817 2796 episcopus
845 2709 1153 2795 Eudoxiopolitanae
1183 2711 1323 2777 civitatis

53 2798 378 2898 metropolitauus
399 2837 506 2900 supra.

136 2915 347 3001 Polydeucius
377 2917 594 2981 misericordia
626 2915 687 2980 Dei
719 2916 886 3001 episcopus
921 2913 1146 2980 Antiochenae
1181 2916 1322 2982 civitatis

57 3017 325 3102 metropolitanus
347 3023 384 3083 ut
405 3041 512 3103 supra.

137 3118 294 3206 Eulogius
315 3121 532 3186 misericordia
547 3120 607 3184 Dei
630 3122 798 3206 episcopus
813 3119 1024 3184 Melisiecium
1047 3119 1186 3185 civitatis
1207 3124 1323 3186 metro

51 3221 216 3308 politanus
238 3226 276 3287 ut
297 3244 404 3306 supra.

137 3322 320 3408 Stephanus
352 3325 569 3390 misericordia
601 3325 660 3390 Dei
696 3325 863 3409 episcopus
893 3322 1148 3389 Philomeliensis
1182 3325 1322 3391 civitatis

50 3426 237 3512 provinciae
259 3425 398 3492 Pisidiae
420 3430 456 3492 ut
478 3450 584 3513 supra.

118 3600 141 3668 ⁸)
160 3597 265 3653 Greeee
284 3605 348 3662 ταῖς
367 3600 519 3662 παεδείαις
537 3598 628 3669 aptius
646 3597 733 3653 latine
751 3601 947 3653 frustrationibus
964 3595 1137 3651 redderetur.
1179 3596 1257 3652 Idem
1275 3597 1323 3668 qui

48 3699 136 3755 snpra
152 3681 314 3754 interpretis
330 3684 432 3754 lapsus.

118 3770 140 3837 ⁸)
150 3767 233 3823 ItaG¹
242 3792 249 3837 ;
259 3768 301 3823 ed.
309 3774 531 3839 queizr'ciueusr'uu,
542 3768 651 3824 duobus
660 3768 764 3834 verbis;
774 3766 959 3823 emendantur
968 3784 1001 3823 ex
1013 3765 1321 3838 Constantinopolitano

49 3852 168 3909 concilio
187 3869 259 3907 anno
277 3859 327 3908 sle
344 3852 454 3921 habito,
476 3852 575 3923 synodi
591 3852 660 3908 item
679 3851 1001 3923 Constantinopolitanae
1019 3853 1070 3907 sub
1087 3852 1171 3908 Mena
1182 3852 1285 3908 actioni
1296 3852 1323 3907 V

48 3939 169 4001 inserto,
189 3936 232 3992 cui
249 3937 325 3993 idem
343 3938 493 3994 subscribit
507 3944 647 3994 Basilianis
665 3945 800 4007 episcopus
813 3942 904 4007 Cyzici,
923 3954 1023 4009 greeae
1042 3939 1094 4008 τῆς
1153 3933 1322 4008 hartuicus

48 4018 261 4095 μητροπόλεως.
297 4023 431 4088 Quocirca
449 4029 627 4094 Cyzicenorum
650 4041 733 4093 quam
752 4027 949 4092 Cyzicineusium
967 4022 1119 4077 mallemus.
1154 4022 1228 4077 Nam
1243 4023 1321 4093 priua

48 4108 230 4178 vulgatorum
252 4108 384 4164 mendum
406 4125 462 4163 non
484 4109 594 4164 aliunde
617 4108 740 4179 irrepsit,
767 4125 851 4178 quam
877 4107 964 4178 quod·
978 4107 1130 4177 antiquarii
1152 4113 1195 4178 qui
1215 4123 1267 4178 pro
1290 4129 1321 4177 cy

47 4195 132 4265 (pata
144 4196 277 4258 Quiriacus
288 4210 339 4265 pro
353 4197 486 4263 Cyriacus)
505 4195 595 4250 solent
611 4193 736 4265 pingere.
765 4192 863 4248 Obiter
881 4193 1007 4259 observo,
1026 4209 1059 4247 cx
1070 4192 1144 4246 infra
1156 4192 1321 4268 subscriptis

45 4276 189 4350 episcopis
216 4278 301 4334 etiam
323 4278 482 4349 supradicto
506 4278 621 4333 concilio
640 4277 947 4350 Constantinopolitano
969 4277 1020 4332 sub
1042 4277 1125 4332 Mena
1147 4276 1321 4334 subscribere

48 4368 218 4432 Theophilum
236 4367 440 4434 Heracliensem,
461 4370 622 4419 Anastasiua
641 4369 819 4431 Nieaceasem,
839 4368 999 4418 Marcianum
1016 4366 1258 4433 Caictedaaensem,
1276 4368 1321 4418 Ja-

43 4454 158 4505 danaem
175 4453 432 4516 Claauliopoiitaaum,
458 4454 565 4504 l'lracam
584 4454 725 4504 Dardanae
748 4461 773 4503 et
792 4454 951 4504 Marcianum
970 4453 1122 4502 Marcianas
1140 4452 1249 4503 cauam
1267 4454 1319 4518 epi-

132 4554 154 4588 s.

41 4553 153 4688 mh)
170 4618 196 4672 Is
214 4620 256 4673 est
277 4623 422 4674 Tomitanae
441 4626 550 4675 ciuitatis
567 4627 713 4689 episcopus,
733 4637 816 4690 quern
833 4637 851 4676 a
868 4618 978 4690 Scythis
995 4618 1137 4675 monachis
1154 4617 1320 4675 nominatim

39 4702 212 4762 accusatum
231 4702 386 4760 dannanus
405 4704 527 4779 sociique
544 4705 632 4776 legati
650 4704 729 4776 epist.
750 4712 782 4762 'le
800 4724 826 4761 n.
846 4714 861 4762 3
879 4704 1015 4761 nuntiant.
