3450 5678
355 302 418 369 882
794 324 822 373 s.
839 323 1049 375 normanna
1069 324 1185 373 narra

248 484 342 533 aeth.
355 494 389 539 se
410 473 528 539 oblivio
549 475 755 541 mortalitatis
783 476 971 562 interserat,
1000 480 1055 545 sed
1082 502 1161 565 quos
1182 479 1372 545 Divinitatis
1397 480 1508 565 gratia
1537 480 1636 557 sub't

352 576 569 661 perpetuitate
592 578 773 643 confirmet:
796 584 829 643 et
851 581 939 645 vobis
961 603 1085 666 quoque
1108 582 1254 647 eoelestis
1276 582 1549 647 remunerationis
1567 606 1633 647 non

352 679 455 745 deerit
469 680 656 764 praemium,
680 682 734 765 qui
757 681 925 764 adjuvistis
946 683 1022 747 boni
1044 684 1201 769 principis
1222 685 1425 767 institutum,
1452 688 1555 769 atque
1577 684 1634 749 oh

352 783 462 867 sequio
489 784 692 847 corruenienti
715 784 872 849 desiderio
892 783 1056 850 horrorem
1078 786 1312 871 segregationis
1338 786 1463 852 fecistis
1489 786 1632 851 excludi.

254 862 335 991 ¹1⁰2,
350 888 533 950 Benedictus
558 890 705 949 Dominus
732 890 812 950 Dens
839 898 956 966 noster,
989 895 1043 968 qai
1070 895 1200 954 visitavit
1227 900 1257 953 et
1279 892 1359 965 fecit
1390 894 1632 969 redemptionem

344 992 443 1065 plebis
464 996 555 1053 snae!

432 1090 464 1153 2.
500 1088 653 1173 Superest
673 1112 771 1173 nuria,
795 1095 832 1155 ut
853 1091 928 1175 quia
948 1092 1038 1156 vobis
1060 1092 1242 1176 hujusmodi
1263 1093 1406 1158 officium
1429 1096 1558 1159 eertum
1580 1100 1629 1159 est

349 1192 549 1275 providentia
578 1191 767 1257 Divinitatis
794 1192 992 1276 injunctum,
1021 1195 1217 1279 accingatis,
1251 1198 1289 1259 ut
1316 1196 1379 1279 ait,
1413 1195 1559 1279 lumbos,
1597 1202 1629 1261 et

348 1295 501 1378 pacificae
529 1294 762 1359 adhortationis
789 1295 910 1360 uiribus
938 1297 1192 1381 persequamini,
1222 1320 1243 1360 a
1271 1298 1386 1382 quibus
1414 1320 1532 1381 pacem
1561 1320 1627 1363 uon

348 1396 464 1461 videtis
485 1396 635 1481 agnosci,
666 1396 805 1461 maxime
826 1398 902 1481 quia
920 1399 1049 1487 gratiae
1070 1399 1193 1484 gloriae
1215 1404 1340 1463 vestrae
1366 1398 1570 1481 detrahitur,
1601 1402 1628 1465 si

346 1497 424 1583 quid
445 1499 479 1562 in
501 1498 562 1563 hac
585 1521 680 1563 causa
701 1498 800 1562 luerit
822 1500 928 1564 minus
946 1500 1124 1585 impletum.
1164 1500 1407 1585 Circumspicite
1421 1502 1536 1565 omnia
1551 1502 1627 1573 fide.

346 1622 410 1683 qua
431 1601 554 1685 vivitis,
588 1604 621 1664 et
648 1600 818 1685 diligentia
846 1624 909 1686 qua
937 1601 1054 1687 viget-is
1075 1603 1234 1667 occurrite
1255 1602 1404 1667 omnihus
1425 1603 1627 1673 incursibus.

231 1762 251 1815 Ρ
266 1763 303 1817 ὼ
345 1702 460 1787 quibus
481 1702 648 1787 religionis
670 1703 873 1769 Christianae
904 1704 1120 1768 reverentiam
1147 1704 1262 1769 videtis
1292 1726 1361 1769 esse
1388 1708 1560 1789 vexatam,
1592 1714 1628 1771 ut

238 1782 330 1889 ἦρξ’
345 1804 520 1870 instantiae
543 1808 667 1870 vestrae
688 1805 771 1869 bene
793 1806 951 1888 possimus
978 1828 1050 1869 curn
1078 1806 1292 1871 exsultatione
1319 1806 1441 1871 dicere:
1488 1812 1626 1873 Remini-

343 1920 467 1972 scentnr
488 1919 518 1972 et
539 1920 753 1973 concertentnr
775 1914 819 1971 od
838 1912 996 1972 Dominam
1022 1929 1121 1973 omnes
1144 1916 1222 1985 fines
1248 1920 1360 1971 terrae.
1405 1906 1499 1983 Quae
1527 1932 1627 1995 quarn

345 2010 392 2073 ita
414 2010 495 2093 sint,
525 2032 581 2074 vos
604 2010 659 2093 qui
681 2008 845 2073 Ecclesiae
867 2009 1045 2074 catholicae
1067 2008 1296 2093 tranquillitati
1323 2008 1448 2073 fecistis
1479 2012 1626 2081 initium.

342 2132 513 2195 procurare
536 2111 628 2175 decet
650 2111 812 2175 effectum:
835 2133 901 2175 non
925 2112 1027 2176 deerit
1049 2112 1225 2177 Salvatoris
1247 2112 1351 2175 nostri
1373 2112 1469 2175 favor
1492 2114 1529 2177 in
1553 2138 1626 2199 per·

342 2214 499 2297 lectione,
537 2214 592 2297 qui
625 2213 713 2277 robis
747 2212 808 2278 hoc
840 2235 920 2297 opus
951 2212 1122 2297 inspiravit
1154 2214 1306 2297 incipere.
1362 2212 1450 2277 llata
1491 2217 1627 2280 consule

342 2316 541 2399 suprascript
564 2366 571 2379 .

845 2502 1026 2604 Epistola
1052 2504 1108 2585 82.

201 2634 331 2771 (qqss‘fql
372 2654 584 2721 llormisdae
609 2670 719 2738 papae
741 2654 785 2720 acl
807 2671 999 2822 personami
1016 2654 1205 2821 quamdam
1226 2654 1464 2737 spectabilem
1488 2658 1599 2727 aulae

866 2758 984 2840 imper
1001 2776 1022 2822 a
1039 2758 1082 2822 is.

443 2899 554 2963 Legatos
571 2901 659 2949 muros
677 2900 702 2947 in
720 2914 800 2963 opere
816 2913 863 2947 aira
881 2900 952 2962 opaci
968 2900 1147 2963 imperatorem
1163 2898 1325 2962 ncflunandor
1342 2902 1517 2951 commendat.
1634 2926 1652 2976 l.
1672 2914 1712 2961 ιη

494 3030 709 3095 llormisda.

229 3167 324 3229 apro.
423 3154 527 3225 Quina
550 3172 680 3213 necesse
701 3150 801 3214 fuerit
828 3150 948 3234 scripta
975 3149 1104 3214 donuno
1132 3148 1196 3213 lilia
1224 3152 1334 3212 nostro
1362 3148 1627 3219 clementiss'uno

339 3252 479 3335 principi
500 3252 666 3331 destinari,
691 3251 936 3335 amplitudinem
958 3254 1098 3317 vestram
1120 3250 1249 3316 silentio
1270 3250 1449 3335 praeterire
1476 3258 1628 3341 nequiui-

339 3376 417 3419 mus.
458 3354 503 3419 Er.
525 3354 596 3419 ideo
619 3354 824 3418 salutationis
846 3352 1124 3418 honorificentiam
1145 3352 1403 3437 praeloquentes,
1427 3378 1487 3419 eos
1512 3359 1626 3443 quiin

338 3478 405 3521 rem
431 3456 584 3521 destinati
612 3459 689 3520 sunt
718 3456 990 3538 commendamus,
1018 3455 1234 3539 postulantes,
1270 3458 1306 3518 ut
1333 3452 1480 3519 Domino
1511 3466 1627 3525 noso·

337 3561 466 3623 auctore
489 3560 547 3623 sab
569 3563 675 3622 vestra
701 3558 909 3641 dispositione
938 3557 1083 3623 celeriter
1111 3558 1184 3641 ad¹)
1213 3556 1375 3619 destinata
1405 3562 1626 3641 perveniant:

336 3664 373 3723 nt
394 3662 628 3725 sacratissimus
651 3664 684 3723 et
705 3660 965 3746 religiosissimus
987 3660 1162 3743 imperator
1183 3658 1369 3721 nteritorrmr
1394 3680 1537 3727 sirtirnnr
1558 3666 1626 3747 glo-

335 3762 416 3825 riani
439 3765 540 3847 possit
562 3764 631 3826 sine
653 3762 806 3829 dilatione
830 3783 1030 3847 cognoscere.

836 3947 1016 4051 Epistola
1042 3950 1101 4031 83.

644 4100 854 4168 hormisdae
878 4119 987 4185 papae
1009 4101 1051 4167 ad
1075 4098 1296 4184 l’ornpejunr.

413 4244 447 4293 tr
464 4260 495 4293 ea
513 4246 658 4295 oiacccitnte.
678 4260 727 4308 qan
744 4244 818 4307 priscis
835 4244 929 4291 iniiinnr
947 4244 1045 4291 cenauit
1051 4280 1058 4305 ,
1075 4247 1198 4305 proc-arci
1215 4250 1240 4289 c!
1257 4242 1315 4303 ry‘nr
1332 4244 1543 4305 plenitudinem.

488 4376 692 4439 llornrisdn
718 4375 907 4460 l'onrpejo.

417 4496 468 4559 lta
490 4495 667 4559 devotionis
690 4499 818 4559 nostrae
846 4496 987 4558 arnmurn
1016 4493 1135 4579 gaudio
1162 4492 1351 4557 concordiae
1381 4498 1538 4565 laternnr
1570 4506 1624 4567 irn-

332 4597 465 4681 pleturn,
490 4604 525 4661 nl.
549 4597 636 4687 nulla
659 4598 824 4661 credamus
847 4598 944 4660 verba
966 4598 1123 4677 snl'llcere,
1147 4596 1263 4679 quihus
1285 4596 1359 4659 tidci
1380 4606 1520 4667 restrae
1538 4610 1624 4691 priri-

398 4822 420 4865 ἰ
439 4820 488 4871 lid.
508 4840 594 4887 snper.
633 4818 737 4872 lleirnle
754 4820 787 4867 ll¹
807 4824 893 4887 piritio
910 4826 1009 4885 gloriae
1080 4822 1139 4871 honi
1154 4823 1287 4887 pransitans.

330 4910 362 4955 δι’
401 4908 418 4961 'i
439 4904 480 4957 lta
497 4904 609 4957 indubie
627 4904 808 4959 correximus.
826 4902 900 4969 qnod
919 4902 945 4954 in
963 4906 984 4953 ti
1007 4915 1040 4957 ni.
