3412 5664
289 119 351 185 138
772 131 800 178 s.
815 127 939 177 ninam
960 127 1075 177 saraa

182 305 276 353 ause.
288 287 402 374 gnatio
424 287 576 370 ostendit,
598 283 766 351 sanctitati
788 285 863 347 tuae
885 281 1033 347 duximus
1054 280 1246 348 indicanda:
1268 283 1305 347 ut
1324 280 1397 367 ipse
1422 281 1510 367 prim
1522 300 1612 351 υ

289 414 347 475 pro
369 413 417 473 eo,
440 412 534 475 quem
556 387 649 454 nobis
671 386 809 451 invicem
830 406 956 470 semper
970 383 1197 469 impendimus,
1218 386 1408 468 praestante
1421 382 1612 453 Domifl

289 493 419 558 laeteris
442 492 573 573 affectu3
596 489 710 553 deinde
731 492 769 552 ut
790 486 998 570 dispositione
1019 490 1094 551 tuae
1109 484 1326 551 fraternitatis
1339 485 1491 553 omnibus
1507 493 1612 573 pa

289 595 471 661 universam
501 592 699 677 provinciam
727 589 883 654 fratribus
905 590 938 653 et
960 587 1239 654 consacerdotibus
1261 587 1456 671 innotescat,
1478 568 1609 674 quo‘l

289 696 503 762 humilitatem
524 714 629 758 meam
651 692 782 757 dextera
796 690 928 756 Domini
949 690 1080 756 visitare
1101 690 1238 777 dignata
1257 690 1312 775 sit,
1335 692 1370 755 et
1391 688 1473 755 mihi
1486 688 1603 776 apd

289 799 420 864 stolicae
446 797 529 861 sedis
556 794 702 880 regimen
728 815 796 857 non
823 814 881 877 pro
909 792 1024 858 merito
1051 793 1108 859 sed
1134 812 1292 878 prosuae
1311 791 1441 879 gratiae
1461 792 1601 859 abun·

290 898 477 965 dantissima
498 897 650 982 largitate
673 894 877 961 commiserit.

372 1002 403 1065 2.
441 999 591 1082 Proinde,
614 998 716 1064 frater
739 997 912 1080 carissime,
936 997 1020 1082 quod
1041 996 1207 1062 sanctitati
1228 998 1304 1061 tuae
1318 997 1483 1081 praesenti
1495 986 1609 1063 serf

287 1125 382 1168 mone
409 1100 635 1186 patefecimus,
664 1099 733 1185 in³)
757 1099 900 1163 omnium
927 1098 1083 1182 fratrum,
1116 1098 1384 1184 quemadmodum
1410 1098 1543 1183 diximus,

287 1204 437 1270 notitiam
470 1202 613 1288 perferre
642 1200 843 1287 dignaberis,
872 1204 910 1266 ut
936 1200 1147 1286 supplicaturi
1175 1198 1315 1265 Domino
1340 1204 1454 1267 nostro
1481 1201 1547 1267 lesu

287 1305 426 1389 Christo,
451 1305 535 1369 sicut
557 1303 779 1369 exsultationis
801 1303 918 1389 gaudia
939 1304 987 1368 ita
1008 1303 1177 1387 profutura
1198 1302 1373 1369 universali
1394 1302 1549 1369 Ecclesiae

287 1409 467 1473 orationum
489 1428 617 1471 suarum
640 1405 733 1470 nobis
755 1408 830 1471 vota
853 1404 1063 1490 conjungant.
1098 1404 1186 1470 Deus
1200 1408 1233 1470 te
1247 1405 1442 1471 incolumem
1457 1410 1552 1471 custo

286 1510 364 1593 diat,
387 1510 489 1573 frater
512 1508 685 1573 carissime.
724 1507 810 1572 Data
831 1506 946 1592 vinu
961 1506 1120 1574 Calendas
1141 1504 1332 1573 Februarias
1353 1506 1486 1573 domino
1505 1506 1554 1573 Se

287 1633 362 1677 vero
384 1612 533 1696 Augusto
555 1608 695 1675 conside.

802 1794 984 1899 Epistola
1009 1796 1043 1879 5.

179 1977 272 2025 aeae.
424 1949 569 2017 Leontii
592 1948 748 2033 episcopi
773 1946 1000 2015 Arelatensis
1021 1947 1065 2015 ad
1086 1948 1258 2015 Hilarum
1280 1967 1421 2033 papam.

337 2091 432 2141 Hilaro
449 2092 619 2154 desuscepto
636 2090 785 2153 pontificatu
801 2090 948 2151 mulctatur
965 2096 992 2139 et
1002 2089 1069 2152 jura
1086 2104 1149 2140 suae
1167 2091 1290 2140 ecclesiae
1307 2094 1508 2144 recommendet.
1573 2096 1612 2159 pl

374 2225 402 2287 1.
441 2221 532 2298 Quod
550 2220 689 2286 Leonem
711 2221 948 2286 sanctissimum
971 2221 1247 2305 praedecessorem
1268 2224 1359 2287 tuum
1380 2246 1471 2289 mors
1493 2224 1567 2291 abs·

133 2386 139 2399 ,
171 2372 180 2405 ,
287 2325 399 2390 tulerit
426 2327 539 2388 contra
566 2322 713 2388 haereses
740 2323 966 2408 invigilantem
998 2325 1032 2388 et
1051 2322 1164 2389 lolium
1185 2324 1220 2389 in
1243 2344 1323 2409 agro
1341 2323 1480 2392 Domini
1501 2326 1567 2395 beu

1 2441 10 2451 ·’
53 2432 75 2513 '2
109 2402 143 2515 ¹¹³
161 2416 193 2517 ‘K
289 2426 385 2491 nimis
407 2426 564 2490 fruticans
586 2426 812 2508 eradicantem,
837 2425 994 2509 dolemus,
1026 2426 1109 2510 quod
1131 2426 1171 2491 de
1192 2428 1249 2491 tua
1270 2426 1450 2493 sanctitate
1472 2450 1568 2515 repa·

1 2513 2 2520 ἵ
42 2508 45 2515 ’
73 2520 78 2547 ³
189 2510 209 2543 ‘¹
285 2527 419 2610 raverit,
460 2527 669 2614 gratulamur.
725 2526 810 2591 Nam
845 2527 965 2611 gaudet
1001 2527 1086 2591 filius
1122 2529 1161 2593 de
1197 2527 1319 2595 honore
1356 2530 1493 2617 matris,
1533 2537 1570 2601 et

284 2653 381 2715 quum
410 2629 545 2695 ecclesia
572 2627 718 2693 Romana
745 2629 790 2693 sit
818 2629 960 2693 omnium
988 2634 1101 2713 mater,
1130 2629 1194 2695 fuit
1219 2630 1313 2695 nobis
1338 2631 1568 2721 gaudendum,

285 2733 367 2819 quod
406 2732 441 2796 in
482 2734 576 2796 tanta
613 2730 873 2796 consternatione
913 2752 1020 2796 rerum
1060 2736 1093 2796 et
1129 2732 1318 2798 infirmitate
1358 2734 1569 2803 saeculorum

235 2829 261 2863 '¹¹
284 2857 380 2920 super
407 2856 478 2899 earn
504 2837 537 2898 te
560 2834 706 2916 erexerit,
735 2836 772 2897 ut
791 2839 915 2913 judices
939 2839 1072 2914 populos
1103 2840 1135 2898 ia
1163 2841 1374 2916 aequilateri
1399 2850 1513 2917 centes
1534 2846 1569 2907 ia

284 2949 371 3003 terra
393 2943 523 3016 dirigas.
569 2935 663 3002 Unde
685 2958 782 3021 quum
803 2934 896 2999 nobis
918 2936 1051 2999 nuntius
1073 2935 1127 3001 ille
1149 2958 1207 3021 per
1224 2935 1440 3003 concordium
1462 2940 1569 3007 eccle·

284 3040 350 3103 siae
377 3042 507 3101 nostrae
529 3037 709 3121 diaconum,
739 3037 793 3122 qui
815 3039 894 3102 tunc
921 3041 1166 3120 praesenserat
1197 3060 1295 3124 quum
1322 3040 1485 3107 sanctitas
1506 3046 1569 3111 tim

284 3140 323 3203 ad
346 3140 378 3203 id
401 3137 532 3203 honoris
554 3139 745 3225 fastigatum
768 3139 894 3204 culmen
916 3141 1028 3203 evecta
1049 3142 1108 3223 est,
1132 3140 1252 3205 relatus
1266 3143 1326 3225 est,
1348 3143 1478 3227 gratias
1492 3142 1568 3211 Deo

283 3241 394 3304 nostro
422 3239 627 3323 reddidimus,
656 3244 688 3304 et
714 3243 748 3304 te
775 3240 971 3305 decrevimus
999 3263 1095 3325 quam
1122 3242 1261 3326 primum
1282 3243 1345 3309 beo
1365 3243 1567 3313 humilitatis

284 3343 413 3405 nostrae
435 3339 571 3425 epistola
597 3342 753 3407 salutare:
781 3345 818 3406 ut
845 3343 946 3408 etsie
968 3343 1111 3427 affectus,
1142 3343 1197 3429 qui
1218 3344 1305 3409 iuter
1324 3347 1416 3411 tuam
1439 3350 1565 3415 aneu-

283 3444 384 3507 tatem
406 3443 439 3506 et
460 3462 520 3505 nos
537 3442 661 3526 jamdiu
685 3443 813 3527 coaluit,
837 3445 872 3509 in
893 3443 1033 3511 Domino
1060 3446 1319 3512 corroboraretur
1339 3449 1374 3513 et
1393 3444 1437 3512 de
1452 3452 1566 3517 cetero

284 3546 440 3629 augeatur
463 3565 535 3608 cum
557 3544 666 3609 debita
688 3547 877 3630 reverentia,
901 3570 965 3632 qua
986 3548 1079 3613 decet
1099 3548 1182 3613 filios
1203 3550 1330 3633 patrem
1350 3551 1518 3637 prosequi.

366 3646 398 3710 2.
436 3645 631 3712 Benedictus
653 3647 760 3733 itaque
783 3650 837 3733 qui
858 3649 948 3714 venit
969 3650 1003 3713 in
1026 3651 1156 3715 nomine
1177 3650 1324 3715 Domini!
1365 3649 1445 3717 Jam
1466 3652 1564 3721 forti-

282 3752 332 3812 ter
354 3748 519 3812 sanctitati
542 3752 616 3814 tuae
637 3749 852 3815 insudandum
874 3753 908 3814 et
928 3751 1146 3816 anhelandum
1167 3754 1226 3834 est,
1255 3755 1293 3816 ut
1312 3751 1397 3837 quod
1419 3756 1564 3823 sanctia

282 3848 381 3913 simus
403 3848 467 3913 Leo
488 3872 573 3935 papa
595 3853 727 3937 incepit,
757 3853 797 3916 ad
819 3852 1056 3917 terminabilem
1077 3854 1233 3938 perducas
1255 3853 1402 3938 limitem,
1426 3858 1563 3925 etcum

129 3961 270 4027 ludum.
282 3951 423 4015 exercitu
439 3950 599 4017 Gedeonis
621 3973 679 4038 per
700 3953 794 4019 tubas
815 3954 851 4044 in
873 3975 927 4018 ore
948 3953 1081 4019 fortium
1104 3958 1334 4041 concrepantes
1355 3958 1390 4022 et
1403 3978 1465 4043 per
1478 3958 1563 4027 lam-

281 4052 380 4137 pades
415 4054 451 4117 in
484 4053 615 4120 robusta
646 4077 744 4121 manu
777 4055 917 4142 agitatas
950 4060 983 4121 ct
1018 4057 1190 4123 ventilatas
1225 4058 1411 4125 maledictos
1448 4082 1564 4129 muros

137 4154 412 4233 los.a‚2o..lerieh0
430 4154 500 4239 jam
521 4157 617 4221 toties
644 4157 932 4223 anathematizatos
955 4162 989 4223 et
1009 4162 1174 4244 quassatos
1196 4159 1352 4226 sanctitas
1373 4163 1433 4229 tua
1453 4161 1564 4231 faeiat

280 4260 493 4341 prosternere.

217 4440 221 4445 ·
347 4427 369 4493 ⁸)
388 4427 425 4497 αβ
442 4431 469 4480 ia
486 4432 592 4481 omnium
608 4434 722 4483 notitiam
739 4434 944 4500 quemadmodem
955 4435 1067 4486 &aimus
1077 4436 1209 4500 perferre.
1238 4432 1277 4487 11³
1293 4437 1321 4487 tn
1331 4438 1441 4489 omnin
1453 4446 1564 4495 nostro-

280 4527 334 4562 run
353 4509 382 4575 (b
399 4520 519 4573 noemma.
537 4514 568 4565 θ’
583 4515 707 4582 fratrum)
725 4520 931 4584 quemadmodum
948 4521 1059 4571 &aaut
1077 4522 1191 4573 notitima
1205 4522 1329 4587 perferre
1345 4520 1389 4586 (οι
1406 4524 1543 4590 dolare).

347 4596 369 4659 ⁴)
387 4595 430 4649 lta
446 4597 496 4666 aa*
507 4613 584 4665 seqq.
612 4598 644 4651 ln
661 4617 679 4651 α
695 4600 763 4653 nota
775 4599 906 4655 chronica
918 4600 1101 4669 desideratur,
1120 4602 1215 4657 Lam,
1233 4606 1287 4658 111
1298 4606 1412 4660 Kalend.
1424 4608 1561 4663 Februa.

283 4681 387 4733 Domino
406 4684 501 4735 Severo
519 4686 585 4749 Aug.
606 4701 675 4738 cone.
