3450 5678
257 319 320 383 478

730 336 759 385 S.
775 335 916 384 GELASII
939 336 1052 384 PAPAE

153 494 240 543 M95
256 488 313 553 καί
327 490 530 570 τυραννίδος
544 487 699 571 ἐφόδιον·
724 478 867 572 ᾦπρος-
919 490 1064 554 rarmidis
1086 490 1333 574 adminiculum,
1368 492 1417 558 cui
1443 493 1534 559 blan·

149 563 243 611 -496,

114 2019 129 2066 2
140 2011 240 2066 Chrou.

136 2087 235 2148 aaron

256 594 346 674 ηνώς
373 590 429 654 καὶ
457 587 668 673 ἀπατητικώς
690 591 865 674 προςέῤῥι-

257 706 324 771 νας
345 689 463 775 ὄνομα,
497 696 749 757 ΕΝΩΤΙΚΟΝ
768 693 867 758 καλέ-

258 812 328 870 σας.
375 798 447 860 oea
480 799 538 878 τῆς
571 794 755 878 φληνάφου
791 818 867 878 τερ

256 902 376 981 θρείας
403 888 476 962 τῶν
501 893 713 961 ἀποστατῶν·
750 897 866 979 παριό-

257 1017 360 1065 σαντο
382 1004 452 1064 τεόν
474 995 672 1064 ἀποστόλων
694 996 755 1083 τὴν
771 1001 867 1065 διδα-

257 1103 331 1189 χὴν,
354 1103 411 1167 καὶ
426 1106 553 1166 λαΐνων
569 1101 771 1185 διδάγμασιυ
788 1102 869 1166 ἕνα--

256 1204 457 1290 βρόνονται·
482 1209 551 1269 τῶν
571 1204 747 1289 ε’νδέσμων
763 1205 866 1269 συνό-

257 1311 326 1373 δων
342 1305 612 1391 ἀποστρέφονται
629 1302 687 1382 τὰς
703 1306 866 1389 ἐκθέσεις,

256 1411 312 1475 καὶ
340 1414 513 1495 κοσμικών
546 1409 783 1485 έπιστολιδίοις
810 1406 868 1485 τάς

257 1514 396 1589 ἐλπίδας
411 1511 541 1577 ἑαυτῶν
561 1511 773 1577 ἀνατιθέασι·
797 1515 867 1575 τῶν

255 1613 362 1698 ἁγίων
384 1616 440 1680 καὶ
460 1611 676 1699 ὁμολογητεόν
690 1610 866 1678 ἀποθοῦν-

255 1744 309 1784 ται
337 1715 400 1802 τὴν
422 1717 625 1802 σεμνότητα,
657 1717 713 1780 καί
739 1716 866 1799 χάρτην

256 1819 310 1887 ἐπ’
334 1823 502 1905 ἔκ[λυσιν]
533 1824 591 1904 τῆς
614 1820 652 1884 έν
673 1816 865 1902 Χαλκηδόνι

254 1922 351 2007 ἁγίας
373 1922 524 1988 συνόδου
546 1912 788 2005 εἰιφωνηδέντα
804 1945 865 1984 κα-

253 2025 550 2116 ταπ[ομπεόου]σι·
584 2028 645 2088 τοῦ
671 2020 776 2103 Ὀζίου
803 2021 865 2107 τὴν

253 2130 450 2215 θρασύτητα
473 2127 658 2208 δοξάζουσι,
688 2127 744 2190 καί
767 2126 865 2206 ίερω-

254 2234 362 2319 σόνης
393 2231 455 2297 τόν
488 2227 655 2314 ἁγιασμόν
682 2226 864 2293 ἀποτινάσ-

255 2354 381 2402 σονται.
416 2333 531 2417 nain)
554 2329 649 2417 ὑμεῖς
664 2332 738 2415 μὲν,
761 2321 864 2396 ἀσό-

255 2464 322 2523 τοι,
358 2439 421 2514 ἕως
449 2426 516 2503 οἶδε
551 2439 649 2519 στῆτε
677 2437 866 2518 λεπρώντες

255 2544 312 2608 καὶ
333 2546 395 2606 τοῦ
418 2540 699 2625 προπηλακισμοῦ
716 2533 778 2620 την
793 2533 863 2602 ἀτι-

254 2649 335 2731 μίαν
364 2644 418 2710 έπὶ
446 2640 632 2727 προσώπου
660 2640 778 2724 λάβετε
805 2657 861 2720 ση·

254 2759 368 2834 μείου,
404 2747 582 2831 τρέμοντες
610 2743 666 2808 καὶ
690 2742 865 2820 στένοντες

255 2852 311 2918 ἐπὶ
325 2855 384 2935 τῆς
397 2854 472 2934 γῆς·
498 2847 540 2912 οὐ
555 2845 620 2931 γάρ
632 2843 747 2930 ὀρθῶς
757 2863 864 2930 προσ-

253 2956 433 3040 ηνέγκατε,
465 2951 691 3035 ἀγνοήσαντες
719 2948 863 3033 ἱερωσό-

254 3083 314 3143 νης
337 3053 522 3122 αὐθεντίαν
550 3053 606 3118 καὶ
629 3056 756 3117 λαίκῶν
778 3074 863 3136 προ-

919 592 994 656 dum
1014 592 1175 678 fallaxque
1197 617 1316 659 nomen
1338 594 1534 680 imposuisti,

919 693 1181 761 HENOTIOUM
1212 696 1391 782 appellans.
1447 697 1535 763 Hem

918 818 1060 882 nugaces
1083 801 1304 882 apostatarum
1319 801 1534 885 praestigias!

919 899 1119 982 Abjecerunt
1161 901 1378 985 apostolorum
1414 903 1535 968 doctri-

918 1024 1005 1085 nam,
1029 1005 1061 1067 et
1083 1001 1237 1067 laicorum
1255 1005 1442 1069 constitutis
1464 1006 1535 1091 glo

918 1104 1059 1168 riantur:
1096 1105 1314 1190 legitimarum
1336 1106 1534 1191 synodorum

917 1207 1117 1291 praescripta
1131 1208 1313 1293 repudiant,
1337 1214 1371 1274 et
1387 1211 1424 1274 in
1439 1233 1533 1276 mun·

918 1307 1074 1373 danorum
1096 1309 1263 1374 hominum
1284 1312 1443 1396 epistoliis
1458 1335 1533 1397 spes

918 1432 992 1475 suas
1035 1416 1213 1496 reponunt3
1267 1417 1455 1479 sanctorum
1499 1420 1533 1480 et

919 1514 1137 1579 confessorum
1168 1516 1395 1582 auctoritatem
1428 1517 1530 1583 detre

918 1618 1024 1699 etant,
1055 1620 1088 1681 et
1109 1618 1270 1702 chartam,
1293 1640 1376 1704 quae
1397 1619 1530 1685 Calcha

917 1718 1091 1783 dunensem
1119 1724 1268 1786 sanctam
1297 1721 1456 1806 synodum
1477 1721 1530 1788 de

917 1821 1023 1904 struit,
1046 1822 1175 1906 publice
1192 1822 1336 1907 jactant,
1360 1824 1460 1890 Ouiae
1474 1847 1528 1890 au·

917 1923 1042 1987 daciam
1079 1925 1254 2008 extollunt,
1292 1930 1326 1990 et
1357 1927 1528 1994 sacerdotii

916 2027 1205 2092 sanctificationem
1247 2027 1419 2113 repellunt.
1485 2030 1529 2095 nt

917 2130 1019 2214 vos¹⁵)
1056 2130 1184 2215 quidem
1226 2135 1328 2196 estote
1371 2131 1529 2198 hactenus

915 2230 1044 2316 leprosi,
1072 2232 1346 2319 contumeliaeque
1367 2235 1528 2301 maculam

917 2334 952 2398 in
974 2335 1064 2399 vultu
1091 2335 1258 2419 habetote,
1293 2337 1380 2422 signi
1410 2338 1526 2422 instar,

917 2440 1090 2502 trementes
1113 2441 1145 2501 et
1167 2439 1201 2502 in
1224 2441 1344 2503 terram
1362 2441 1451 2505 curvi
1474 2463 1529 2527 ge

916 2544 1054 2624 mentes;
1097 2563 1163 2604 non
1196 2541 1282 2605 enim
1313 2546 1400 2608 recte
1430 2544 1528 2609 sacri·

915 2643 1023 2707 ficium
1050 2642 1227 2735 obtulistis,
1259 2643 1450 2729 ignorantes
1477 2668 1528 2710 sa·

916 2745 1048 2811 cerdotii
1072 2745 1296 2810 auctoritatem
1315 2749 1349 2811 et
1370 2747 1528 2814 laicorum

915 2850 1139 2913 temeritatem.
1198 2848 1336 2913 Etiamsi
1358 2850 1447 2915 enim
1474 2850 1528 2916 hic

914 2938 1019 3038 νεεδ)
1042 2951 1209 3036 processit,
1239 2973 1305 3015 non
1327 2956 1439 3019 tamen
1462 2955 1529 3039 epi·

915 3076 1029 3138 scopus
1051 3059 1100 3119 cst
1122 3054 1297 3119 ordinatus.
1320 3054 1422 3120 Porro
1437 3057 1529 3142 regia

253 3161 399 3226 πέτειαν.
436 3160 479 3223 El
498 3154 562 3241 γὰρ
583 3156 639 3221 καὶ
654 3150 861 3239 βασιλεύςῑῦ)
915 3156 1057 3242 dignitas
1072 3179 1092 3220 a
1110 3157 1287 3222 sacerdotio
1303 3156 1429 3223 directa
1443 3157 1528 3243 (diu)

253 3266 446 3349 προῆλθεν,
484 3257 557 3324 ἀλλ’
593 3255 655 3322 οὐκ
689 3253 864 3343 ἀρχιερεὰς
914 3263 1040 3342 manet,
1084 3259 1296 3324 sacerdotium
1328 3259 1472 3325 vicissim
1508 3281 1528 3325 a

254 3365 509 3451 ἐχειροτονήθη·
539 3363 693 3446 βασιλεία
715 3360 778 3444 μὲν
798 3357 863 3444 γάρ
914 3383 990 3446 rege
1012 3361 1213 3445 honoratum,
1237 3383 1414 3448 purpuram
1437 3362 1527 3429 laeti·

254 3466 321 3534 ὐπό
345 3466 532 3551 ἱερωσύνης
559 3464 862 3548 παιδαγωγουμένη
914 3465 1005 3546 licat,
1040 3469 1202 3549 sceptrum
1230 3464 1385 3549 illustrat,
1421 3465 1528 3552 digni·

254 3571 403 3654 διαμένει
435 3570 474 3634 ἐν
504 3618 566 3650 ...,
604 3568 660 3631 καὶ
695 3565 863 3650 ίερωσύνη
914 3568 1381 3651 tatcmsanetificat3sinvero
1396 3567 1526 3650 injuriis

253 3671 320 3738 όπό
342 3675 514 3757 βασιλείας
536 3669 748 3754 δοξαζομένη,
782 3691 862 3751 φαι-
915 3669 1065 3752 al'ficitur,
1088 3670 1301 3734 fundamenta
1322 3670 1489 3735 convellit.

253 3773 442 3860 δρόνειτην
457 3771 655 3857 ἁλουργίδα,
668 3770 862 3858 [μεγαλα]υ-
926 3856 932 3867 Χ

253 3890 307 3964 χεί
339 3877 379 3944 τὰ
417 3883 588 3962 σκῆπτρα,
640 3874 764 3958 ἁγιάζει
800 3870 861 3957 τὴν

252 3982 363 4062 ἀξίαν·
387 3979 586 4065 ὑβριζομένη
610 3979 647 4042 δὲ
664 3979 790 4061 ἐκριζοι·
800 3982 861 4040 θε-

276 4086 358 4153 ίλια.

251 4111 274 4172 μ
336 4191 367 4253 ό.
396 4185 591 4270 Ἐφεόρεται
614 4184 650 4250 δὲ
674 4184 729 4249 καὶ
746 4182 862 4267 ἕτερον
977 4184 1007 4248 6.
1032 4183 1262 4268 Excogitatum
1281 4184 1436 4251 estaliud
1450 4206 1528 4271 quo·

178 4293 187 4306 '
253 4290 341 4370 εἶδος
363 4289 517 4372 ἀσεβείας
544 4285 611 4353 ὑπό
638 4293 707 4353 τῶν
739 4291 860 4371 τολμη-
913 4310 975 4371 que
997 4287 1173 4371 impietatis
1200 4308 1303 4371 genus
1332 4287 1374 4352 ab
1396 4287 1528 4355 audaci·

321 4499 352 4566 ¹³)
371 4494 460 4553 Notat
476 4493 659 4550 Orientalium
683 4492 871 4560 debilitatem,
898 4493 945 4562 qui
964 4492 1215 4563 subscriptionibus
1236 4492 1292 4547 suis
1309 4492 1448 4550 Henotioo
1473 4495 1530 4551 oal-

253 4583 344 4640 culum
362 4582 535 4652 adjecerant.

322 4673 351 4737 ¹⁶)
371 4667 536 4739 Saepissime
555 4665 630 4737 apud
652 4666 795 4736 pontificos
817 4683 851 4720 oc
872 4664 1038 4736 praeprimis
1060 4664 1135 4736 apud
1152 4664 1293 4720 Gelasium
1311 4665 1347 4720 do
1364 4664 1532 4723 differentia

252 4755 401 4810 sacerdotii
419 4757 448 4808 et
465 4753 575 4824 imperii
593 4752 721 4806 doctrina
738 4749 872 4805 asseritur
889 4752 971 4817 (corii.
991 4751 1083 4806 Golas.
1104 4750 1182 4821 epist.
1198 4756 1209 4803 1
1230 4770 1257 4806 n.
1274 4760 1304 4806 10
1321 4754 1379 4805 not.
1395 4754 1447 4820 16).
1488 4756 1532 4809 Ae

252 4858 350 4895 revera
373 4840 511 4911 ejusmodi
534 4845 587 4908 est,
610 4840 641 4891 ut
664 4855 697 4892 cu
719 4837 829 4891 sriblata
851 4837 966 4891 tollatur
988 4839 1049 4891 tota
1070 4836 1169 4921 religio
1193 4840 1222 4891 et
1239 4837 1415 4894 ethnicorum
1434 4841 1532 4896 ελαειιε

251 4926 409 4982 reducatur.
