3412 5664
673 341 863 390 netsronss
887 330 991 388 2-7.
1423 321 1460 384 11

242 506 361 567 dedicans
376 502 447 578 quod
464 501 522 559 sodi
537 518 601 558 suae
616 502 757 559 Anatolius
777 504 805 558 in
826 501 931 576 synodo
947 499 1157 558 Calebedonnnsi
1173 498 1282 556 attribui
1296 506 1461 574 procurarat.

240 607 303 665 mque
318 589 377 646 idem
394 588 440 659 jus
461 587 535 644 relnt
549 587 664 643 Nicacno
686 587 801 643 coneilio
821 588 986 643 contrarium
1006 587 1113 642 irritum
1128 583 1254 641 babuisse
1274 602 1306 641 ac
1326 583 1461 654 rejecisse.

239 676 331 733 bedan
342 672 493 730 liberatum
507 671 581 729 brev.
599 672 671 729 c.18
687 671 841 735 audiamus,
864 674 902 728 ad
918 675 1035 744 menum
1050 673 1180 727 detectus
1196 679 1238 726 est
1253 672 1379 727 Aeacius
1393 671 1461 727 boe-

238 765 327 818 rrticus.
353 757 404 815 Sed
420 774 475 814 non
491 756 598 813 aliunde
613 755 744 831 probatur
759 758 824 814 liaeo
839 756 918 831 plena
934 757 1077 812 haereseos
1093 756 1236 820 convictio,
1259 756 1309 812 nisi
1324 771 1356 811 ex
1371 762 1463 829 aperta

237 847 281 918 ejus
291 845 464 902 communione
478 858 540 898 eum
556 842 698 898 haereticis
713 849 795 915 atque
810 843 841 897 iis
861 842 1019 916 praesertim
1033 842 1061 896 in
1076 839 1171 904 rebus.
1194 841 1221 896 in
1241 839 1338 914 quibus
1359 840 1463 896 haeresi

237 931 419 1002 [armumque
433 943 593 1002 promovere
613 926 799 1000 deprehensus
815 934 865 983 est.
904 925 981 994 Quod
1000 942 1063 982 vero
1085 934 1140 981 tuni
1162 941 1176 980 a
1196 924 1284 982 Felice
1304 926 1462 1000 praestitum

237 1017 272 1076 sit,
282 1013 337 1070 idem
350 1011 543 1069 biberatusita
558 1010 687 1085 explieat:
714 1012 766 1069 tibi
780 1027 848 1085 erpo
863 1014 1030 1083 adplenum
1045 1013 1175 1067 detectus
1195 1017 1238 1068 est
1252 1013 1379 1068 Aeacius
1393 1011 1462 1066 trae·

237 1103 326 1170 utem,
345 1115 428 1171 papa
443 1097 532 1154 Felice
546 1101 575 1153 in
589 1099 695 1153 titteris
709 1100 771 1153 suis
785 1098 931 1170 synodicis
945 1097 985 1152 ad
998 1098 1137 1153 Acacium
1159 1099 1201 1152 sie
1214 1100 1324 1169 posuit.-
1353 1111 1461 1166 „pec-

238 1188 318 1252 earti‚
350 1199 393 1239 ne
429 1183 597 1255 adjicias
634 1188 667 1237 et
701 1183 741 1237 de
771 1182 965 1253 prioribus
998 1178 1204 1254 supplieu.“
1261 1181 1329 1236 'lum
1358 1178 1463 1236 subdit:

237 1269 351 1341 inceptis
365 1269 410 1324 bis
425 1267 553 1324 Aeacius
566 1269 670 1324 litteris
683 1273 869 1339 perseuerat,
887 1281 980 1339 neque
996 1269 1136 1323 recedens
1150 1284 1168 1321 a
1180 1269 1373 1325 communione
1384 1265 1466 1321 Petri

237 1369 303 1428 mque
313 1355 436 1411 suadens
451 1355 478 1408 ei
489 1355 590 1425 pulum
611 1355 761 1425 suscipere
777 1351 1012 1409 Calchedoneusc
1033 1355 1185 1409 concilium
1206 1360 1233 1408 et
1249 1359 1352 1408 tomum
1363 1365 1464 1423 papae

237 1439 316 1496 bunis
344 1439 429 1495 Haec
449 1453 626 1511 capnosceus
645 1428 726 1510 pup'u
741 1437 829 1494 Felix
850 1438 1042 1494 damnationis
1065 1440 1242 1509 scripturam
1262 1440 1336 1493 misit
1355 1437 1464 1492 Acaeio

233 1524 374 1596 plutum
393 1523 585 1594 defensorem,
610 1525 698 1596 eujus
720 1529 762 1579 est
776 1526 967 1595 principium:
996 1522 1050 1591 „M
1058 1525 1217 1586 ulturum
1247 1529 1462 1595 trunspres-

235 1613 343 1666 sinuum
368 1611 553 1681 reperiris
573 1607 787 1666 obnoxius.“
830 1608 869 1664 Et
889 1596 965 1664 datis
979 1605 1089 1664 Acueio
1102 1608 1269 1681 hujusmodi
1287 1609 1393 1664 litteris
1413 1619 1464 1661 ens

235 1712 274 1750 ma
284 1697 408 1767 suscepit,
423 1696 588 1765 patrocinio
600 1693 697 1764 fultus
712 1696 910 1766 imperatoris,
933 1696 975 1749 ita
990 1700 1021 1749 ut
1036 1699 1224 1766 caperentur,
1248 1696 1298 1765 qui
1318 1707 1369 1748 eos
1382 1692 1462 1748 detu-

235 1782 315 1848 lerunt,
328 1794 383 1852 per
397 1779 548 1851 quemdam
562 1780 734 1836 moncellum
748 1779 973 1835 Aeoemitensem
993 1781 1086 1850 ipsam
1107 1778 1240 1835 chortam
1260 1778 1461 1842 damnationis,

235 1865 280 1919 tua
289 1866 483 1938 inprederetur
497 1865 537 1920 ad
556 1866 732 1921 celebrando
744 1880 842 1933 sacra,
859 1865 1037 1936 suspendere
1048 1867 1078 1919 in
1089 1865 1157 1936 ejus
1164 1866 1255 1935 pallio
1266 1870 1294 1919 et
1305 1862 1462 1919 discedere.

235 1947 288 2015 duod
300 1957 382 2005 autom
398 1947 538 2004 Liberatus
560 1950 587 2004 in
607 1949 689 2020 liujus
711 1949 872 2005 narrationis
894 1948 970 2004 initio
985 1948 1070 2004 refert
1090 1947 1124 2003 de
1138 1949 1282 2022 synodicis
1296 1950 1414 2015 litteris,
1436 1947 1463 2001 in

235 2032 304 2105 qubus
315 2033 345 2089 sd
361 2034 484 2089 Acacium
501 2034 641 2107 scripserit
654 2033 740 2090 Felix:
760 2037 906 2106 peccasti,
928 2048 964 2090 ne
980 2034 1121 2106 adjicias,
1142 2040 1169 2089 et
1184 2034 1220 2089 de
1231 2034 1381 2106 prioribus
1395 2047 1463 2103 sup·

233 2120 295 2189 duo,
308 2120 400 2175 merito
412 2120 440 2174 in
456 2117 565 2174 dubium
589 2121 676 2176 vocari
686 2113 706 2189 ¹)
728 2119 804 2182 lieet,
827 2135 910 2192 quum
931 2117 965 2174 de
985 2117 1140 2189 hujusmodi
1158 2118 1256 2174 litteris
1277 2119 1304 2173 io
1325 2117 1410 2192 gestis
1431 2114 1464 2171 de

234 2205 313 2260 umine
327 2205 413 2259 Aeacii
429 2202 528 2275 (Gelas.
544 2211 622 2261 tract.
640 2203 660 2278 l)
681 2204 806 2266 sileatur,
827 2201 974 2278 inquibus
996 2202 1050 2259 duo
1072 2212 1175 2259 tantum
1196 2202 1292 2259 Felicis
1312 2204 1411 2276 scripta
1431 2200 1464 2256 ad

234 2290 340 2352 ludum,
368 2304 436 2362 quae
457 2289 583 2363 superius
603 2288 741 2352 habemus,
763 2290 849 2364 ipsius
869 2287 1066 2345 damnationem
1088 2289 1268 2363 praecessisse
1289 2294 1462 2345 annotantur.

233 2370 274 2445 lpse
285 2389 385 2448 quoque
401 2372 475 2428 Felix
490 2374 518 2429 in
533 2373 621 2430 edicto
637 2376 801 2437 sententiae,
824 2385 878 2448 quc
894 2373 1017 2429 eumdem
1032 2373 1153 2437 sternuat,
1175 2390 1235 2429 cum
1251 2390 1266 2429 a
1281 2390 1310 2430 se
1328 2374 1464 2441 secundo,

233 2473 270 2512 non
286 2463 368 2528 tertio,
391 2457 559 2514 admonitum
580 2467 718 2521 memorat.
761 2459 866 2516 Tertiae
889 2466 978 2514 tamen
999 2458 1041 2514 vel
1062 2467 1172 2532 quartae
1192 2459 1383 2515 admonitionis
1409 2458 1465 2513 vice

232 2558 314 2599 emere
326 2551 434 2618 poterat
448 2543 599 2601 decessoris
614 2546 656 2601 sui
673 2547 782 2602 monita.
826 2542 901 2601 Unde
920 2545 950 2600 in
964 2543 1057 2599 iisdem
1074 2545 1159 2618 gestis
1175 2561 1202 2600 n.
1214 2544 1252 2601 13
1268 2545 1464 2618 praemittitur:

232 2627 357 2702 Primnum
381 2644 450 2702 erpo
477 2631 547 2686 nibil
571 2630 736 2702 profecisse
758 2633 873 2687 litteras
895 2631 1134 2702 praedecessoris
1163 2634 1210 2687 sui
1234 2637 1355 2687 sanctus
1382 2646 1465 2702 papa

232 2718 331 2784 maurit
338 2739 347 2777 ;
360 2731 391 2770 ae
404 2712 502 2770 deinde
514 2713 629 2780 additur,
647 2715 758 2771 vitalem
770 2733 801 2773 ac
811 2714 942 2799 Misenum
954 2713 986 2770 ab
998 2731 1031 2771 eo
1043 2711 1094 2770 sub
1106 2715 1156 2771 bac
1166 2716 1347 2771 instructione
1358 2714 1464 2788 legatos

231 2812 280 2860 sse,
293 2807 343 2854 tom
358 2807 389 2856 ut
404 2798 511 2856 Petrus
526 2800 769 2858 derilcxnudrinu
783 2803 945 2873 pelleretur
960 2803 1094 2864 eeclesia,
1111 2799 1154 2872 (ad
1167 2799 1373 2875 quodAcaeium
1383 2815 1464 2874 supe·

231 2881 283 2938 tiore
294 2883 402 2957 epistola
418 2883 437 2939 2
459 2883 533 2940 Felix
548 2884 667 2958 inritat).
690 2894 747 2942 tum
768 2893 799 2942 ut
813 2887 907 2942 libello
923 2889 1020 2942 suncti
1032 2885 1177 2942 Jobannis
1192 2889 1321 2958 episcopi
1335 2886 1464 2942 Alexan-

230 2967 287 3023 drini
297 2970 620 3042 responderetAcaeius
637 2978 724 3046 utque
738 2975 794 3043 ipsi
807 2973 1029 3028 denuntiaretur
1035 2972 1153 3040 Aeneia,
1170 2978 1201 3026 ut
1213 2970 1463 3027 arrutlremcriles-

230 3054 324 3111 anduno
343 3057 454 3111 diceret
474 3056 563 3114 Petro
583 3054 621 3129 (id
637 3055 710 3131 quod
730 3055 852 3112 subnexo
869 3055 964 3113 Felicis
979 3053 1072 3111 libello
1094 3071 1144 3111 seu
1164 3054 1311 3128 epistola3
1334 3053 1463 3128 praestari

230 3135 337 3210 haiam).
366 3138 398 3195 lit
419 3141 445 3195 ri
465 3140 562 3215 legatis
583 3141 656 3198 illata
676 3143 853 3216 ipsorumque
866 3141 1020 3214 legatorum
1036 3140 1140 3214 flagitio
1156 3141 1287 3214 expositis
1308 3137 1464 3210 subjicitur:

231 3221 312 3289 isidor
335 3232 490 3283 commotus
511 3227 691 3284 beatissimus
711 3245 795 3300 papo
820 3228 919 3282 babitu
945 3227 1053 3299 syuodo
1079 3226 1197 3282 Vitalem
1218 3233 1246 3281 et
1265 3225 1407 3281 Misenum
1428 3225 1465 3281 ab

229 3309 304 3378 edicio
316 3317 342 3368 et
357 3315 552 3369 communione
571 3315 722 3384 suspendit
735 3315 931 3386 Acaciumque
952 3313 1108 3369 damnauit.
1143 3310 1236 3386 Neque
1257 3311 1337 3367 etiam
1358 3317 1465 3383 tempus

230 3396 348 3468 esmgitari
362 3405 471 3471 potest.
494 3414 549 3471 quo
570 3399 667 3454 missae
682 3398 737 3454 sint
751 3397 896 3471 synodicae
909 3396 1015 3453 litterae
1029 3413 1045 3453 a
1061 3395 1186 3453 liberato
1202 3402 1372 3458 memoratae,
1394 3396 1417 3450 si
1432 3393 1465 3450 ab

230 3476 460 3555 indistinguantur.
482 3481 579 3556 quibus
602 3481 683 3539 oflicii
704 3485 745 3538 sui
760 3482 920 3539 admonetur
935 3482 1054 3546 Aeacius,
1077 3490 1123 3537 aut
1137 3479 1169 3537 ab
1184 3483 1226 3546 iis,
1243 3479 1340 3556 quibus
1355 3479 1464 3536 Romam

228 3572 315 3622 nutu
327 3565 358 3622 sd
373 3566 513 3623 dicendam
529 3585 644 3632 eausam.
661 3555 707 3624 abt
722 3567 865 3631 subnexis,
889 3566 987 3641 quibus
1008 3567 1158 3624 damnatur.
1189 3566 1258 3623 lluas
1274 3567 1345 3623 enim
1360 3566 1464 3640 priores

229 3644 302 3720 legam
320 3651 427 3708 tradidit
442 3651 516 3709 Felix
537 3670 597 3709 cum
618 3655 711 3728 primis
731 3653 909 3710 ordinationis
929 3669 994 3709 suae
1010 3654 1114 3709 mundis
1129 3651 1301 3714 deferendas.
1323 3651 1465 3724 nullasque

228 3731 293 3804 uitur
304 3745 377 3792 antea
391 3739 510 3794 biberat.
535 3738 628 3814 Neque
643 3740 731 3795 Aeacii
746 3738 851 3796 distulit
866 3737 1074 3800 damnationem.
1091 3736 1135 3794 ubi
1151 3755 1190 3801 ea,
1207 3753 1351 3812 quaecum
1367 3736 1464 3811 legatis
1486 3802 1490 3809 ¹

227 3817 320 3890 cabsel.
334 3823 475 3897 comperit.
555 3894 560 3904 ¹

521 3974 559 4035 In
579 3973 692 4036 Felicis
713 3974 877 4052 epbmtem
897 3972 916 4033 7
937 3969 1144 4055 (‚,Aeaeius“).

292 4092 343 4151 lloc
361 4094 480 4151 mictum
500 4098 528 4152 ln
550 4096 669 4154 editione
683 4097 801 4154 Romana
822 4096 927 4163 deerat,
954 4097 1112 4171 primusque
1136 4112 1168 4152 es
1188 4095 1282 4153 codice
1302 4095 1464 4152 virdunensi
1477 4093 1564 4164 [Dus]

223 4174 338 4250 angam
351 4178 466 4237 lacobus
483 4180 640 4238 Sirmondus
656 4185 683 4238 in
700 4181 846 4257 appendice
866 4181 926 4238 eod.
944 4181 1080 4238 Theodos.
1103 4198 1165 4257 pag.
1176 4181 1246 4239 123.
1277 4180 1385 4237 Publice
1400 4198 1464 4254 pro·

221 4261 321 4332 potitum
334 4275 376 4321 est
391 4267 541 4340 generatim
557 4267 717 4342 legendum,
741 4284 795 4341 quo
816 4283 900 4341 porro
920 4267 1009 4323 ditiert
1024 4285 1039 4322 a
1053 4269 1195 4341 superiore
1210 4267 1387 4323 damnationis
1402 4282 1463 4322 scn-

221 4348 291 4401 testia
303 4351 393 4406 loscio
410 4350 552 4414 tradenda,
574 4354 601 4409 in
622 4370 675 4427 qua
690 4361 718 4410 ot
730 4351 803 4408 Felix
818 4353 963 4426 ipsummet
978 4352 1135 4426 alloquitur.
1166 4351 1295 4409 Similiter
1314 4353 1341 4408 ln
1356 4351 1464 4407 concilii

219 4428 425 4492 &hisdenensis
440 4438 546 4494 actione
562 4437 580 4495 3
602 4437 812 4511 (llarduin.coll.
828 4437 944 4501 conell,
961 4436 1033 4509 377)
1055 4437 1134 4493 latam
1156 4436 1283 4495 adversus
1306 4437 1463 4494 bioscorum

217 4562 366 4575 ——-...-
393 4570 407 4575 .-
433 4570 446 4575 -
471 4571 501 4576 -..

248 4695 255 4707 .
276 4633 293 4689 ¹l
309 4630 356 4686 snt
373 4632 484 4700 Felicis,
507 4652 579 4704 quae
598 4635 709 4703 ‹ruudem
727 4635 755 4689 in
774 4633 952 4689 conciliorum
976 4633 1144 4689 editionibus
1162 4635 1222 4703 ejus
1239 4633 1349 4687 nomine
1367 4633 1463 4700 ferior,

212 4698 319 4766 motata
335 4707 361 4777 ³2
376 4701 419 4754 his
436 4702 528 4756 verbis
545 4703 692 4773 incipiens:
716 4708 776 4768 Quis
794 4706 872 4756 dabit.
908 4703 978 4757 som
1001 4720 1062 4755 eum
1085 4704 1147 4757 iota
1169 4702 1299 4756 similium
1317 4701 1463 4755 documen-

212 4775 295 4820 torum
311 4786 379 4822 sene
396 4770 568 4840 suppositum
587 4789 653 4837 esse,
672 4771 738 4826 sotis
753 4771 907 4824 lrrcrdenler
919 4771 1054 4824 Henrieus
1067 4769 1192 4825 Valesius
1211 4771 1318 4825 dissert.
1332 4770 1367 4824 de
1379 4770 1462 4823 Petro

209 4836 371 4959 Anoffittcbeno
393 4845 484 4907 cept
510 4843 539 4894 el
565 4839 705 4895 Bulleririii
729 4840 764 4893 de
786 4839 891 4908 antiqu.
916 4839 1021 4894 collect.
1045 4838 1122 4893 latin.
1142 4840 1208 4908 p.ll
1232 4837 1462 4907 cap.11§ttde-

207 4922 234 4957 m
294 4913 396 4959 renent
