3450 5678
651 327 849 378 nrrsronsa
874 270 945 375 12⁰3.
970 316 1041 374 124.
1116 271 1120 281 ’
1417 308 1478 375 927

213 484 405 570 respondere
429 482 600 565 consultos,
623 481 698 567 quia
719 481 789 566 ipse
810 480 947 566 impellit
968 482 1004 544 in
1026 500 1164 544 errorem
1187 478 1241 565 qui
1263 499 1329 544 non
1351 479 1518 548 instnrita.
1531 499 1588 549 sae.

212 588 433 672 ignorantem,
460 605 521 649 nec
543 583 715 669 quidquam
738 583 844 669 aptius
866 585 915 646 est
936 581 1076 646 studioso
1101 581 1282 666 religionis,
1311 602 1408 666 quam
1434 583 1482 647 in·

214 687 377 774 quisitio¹)
400 686 562 770 veritatis,
591 686 719 770 quando
741 684 868 750 facilius
890 683 1017 749 devium
1038 683 1135 767 vitat,
1162 683 1217 768 qui
1238 683 1300 748 iter
1321 705 1378 767 per
1400 685 1482 770 quod

212 789 381 876 gradiatur
408 791 513 874 rogat.
559 786 622 853 Sed
647 788 833 873 priusquam
860 785 1073 872 respondendi
1102 806 1211 850 curam
1238 784 1277 849 de
1304 785 1371 869 bis,
1402 807 1483 870 quae

214 891 344 957 dilectio
366 893 422 956 tua
443 892 661 975 percontatur,
685 889 867 975 aggrediar,
890 888 1029 952 libenter
1050 886 1086 950 in
1106 886 1224 951 litteris
1240 884 1305 951 tuis
1320 885 1394 952 fidei
1407 891 1483 954 tuse
1495 918 1538 972 ep.
1551 909 1605 958 115.

213 1015 266 1060 me
286 993 393 1058 fateor
414 991 574 1057 invenisse
596 991 770 1074 fervorem,
799 989 888 1074 cujus
911 988 1015 1054 calore
1036 1009 1223 1072 succensus,
1239 987 1427 1085 redivivam
1447 990 1483 1054 in
1633 989 1635 991 ’

213 1095 279 1160 illis
300 1095 446 1180 partibus
468 1092 646 1158 infidelium
666 1092 910 1178 perversitatem
931 1090 1040 1176 vigere
1069 1091 1220 1174 suspiras.
1265 1089 1483 1176 Dignissimus

213 1197 314 1281 dolor,
337 1197 392 1282 qui
413 1195 521 1260 dedita
535 1194 604 1259 Deo
627 1195 722 1259 corda
745 1194 929 1276 contristet3
951 1213 1012 1257 nec
1034 1193 1120 1257 enim
1138 1195 1186 1257 est
1208 1192 1292 1277 apud
1307 1213 1360 1257 eos
1375 1191 1484 1277 lapsus

213 1298 479 1381 inlamentabilis,
503 1296 617 1383 quibus
640 1300 689 1361 est
709 1294 870 1382 igniculus
886 1294 1040 1377 caritatis,
1064 1294 1139 1379 quia
1153 1316 1254 1359 unum
1268 1294 1484 1379 spiritualium
1550 1321 1551 1324 ¹

214 1404 325 1467 votum
347 1403 397 1466 est
418 1399 504 1464 selus
525 1399 717 1464 inconcussa
739 1398 936 1462 cunctorum.
974 1395 1036 1462 Sed
1057 1417 1123 1460 non
1145 1397 1321 1481 estignote
1342 1397 1484 1463 ecclesiis

214 1501 277 1568 Dei
300 1503 339 1568 de
360 1500 542 1586 hujusmodi
564 1499 712 1584 procellis
734 1502 791 1563 aut
815 1498 944 1563 insueta
964 1500 1153 1581 tempestas:
1182 1499 1325 1583 quamvis
1352 1501 1484 1565 rectoris

214 1605 264 1670 sui
293 1601 511 1690 gubernaculo
538 1602 729 1667 inconcussa
755 1600 923 1685 persistat,
954 1599 1052 1664 variis
1079 1603 1188 1664 tamen
1215 1599 1483 1689 insurgentium²)

216 1706 373 1771 fluctuum
395 1705 522 1769 laborat
543 1706 659 1768 vexata
679 1703 871 1768 turbinibus.
916 1701 1001 1766 Nam
1028 1701 1113 1766 unde
1142 1704 1200 1796 est¹
1216 1701 1396 1787 psalmidici
1423 1726 1484 1770 vox

215 1806 402 1893 prophetae,
425 1808 480 1892 qui
501 1805 601 1890 ipsius
616 1804 782 1870 Ecclesiae
796 1825 967 1889 personam
982 1803 1097 1887 spiritu
1113 1826 1174 1888 quo
1189 1804 1382 1888 implebatur
1397 1827 1484 1871 assu·

214 1931 323 1993 mens,
347 1913 460 1990 Saepe,
485 1907 606 1992 inquit,
629 1918 884 1988 espacncverunt
904 1927 950 1969 me
971 1927 991 1969 α
1005 1899 1166 1984 juventute
1186 1927 1269 1990 mea,
1297 1914 1403 1973 etenim
1425 1930 1485 1975 non
1498 1899 1598 1954 Mm-

211 2009 493 2094 peccassemus?
537 2007 748 2093 Concutiunt,
772 2008 827 2073 sed
848 2009 884 2073 in
905 2007 1007 2073 nihilo
1028 2007 1269 2093 praevalebunt.
1314 2008 1430 2075 Adhuc
1450 2011 1485 2075 in
1506 1974 1590 2035 lm

215 2135 291 2179 area
313 2135 433 2196 sumus,
456 2112 559 2177 mixta
581 2115 657 2176 sunt
678 2111 841 2175 frumenta
863 2132 936 2175 eum
950 2109 1061 2195 paleis,
1084 2112 1218 2196 gemunt
1234 2110 1310 2175 boni
1326 2113 1487 2177 consortia

214 2215 388 2300 malorum,
410 2214 465 2280 sed
488 2216 633 2299 superest
653 2212 783 2277 flamma
796 2233 863 2277 non
882 2212 1081 2296 necessariis,
1105 2215 1139 2276 et
1151 2217 1267 2297 parata
1281 2217 1358 2277 sunt
1371 2213 1486 2279 horrea

211 2319 282 2402 jam
304 2317 457 2402 probatis.
495 2315 560 2381 Ubi
582 2318 739 2380 terrarum
762 2336 829 2379 non
850 2318 900 2379 est
920 2315 985 2379 ista
998 2314 1191 2399 permixtio?
1225 2314 1294 2379 Nos
1308 2315 1380 2380 fixis
1395 2316 1486 2381 decet

215 2422 303 2484 stare
311 2419 338 2505 3)
365 2418 526 2504 vestigiis:
556 2416 758 2502 proficiemus
780 2417 866 2481 inter
888 2416 1094 2482 adversantes
1122 2417 1292 2502 propriis⁴)
1319 2418 1429 2503 bonis,
1458 2418 1486 2483 si

216 2521 376 2586 erroribus
398 2542 464 2585 non
486 2519 686 2584 involvamur
709 2519 833 2583 alienis.
870 2518 991 2584 Probat
1012 2520 1098 2584 enim
1115 2518 1241 2584 virtutis
1257 2540 1332 2584 suae
1347 2520 1486 2585 validum

215 2623 323 2707 robur,
347 2623 402 2707 qui
422 2643 520 2707 quum
542 2621 718 2706 impellitur
738 2642 804 2686 non
825 2624 980 2686 movetur.

301 2725 333 2790 2.
367 2723 433 2790 Ubi
459 2746 525 2789 non
554 2724 660 2788 variae
690 2722 879 2788 tentationis
909 2722 1035 2795 aculei?
1077 2722 1194 2800 Quales
1220 2746 1279 2808 per
1305 2724 1392 2790 hunc
1418 2725 1485 2790 iere

214 2826 327 2912 jugem
349 2827 504 2913 annum⁵)
526 2825 735 2910 quorumdam
757 2823 964 2909 Scytharum,
991 2825 1045 2911 qui
1067 2825 1239 2891 monachos
1261 2828 1487 2912 praeferebant

218 2929 324 3014 specie
345 2950 411 2994 non
434 2929 585 3008 veritate,
606 2927 804 3013 professione
825 2949 891 2992 non
914 2949 1024 3012 opere,
1052 2928 1163 2993 subtili
1184 2933 1287 2993 tectas
1311 2929 1486 2994 calliditate

217 3031 375 3096 versutias
398 3033 431 3095 et
452 3030 511 3094 sub
534 3029 698 3116 religionis
721 3029 856 3094 obtentu
876 3029 1070 3095 famulantia
1086 3030 1166 3094 odiis
1189 3030 1254 3095 suis
1276 3053 1400 3096 venena
1415 3053 1485 3116 per·

218 3133 365 3217 tulimus,
400 3133 565 3197 studentes
597 3154 650 3198 ecs
682 3133 723 3197 ab
755 3132 883 3197 interno
916 3132 1046 3198 vulnere
1078 3132 1276 3197 medicabilis
1308 3134 1485 3218 patientiae

218 3359 375 3422 husjusmodi:
405 3358 481 3420 „Nisi
498 3359 621 3409 Christum
639 3359 726 3408 biliam
738 3358 800 3417 Dei,
819 3359 863 3424 qui
877 3362 926 3422 p'ro
945 3356 1017 3408 nobis
1033 3374 1125 3423 passaw
1143 3365 1181 3409 eat
1198 3360 1224 3409 ia
1237 3375 1327 3418 cerne,
1345 3376 1418 3410 anum
1430 3376 1485 3410 esse

219 3461 255 3496 ex
275 3453 364 3494 sancta
387 3450 412 3494 et
433 3445 562 3494 individue
588 3443 714 3493 Trinitaie
735 3443 817 3506 suerit
843 3443 976 3506 consessas
998 3443 1150 3507 Dicemus,
1176 3448 1269 3510 pelago
1297 3444 1484 3509 demergatur.“

218 3524 323 3580 Verum
340 3523 504 3580 Hormisdae
522 3524 744 3579 moderationem
764 3539 821 3578 non
842 3523 917 3594 sapit
938 3523 1098 3594 hujusmodi
1120 3524 1265 3581 sententia.
1307 3524 1362 3580 Sed
1383 3526 1412 3580 et
1427 3525 1485 3580 Ma·

218 3609 305 3665 xentii
322 3609 418 3679 fidem,
437 3627 508 3679 quae
526 3610 601 3666 idem
617 3627 693 3680 papa
711 3613 740 3664 et
756 3627 829 3664 nunc
846 3609 943 3665 scribit
961 3611 990 3665 ct
1006 3613 1105 3680 postea
1122 3609 1223 3680 gessit,
1240 3610 1353 3666 dubiam
1370 3609 1482 3665 iaciunt.

221 3701 269 3750 124
305 3698 324 3764 ¹)
342 3696 386 3750 lta
403 3697 438 3751 (3¹
451 3699 488 3750 a'.
528 3696 571 3749 Al.
590 3695 632 3750 ed.
655 3700 781 3765 impositio
850 3702 979 3765 predicar,
1018 3695 1137 3764 Moxque
1165 3694 1241 3765 apud
1263 3694 1433 3751 Maxentium
1457 3696 1486 3750 et

220 3779 386 3836 Coohlaeum
403 3787 547 3836 contristat.

287 3869 309 3936 ²)
326 3865 447 3921 Maxent.
467 3872 654 3920 incursantium.
689 3867 782 3921 Antea
798 3868 825 3921 a¹
845 3872 966 3924 ecclesis.

288 3953 308 4019 ³)
327 3952 361 4006 G¹
375 3955 401 4006 a'
419 3952 438 4005 b
452 3968 487 4005 ec
504 3957 614 4018 instare,
637 3952 655 4006 b
674 3951 711 4006 ad
732 3969 820 4021 marg.
844 3958 972 4008 insistere.
1007 3951 1079 4006 Max.
1100 3953 1129 4006 et
1146 3951 1239 4007 Cochl.
1257 3965 1341 4017 stare,
1365 3952 1487 4022 quodsi

221 4039 249 4090 η’
264 4037 406 4106 praetulit.

288 4123 309 4191 ⁴)
327 4122 371 4175 Ita
388 4121 501 4189 quidem
523 4122 575 4176 Dei
596 4139 712 4178 munere
733 4123 834 4193 partis,
859 4123 891 4177 ut
911 4121 1028 4192 propria
1048 4122 1130 4178 nobis
1150 4123 1231 4191 flant,
1254 4140 1288 4178 ac
1304 4140 1369 4179 vere
1388 4124 1417 4178 et
1434 4122 1487 4177 Dei

220 4222 337 4261 munera
358 4207 388 4262 et
409 4207 509 4261 merita
531 4208 628 4263 nostm
649 4207 784 4263 dicantur.
826 4212 914 4277 Neque
936 4214 1012 4272 enim,
1034 4207 1126 4277 inquit
1142 4208 1313 4279 Augustinus
1335 4207 1416 4279 epist.
1438 4214 1487 4262 194

174 4340 180 4354 ,
220 4308 248 4345 n.
267 4297 310 4357 16,
328 4303 353 4346 ei
370 4296 431 4356 lior,
456 4298 524 4362 qrcod
544 4303 615 4346 recte
632 4300 737 4361 agimus.
761 4299 798 4347 ita
816 4298 848 4360 fii
868 4299 901 4347 de
918 4298 989 4349 nobis
1011 4304 1135 4364 tamquam
1152 4298 1214 4348 aiiii
1232 4298 1387 4362 facientibus
1405 4297 1486 4351 nobis

221 4374 357 4441 Quocirca
378 4377 525 4444 Maxentii,
552 4378 600 4446 qni
622 4377 651 4431 in
671 4378 757 4433 verbo
780 4384 896 4447 propriis
916 4378 1098 4449 Pelagianam
1124 4379 1282 4450 superbiam
1308 4379 1396 4434 latere
1418 4377 1486 4445 vult,
1592 4370 1595 4376 ’

221 4478 300 4516 mera
316 4462 455 4516 calumnia
472 4464 527 4530 est,
546 4481 631 4532 quum
648 4462 877 4518 illudHormisda
894 4470 984 4520 alienis
1001 4465 1159 4533 dumtaxat,
1182 4481 1238 4520 non
1256 4464 1365 4534 gratiae
1384 4462 1486 4518 auxilio

221 4547 402 4618 comparatis,
421 4550 554 4618 opponat.

289 4636 310 4700 ⁵)
328 4632 445 4687 Fatetur
466 4633 623 4688 Maxentius
646 4651 694 4688 eos
719 4653 769 4703 per
793 4638 983 4704 quatuordeeim
1008 4657 1075 4706 pene
1100 4656 1197 4691 menses
1217 4636 1324 4689 Romae
1350 4634 1487 4692 deleam.

221 4715 308 4773 Porro
326 4734 374 4773 eos
390 4719 508 4774 Romam
525 4717 656 4774 festinare
673 4718 822 4773 Dioscorus
839 4720 957 4791 epistola
969 4727 1001 4776 15
1019 4739 1092 4779 anno
1105 4728 1155 4778 519
1171 4720 1240 4791 Maji
1252 4727 1285 4775 ³0
1302 4720 1406 4792 scripta
1416 4721 1488 4777 Hor·

221 4801 328 4858 misdae
346 4804 496 4860 nuntiavit:
514 4804 640 4873 adeoque
657 4804 782 4875 proxime
801 4805 837 4859 ab
850 4805 926 4862 Urbe
944 4807 1136 4872 discesserant,
1155 4825 1239 4877 quum
1251 4807 1400 4864 Hormisda
1417 4808 1489 4865 banc

221 4888 371 4959 rescripsit.
1349 4919 1351 4925 ·
