3450 5678
391 315 452 380 796
829 328 857 375 s.
874 326 1080 374 uoususnan
1103 325 1216 372 aaran

268 495 378 563 (aare.)
392 485 482 569 ΕΜ)
506 485 575 548 ideo
598 505 700 568 spero,
725 486 760 546 ut
782 482 816 546 iu
839 504 904 545 una
920 481 1141 545 communione
1157 480 1329 563 vobiscum,
1353 502 1449 564 quam
1470 478 1564 544 sedes
1588 501 1667 564 apo-

391 587 505 650 stoliea
528 587 703 670 praedicat,
728 606 796 648 esse
818 606 951 666 merear,
976 583 1010 647 in
1032 606 1095 668 qua
1118 587 1167 647 est
1189 583 1318 666 integra
1341 586 1373 646 et
1390 604 1486 646 verax
1501 582 1666 648 Christia-

390 710 452 753 nae
474 688 639 773 religionis
662 691 695 751 et
716 687 859 772 perlecta
881 686 1041 750 soliditas:
1073 685 1265 769 promittens
1287 686 1321 749 in
1344 685 1491 769 sequenti
1513 687 1667 769 tempore

391 794 606 874 sequestratos
629 814 647 852 a
670 789 891 853 communione
914 787 1077 852 Ecclesiae
1101 787 1287 871 catholicae,
1311 788 1343 851 id
1365 791 1502 852 estnon
1525 810 1665 853 consen·

391 893 507 956 tientes
534 893 600 956 sedi
628 891 836 976 apostolieae,
872 913 980 954 eorum
1008 889 1139 955 nomina
1165 891 1251 955 iuter
1278 913 1369 955 sacra
1397 912 1463 954 non
1490 891 1665 955 recitanda

390 1016 458 1058 esse
491 996 653 1078 mysteria.
709 994 825 1070 Quodsi
850 993 884 1057 in
907 993 1011 1078 aliquo
1039 992 1276 1077 aprofessione
1303 1015 1374 1056 mea
1402 992 1531 1057 deviare
1554 997 1665 1058 tenta·

390 1119 474 1179 vero,
498 1096 559 1178 his,
583 1119 660 1182 quos
683 1097 842 1178 damnavi,
867 1095 1052 1180 complicem
1074 1118 1124 1159 nie
1140 1117 1210 1159 mea
1225 1097 1385 1159 sententia
1407 1117 1476 1160 esse
1491 1096 1661 1179 profiteor.

390 1198 485 1263 Hanc
508 1203 614 1263 autern
637 1199 865 1282 professionem
888 1220 992 1260 meam
1015 1219 1074 1281 ego
1096 1221 1193 1262 manu
1215 1219 1287 1261 mea
1313 1197 1504 1281 subscripsi,
1537 1203 1572 1263 et
1600 1197 1665 1263 tibi

390 1300 579 1366 Hormisdae
601 1304 713 1365 saneto
737 1322 772 1365 ac
798 1300 970 1364 venerabili
992 1323 1095 1385 papae
1117 1301 1204 1364 urbis
1228 1300 1347 1364 Itomae
1370 1299 1481 1364 direxi.

888 1521 1068 1625 Epistola
1095 1523 1150 1605 27.

255 1669 374 1789 9217111·
390 1676 599 1742 Hormisdae
633 1694 744 1760 papae
781 1676 824 1742 ad
858 1675 1087 1742 anastasiani
1115 1675 1320 1757 Allgustum
1359 1694 1423 1759 per
1452 1675 1667 1743 Enuedlnm

254 1745 270 1789 ὀ
308 1755 369 1806 Ρη·
390 1778 614 1844 'ficinensem
649 1781 687 1844 et
713 1766 954 1860 Peregrinum
982 1779 1166 1844 misenatis
1199 1778 1367 1844 ecclesiae
1397 1779 1436 1844 in
1466 1778 1669 1861 Campania

389 1882 569 1964 episcopos
584 1880 756 1946 sectandae
772 1881 964 1962 legationis
984 1879 1028 1944 ad
1043 1879 1273 1946 Anastasiunr
1288 1880 1491 1946 destinatae
1507 1898 1668 1949 marcere

800 1983 993 2065 fungentes
1016 1982 1237 2048 transmissa.

424 2121 457 2171 Se
476 2123 543 2172 hisee
561 2125 677 2187 repetitis
695 2140 742 2187 pro
758 2123 889 2172 Ecclesiae
905 2139 970 2187 paee
987 2122 1107 2186 precibus
1124 2125 1219 2172 ruiairac
1237 2125 1402 2186 importunum
1419 2125 1503 2174 uideri
1520 2126 1633 2183 dedere.

423 2224 495 2272 peream
512 2224 561 2272 per
578 2209 690 2257 remedio
698 2211 762 2271 fidei
777 2209 849 2257 simul
866 2209 971 2271 irnperio
989 2210 1142 2263 consulatur,
1162 2216 1185 2257 et
1199 2211 1224 2257 lu
1236 2211 1390 2272 imperatore
1402 2211 1459 2259 sola
1470 2211 1549 2259 inilia
1562 2211 1633 2262 bonu

424 2308 472 2342 uon
490 2293 627 2355 sufficiunt.
665 2296 783 2343 Acacium
802 2296 899 2342 omuino
918 2295 1090 2354 durunuuduru,
1112 2311 1127 2341 u
1147 2310 1195 2359 quo
1213 2311 1261 2357 per
1274 2292 1416 2344 orientales
1434 2297 1564 2345 eeclesias
1574 2298 1633 2358 ser-

423 2385 528 2425 raculum
550 2381 648 2427 erroris
671 2380 773 2428 inolent!
796 2377 853 2440 (al
874 2387 898 2427 ee
911 2381 945 2441 2).
993 2378 1113 2438 Querulum
1137 2381 1335 2429 dissiuudulione
1359 2394 1436 2428 error
1454 2381 1584 2441 saecular
1607 2391 1634 2432 e!

421 2472 592 2527 propomam,
620 2464 798 2513 Menandrico
817 2465 932 2527 e.1·eiuplo
950 2463 1074 2527 prodatur
1092 2462 1127 2526 (a.
1142 2466 1176 2521 3).
1219 2466 1331 2528 [lenique
1353 2466 1496 2528 imperator
1514 2467 1634 2531 irapease

457 2551 594 2605 recitatur,
612 2557 639 2596 ul
657 2550 756 2598 taudem
775 2549 914 2597 Ecclesium
933 2565 1082 2612 corupoaere
1100 2557 1126 2598 el
1143 2552 1179 2599 ud
1196 2552 1314 2598 rinilutem
1331 2550 1456 2599 reducere
1473 2551 1598 2612 festinet.

540 2681 748 2744 llorruisda
771 2681 991 2745 Anastasio
1014 2683 1203 2767 Augusto.

478 2803 504 2864 l.
533 2800 660 2863 Dudum
675 2800 792 2884 legatis
809 2800 1062 2864 mansuetudinis
1078 2806 1201 2864 vestrae
1217 2802 1444 2884 remeantibus
1471 2804 1513 2867 ad
1534 2804 1667 2873 litteras

389 2905 511 2966 vestras
535 2906 568 2966 et
588 2903 741 2966 mandata
769 2903 967 2988 respondi¹),
1002 2926 1068 2967 non
1096 2904 1223 2987 quidem
1250 2905 1400 2968 universa
1427 2905 1543 2989 plene,
1580 2909 1666 2973 sicut

388 3005 578 3088 magnitudo
600 3005 645 3068 rei
669 3005 867 3087 postulabat,
897 3004 1084 3089 capaliana,
1117 3009 1150 3068 et
1177 3009 1284 3069 lamen
1314 3028 1372 3090 pro
1401 3010 1550 3091 ternpore
1575 3014 1664 3074 certa

389 3108 621 3191 perstringens.
661 3105 777 3169 Verum
800 3107 859 3170 etsi
882 3106 1080 3171 sufficienter
1102 3129 1151 3170 nie
1174 3107 1315 3190 allegare
1330 3108 1438 3172 oinnia
1454 3112 1660 3196 contigisset,

389 3211 543 3294 numquid
566 3231 665 3292 agens
689 3208 772 3291 apud
797 3208 999 3272 clementiam
1021 3213 1158 3272 vestram
1183 3232 1310 3273 causam
1325 3211 1415 3291 fidei,
1440 3217 1592 3294 poteram
1615 3236 1661 3277 re·

389 3312 499 3395 petitis
529 3312 675 3395 precibus
703 3311 957 3393 importunitatis
985 3311 1125 3375 incessi?
1168 3311 1318 3375 Tirneant
1345 3315 1456 3376 notam
1487 3314 1586 3397 hujus
1613 3316 1658 3379 iu·

388 3413 606 3497 gratitudinis,
624 3413 737 3497 quibus
754 3435 828 3475 cura
844 3417 893 3476 est
907 3413 1047 3476 studium
1063 3413 1202 3497 negotiis
1217 3436 1334 3478 navare
1350 3414 1541 3479 rnumlanis!
1571 3419 1656 3501 Opus

389 3538 453 3578 non
476 3515 589 3598 implet
611 3514 787 3598 evangelii,
811 3516 865 3598 qui
888 3539 906 3577 a
928 3515 1165 3598 praedicatione
1181 3516 1249 3598 ejus
1266 3515 1433 3580 venialiter
1454 3523 1551 3601 [lutat
1567 3542 1653 3603 prosse

389 3617 517 3680 cessari.
552 3616 744 3698 Pervigilem
767 3621 931 3700 pastorum
954 3620 1080 3701 oportet
1102 3639 1170 3681 esse
1186 3618 1373 3701 custodiam,
1397 3624 1430 3682 et
1444 3617 1574 3684 lumbos
1588 3621 1651 3684 siric

388 3718 585 3782 relaxatione
615 3719 825 3802 praecinctos.
873 3718 980 3782 Bonae
1009 3721 1235 3785 admonitionis
1262 3721 1346 3784 sieut
1374 3725 1504 3786 constat
1532 3721 1648 3787 dulcem

388 3821 538 3902 fructum,
562 3821 608 3884 ita
631 3820 698 3903 ejus
721 3843 784 3884 non
809 3822 901 3885 decet
923 3844 991 3885 esse
1012 3823 1188 3888 fasffidmm.
1221 3823 1266 3887 Et
1284 3822 1374 3904 alias,
1399 3844 1455 3886 cnr
1472 3824 1647 3908 pustulatio

389 3922 439 3985 nis
461 3944 550 3985 meac
573 3921 739 3985 molestam
767 3924 1003 3987 mansuetudini
1033 3928 1157 3989 vestrae
1185 3925 1353 4010 quisquam
1380 3924 1469 3988 dieat
1499 3948 1568 3991 esse
1594 3928 1644 3990 fre

388 4023 564 4108 quentiam,
588 4046 685 4107 spurina
707 4046 764 4108 per
786 4047 834 4107 ea,
858 4048 939 4109 quae
961 4029 1044 4090 liunt
1067 4051 1104 4091 cx
1128 4028 1233 4091 officio
1248 4050 1329 4108 mee,
1353 4048 1411 4110 per
1426 4028 1569 4093 remedia
1582 4025 1642 4092 fidei

388 4129 494 4189 vestro
517 4126 702 4189 consulatur
723 4127 880 4210 imperio?
923 4127 1053 4192 Etenim
1076 4150 1156 4213 qnae
1178 4151 1229 4193 me
1251 4132 1365 4193 onerat
1388 4149 1475 4211 eura,
1499 4151 1556 4193 vos
1577 4127 1641 4193 rele

388 4231 456 4292 vat:
480 4227 557 4291 milri
580 4227 746 4309 incumbit,
771 4230 825 4293 sed
849 4230 937 4294 vobis
960 4231 1119 4313 proliciet3
1142 4230 1219 4295 licet
1240 4254 1278 4295 ex
1294 4231 1419 4295 diverso
1435 4232 1640 4296 seminemus

388 4331 511 4394 fructus
534 4330 699 4394 amborum
721 4336 779 4395 est.
818 4331 902 4396 Nam
925 4333 1009 4395 sicut
1030 4355 1134 4416 poena
1157 4336 1286 4397 estnec
1309 4333 1413 4396 elicere
1431 4331 1501 4397 Deo
1524 4334 1639 4417 accepte

388 4455 446 4496 nee
470 4432 590 4513 facere,
614 4435 661 4496 ita
684 4439 771 4497 certa
793 4434 1008 4498 remuneratio
1031 4435 1080 4497 vel
1102 4434 1165 4518 illi,
1195 4435 1247 4518 qui
1271 4434 1431 4518 spiritalia
1453 4435 1639 4519 prruedieave

389 4535 446 4615 rit,
472 4534 520 4597 vel
544 4534 606 4616 illi,
630 4535 685 4619 qui
708 4536 817 4600 audita
840 4560 905 4600 non
927 4537 1094 4620 spreverit.

457 4811 487 4874 ¹⁸)
506 4808 549 4861 lta
566 4807 581 4858 .l
596 4809 612 4875 β
625 4806 652 4860 i².
690 4806 743 4860 Alii
761 4811 796 4860 Et
814 4827 862 4874 per
879 4814 961 4862 omniu
978 4828 1068 4877 epau,
1088 4811 1117 4862 et
1134 4824 1197 4863 mox
1215 4769 1277 4863 uera
1294 4810 1359 4878 (pro
1376 4816 1479 4875 seror).

387 4897 418 4944 ’.Π
457 4895 474 4959 ¹)
494 4892 543 4945 Est
561 4891 723 4946 llormisdae
741 4891 859 4962 epistola
879 4900 916 4947 13.
