3450 5678
671 337 867 389 nrrsronan
889 325 1038 387 40-42.
1426 321 1487 389 831

218 514 290 557 mur
310 491 456 578 proinde,
480 495 517 557 ut
539 494 659 558 sanctis
682 493 880 559 orationibus
902 491 1018 557 vestris
1033 490 1161 556 divium
1183 491 1347 576 potentiae
1369 491 1488 575 suppli·
1500 505 1593 556 11118.

221 594 316 675 cetis,
343 598 502 679 quatenus
530 595 625 660 initia
652 597 755 660 nostri
778 596 968 660 roborentur
989 593 1126 678 imperii.
1171 592 1243 657 Hoc
1266 593 1352 657 enim
1374 595 1407 657 et
1428 615 1487 657 nos

218 718 346 780 sperare
369 700 402 760 et
422 719 478 762 vos
501 697 593 762 decet
614 697 757 782 implere.
802 697 888 761 Data
916 695 1067 763 Calendis
1094 695 1235 779 Augusti
1262 694 1488 761 Constantino·

218 799 295 882 poli,
319 797 441 885 Magno
465 799 532 864 viro
556 799 732 865 clarissimo
755 799 894 864 consule.

722 1019 905 1124 Epistola
930 1019 987 1102 42.

418 1171 559 1240 tustini
581 1173 815 1258 imperatoris
837 1172 881 1238 ad
903 1171 1131 1238 Hormisdam
1154 1189 1292 1256 papam.
1500 1181 1625 1321 rggggp

171 1327 203 1375 ο,
250 1311 349 1376 Synodi
359 1312 656 1378 Constantinopolitanae
674 1315 767 1364 titteris
783 1329 832 1377 pro
852 1314 1013 1363 ecclesiarum
1028 1327 1094 1376 pace
1112 1315 1167 1376 ipse
1183 1313 1324 1376 imperator
1342 1313 1371 1362 id
1385 1313 1453 1377 peti·

253 1404 293 1448 tus
309 1414 358 1462 per
377 1398 480 1448 Gratum
501 1403 573 1449 saort
589 1401 736 1450 comistorit
752 1400 864 1450 comitem
880 1413 941 1447 aanor
952 1398 1077 1461 adjungit,
1097 1404 1172 1464 utque
1184 1398 1326 1448 Hormiado
1341 1404 1452 1462 propter

572 1484 619 1533 hoc
637 1486 760 1549 nepotirun
779 1486 876 1548 legatos
893 1484 1015 1539 destinet,
1034 1484 1132 1533 inuitat.

369 1632 391 1697 J
398 1633 557 1696 ustinus
579 1633 786 1718 Augustus
809 1629 1042 1696 Hormisdae
1064 1653 1198 1716 papae.

302 1750 470 1815 lohannes
494 1751 541 1815 vir
562 1752 784 1835 beatissimus,
813 1750 908 1835 hujus
931 1751 1074 1837 regiae¹)
1097 1751 1185 1815 urbis
1207 1751 1358 1835 antistes,
1383 1756 1416 1816 et
1439 1773 1486 1816 ce·

217 1853 279 1916 teri
301 1853 365 1916 viri
386 1854 528 1938 religiosi
552 1855 692 1938 episcopi
711 1854 749 1918 de
765 1852 898 1917 diversis
920 1852 997 1917 locis
1020 1856 1054 1917 et
1076 1852 1259 1917 ciutahbus
1280 1852 1334 1917 hic
1355 1854 1485 1938 reperti,

217 1958 361 2018 nostram
383 1956 591 2020 serenitatem
614 1957 800 2038 docuerunt,
824 1977 882 2039 pro
906 1954 1075 2019 concordia
1096 1976 1204 2019 veram
1231 1957 1264 2019 et
1278 1954 1486 2019 orthodoxam

217 2055 312 2120 fidem
336 2056 508 2121 colentium
530 2057 681 2142 proque2)
709 2058 835 2121 unitate
856 2056 1088 2121 venerabilium
1116 2057 1184 2140 ejus
1207 2057 1414 2122 ecclesiarum
1434 2057 1486 2122 lit-

216 2160 303 2222 teras
331 2162 406 2223 tuae
435 2160 603 2223 sanctitati
631 2159 809 2224 offerendas
835 2158 1025 2243 confecisse,
1060 2181 1097 2224 ac
1122 2180 1318 2244 magnopere
1346 2158 1486 2244 postula-

217 2263 305 2344 runt,
329 2263 457 2325 nostras
480 2262 577 2326 etiam
600 2260 787 2346 epistolares
808 2261 946 2345 paginas
964 2283 1064 2347 super
1085 2261 1145 2326 hoc
1169 2262 1209 2325 ad
1231 2283 1302 2325 eam
1324 2283 1484 2326 emanare.

217 2359 358 2437 Quorum
385 2363 575 2447 petitiones,
615 2366 726 2447 utpote
755 2384 890 2447 semper.
914 2362 1050 2427 unitatis
1079 2367 1236 2428 amatores
1271 2364 1436 2429 constituti
1447 2365 1484 2452 ³),

215 2461 355 2528 libenter
384 2465 537 2548 amplexi,
566 2465 625 2529 hos
653 2465 777 2528 diuinos
805 2462 911 2548 apices
934 2464 973 2528 ad
996 2467 1084 2528 tuam
1106 2464 1338 2531 beatitudinem
1362 2466 1485 2530 censui-

216 2586 286 2628 mus
309 2566 539 2651 prorogandos.
570 2566 690 2642 Quibus
713 2567 851 2651 scriptis,
876 2565 1040 2631 desideriis
1063 2567 1318 2650 supradictorum
1339 2589 1485 2633 reveren·

217 2667 419 2731 dissimorum
442 2669 625 2732 antistitum
649 2669 832 2751 subvenire,
861 2689 982 2752 proque
1009 2668 1102 2733 nobis
1126 2672 1159 2733 et
1179 2669 1360 2754 republica,
1394 2669 1484 2754 cujus

217 2769 411 2853 gubernatio
433 2773 562 2834 nostrae
584 2770 698 2853 pietati
721 2770 853 2835 coelitus
870 2770 990 2834 credita
1005 2775 1064 2853 est,
1088 2793 1259 2856 supernam
1281 2771 1484 2855 majestatem

218 2869 283 2934 suis
307 2871 505 2936 orationibus
527 2872 657 2956 placare
680 2873 840 2958 dignetur.
885 2871 930 2937 Ut
959 2876 1065 2939 autern
1092 2877 1167 2938 tuae
1190 2872 1374 2938 sanctitatis
1395 2874 1484 2957 pacis

216 2975 250 3035 et
272 2973 407 3037 unitatis
431 2977 526 3058 atque
543 2973 729 3038 concordiae
748 2975 822 3058 jura
844 2973 970 3058 plenius
992 2975 1159 3060 patefiant,
1183 2976 1336 3061 quosdam
1358 2975 1484 3060 religio-

218 3073 359 3138 sissimos
382 3076 561 3140 sacerdotes
590 3098 701 3161 pacem
730 3076 960 3160 amplectentes
983 3080 1016 3141 et
1037 3076 1253 3142 desiderantes
1276 3077 1317 3141 ad
1339 3076 1486 3149 sacratis-

216 3175 333 3240 simum
355 3182 502 3242 nostrum
524 3179 691 3261 pervenire
713 3177 872 3264 disponat.
886 3178 1081 3243 comitatum.
1126 3179 1176 3244 Ob
1198 3177 1283 3244 hanc
1305 3180 1391 3244 enim
1414 3202 1485 3244 cau-

217 3299 286 3341 sam
310 3277 446 3343 Gratum
468 3281 572 3344 virum
595 3279 806 3344 clarissimum
828 3281 910 3345 sacri
931 3281 1035 3346 nostri
1064 3281 1245 3346 consistorii
1273 3282 1421 3347 comitem
1453 3286 1486 3348 et

401 3455 521 3463 ——-

216 3547 261 3604 die
274 3557 291 3605 9
308 3552 456 3621 repentina
472 3554 563 3606 morte
575 3553 695 3620 sublato,
712 3552 863 3608 secundum
876 3552 1024 3609 chronicon
1033 3551 1250 3608 Alexandrinum
1261 3552 1356 3608 tuliis
1373 3553 1419 3608 die
1436 3553 1485 3608 im-

217 3638 332 3704 perator
344 3636 519 3692 renuntiatus
537 3639 587 3704 est,
605 3656 691 3707 quum
707 3640 779 3693 teste
792 3638 939 3694 Theodoro
957 3640 1061 3694 lectore
1078 3656 1144 3709 pag.
1158 3645 1208 3693 ott
1226 3656 1244 3693 a
1261 3638 1361 3693 militia
1372 3654 1485 3693 exorsus
1585 3663 1587 3666 ⁴

216 3720 252 3774 ad
270 3722 441 3776 senatorium
465 3741 550 3791 usque
570 3723 695 3778 ordinem
712 3725 895 3794 pervenisset,
915 3724 988 3779 etin
1006 3724 1082 3778 omni
1099 3724 1158 3779 vita
1175 3723 1304 3794 egregins
1326 3723 1482 3779 emtitisset.

215 3805 352 3876 Euagrius
369 3808 396 3861 h.
416 3824 439 3862 e.
458 3808 505 3876 IV,
523 3815 538 3862 2
558 3808 667 3875 scribit,
686 3825 749 3862 eum
767 3826 903 3863 summam
920 3809 1055 3879 pecuniae
1072 3809 1129 3863 vim
1147 3809 1183 3864 ab
1201 3809 1332 3864 Amantio
1351 3810 1485 3877 eunucho,

215 3893 248 3944 nt
265 3891 416 3946 Theocrito
436 3892 545 3948 cuidam
563 3909 695 3949 coronam
712 3893 885 3962 imperialem
903 3893 1076 3961 conciliaret,
1094 3894 1247 3964 accepisse,
1266 3911 1354 3964 eaque
1365 3895 1485 3964 pecunia

215 3974 329 4030 sibimet
345 3994 394 4031 seu
410 3978 508 4047 populi
525 3978 659 4048 suffragia
677 3996 725 4032 seu
744 3978 935 4033 excubitorum
952 3978 1176 4034 benevolentiam
1193 3978 1350 4033 redemisse.
1382 3979 1486 4044 Quodsi

215 4059 256 4114 ita
274 4063 329 4127 eat,
347 4062 417 4117 haec
434 4064 536 4117 Justini
554 4063 630 4119 dicta
648 4080 731 4133 aegre
749 4081 767 4118 a
784 4065 928 4119 mendacio
947 4069 1112 4134 purgentur.
1149 4063 1204 4118 Sed
1221 4080 1281 4119 rem
1299 4064 1426 4119 eamdem
1444 4064 1486 4119 ita

214 4148 314 4200 ramat
336 4145 520 4217 Theophanes
541 4166 606 4219 pag.
627 4155 673 4202 141
699 4152 727 4203 et
750 4155 811 4216 142,
834 4151 865 4203 ut
887 4166 958 4218 quae
981 4148 1027 4203 hic
1048 4147 1151 4203 asserit
1171 4149 1308 4216 tustinus,
1337 4167 1399 4204 curn
1425 4149 1485 4218 ejus

215 4230 376 4286 narratione
395 4249 561 4303 componore
580 4251 612 4288 ac
630 4234 776 4289 conoifiare
794 4233 886 4288 liceat.
921 4233 1001 4288 Hanc
1019 4249 1127 4288 sacram
1144 4251 1195 4303 per
1211 4234 1400 4289 Alexandrum
1418 4252 1442 4292 v.
1460 4251 1482 4288 c.

214 4315 355 4385 perlatam
372 4334 440 4386 esse,
459 4335 493 4373 ex
510 4319 675 4374 Hormisdae
694 4319 813 4389 epistola
830 4325 864 4375 45
881 4318 945 4374 huic
962 4318 1098 4389 rescripta
1117 4318 1264 4389 colligitur.

214 4406 247 4455 42
284 4404 304 4470 ¹)
322 4401 340 4456 b
358 4409 446 4472 regiae
461 4410 539 4459 aedis.

282 4489 305 4555 ¹)
322 4487 341 4541 b
358 4508 457 4559 proque
476 4496 652 4545 universitate:
676 4490 814 4546 mendose.
856 4490 919 4546 Non
943 4492 1053 4546 exstant
1073 4491 1127 4546 hae
1150 4491 1342 4561 episcoporum
1364 4489 1484 4557 litterae,

215 4569 269 4624 nisi
286 4572 358 4626 lorte
379 4572 424 4627 hic
446 4577 559 4630 notetur
581 4593 699 4646 sequens
726 4576 855 4646 epistola,
882 4593 966 4646 qnam
992 4576 1133 4632 Johannes
1159 4575 1274 4646 proprio
1300 4574 1411 4630 nomino
1438 4574 1484 4629 do·

216 4655 339 4711 runaut.

283 4744 304 4811 ³)
323 4741 447 4798 Verbum
464 4754 595 4801 constituti
611 4748 674 4802 Bar.
694 4749 833 4818 expunxit.
873 4747 934 4802 Hoc
951 4747 1053 4802 Justini
1074 4748 1109 4802 de
1132 4765 1161 4802 se
1183 4745 1374 4802 testimoninm
1391 4746 1483 4800 Thoo-

216 4822 300 4880 dorua
321 4828 409 4882 lector
431 4847 495 4900 pag.
518 4838 567 4887 505
591 4834 742 4888 confirmat.
788 4833 828 4886 Eo
853 4833 956 4903 quippe
978 4833 1049 4889 teste
1072 4833 1095 4887 is
1116 4833 1270 4904 imperator
1290 4832 1367 4903 prius
1390 4830 1484 4899 etiam,

216 4926 300 4978 quarn
317 4912 428 4984 imperii
446 4915 570 4985 regimen
590 4919 755 4990 susciperet,
775 4931 862 4974 rectae
876 4924 940 4986 fidei
956 4925 1039 4974 cultor
1056 4929 1113 4975 erat
1130 4924 1330 4974 ardentissimus.
