3412 5664
798 330 826 381 S.
843 330 1049 383 Ronmanis
1071 330 1185 382 Passa

860 517 1042 622 Epistola
1069 519 1123 605 51.

208 682 345 747 (amam.
538 672 751 739 Hormisdaa
773 689 884 757 papae
906 671 949 740 ad
972 672 1208 758 Euphemiam
1231 671 1445 758 ragusam.

240 745 314 810 m)
437 812 510 864 Illius
527 829 576 879 liro
593 829 659 880 paee
676 815 784 864 stadium
801 816 989 872 commendans,
1012 821 1039 863 ui
1057 814 1162 866 libellum
1180 817 1353 868 transmiseras
1372 815 1405 866 ab
1423 816 1551 882 θΡίΜΡῘ*

805 899 929 950 subscribi
944 906 1027 960 curet,
1045 907 1177 966 precatur.

512 1031 723 1097 Hormisda
745 1032 1021 1121 Euphemiae¹)
1044 1033 1259 1121 Augustae.

448 1152 477 1216 1.
512 1149 729 1216 Ecclesiamm
752 1175 814 1238 pax
832 1153 902 1238 jam
926 1153 1054 1218 coelesti
1069 1154 1272 1219 ordinatione
1296 1154 1504 1240 componitur,
1523 1170 1606 1242 quum

358 1275 414 1318 vos
437 1252 477 1317 ad
500 1253 668 1335 imperium
683 1254 769 1320 Deus
793 1255 900 1340 elegit,
926 1256 1009 1340 apud
1032 1277 1109 1340 quos
1132 1278 1200 1321 esse
1221 1256 1388 1342 integrum
1410 1278 1524 1342 semper
1539 1253 1604 1323 reli·

359 1354 465 1440 pionis
493 1377 568 1420 suae
597 1358 747 1443 cognovit
775 1358 932 1422 affectum.
976 1356 1061 1421 Nam
1087 1360 1172 1423 sicut
1203 1359 1239 1423 in
1270 1359 1400 1444 privata
1430 1359 1494 1424 vita
1514 1358 1602 1424 Deum

359 1479 484 1542 semper
505 1460 593 1522 recto
615 1458 765 1544 dogmate
789 1459 947 1543 coluistis,
969 1463 1007 1524 ut
1028 1459 1067 1524 de
1088 1459 1254 1544 religionis
1279 1460 1449 1525 concordia
1469 1461 1600 1547 copore

360 1559 413 1641 tis,
437 1562 470 1624 et
490 1560 593 1624 multa
615 1561 743 1645 quidem
765 1564 851 1625 misr
873 1562 943 1645 ipsa
965 1560 1089 1645 imperii
1112 1563 1211 1627 vestri
1233 1561 1410 1647 primordia
1429 1562 1510 1628 sacta
1525 1564 1595 1643 sunt,

360 1682 440 1747 quae
468 1682 557 1745 spem
584 1662 677 1726 nobis
706 1663 911 1728 correctionis
938 1663 1085 1749 intcgrae
1113 1664 1317 1748 pollicentur.
1369 1662 1462 1730 Unde
1486 1663 1593 1750 quirin

359 1762 449 1827 vobis
472 1784 612 1827 amorem
632 1763 755 1828 fervere
770 1764 843 1829 fidei
867 1765 1076 1849 gratulamur,
1101 1769 1235 1850 agentes
1249 1765 1319 1831 Dec
1342 1765 1464 1851 gratiss
1483 1763 1591 1851 quotidie

360 1887 418 1950 pro
439 1865 529 1929 vobis
551 1865 645 1929 beato
667 1865 763 1930 Petro
785 1866 929 1952 apostolo
957 1866 1191 1952 supplicemus,
1222 1870 1259 1932 ut
1286 1867 1372 1933 votis
1399 1869 1506 1934 vestis
1528 1867 1587 1952 opud

360 1966 533 2031 Dominum
555 1967 764 2052 suffragetur,
795 1972 827 2033 et
856 1992 981 2034 cursum
1003 1969 1107 2033 bonae
1129 1969 1306 2034 voluntatis
1328 1968 1506 2054 adimpleat.
1539 1968 1584 2034 Nec

360 2069 490 2134 dubium
513 2071 562 2133 cst
583 2069 699 2134 divinis
721 2091 776 2135 vos
800 2071 926 2136 auxiliis
949 2071 1104 2156 adjuvari,
1128 2071 1203 2156 quia
1225 2073 1318 2136 tanto
1333 2071 1494 2158 religionis
1511 2068 1583 2136 stadio

360 2171 522 2235 mandatis
545 2171 734 2237 coelestibus
757 2173 902 2238 obeditis.
934 2172 1020 2237 Hinc
1036 2175 1094 2257 est,
1118 2173 1202 2257 quod
1216 2173 1292 2259 quia
1313 2177 1463 2238 sanctum
1482 2169 1582 2256 conjugii

360 2274 459 2338 vestri
481 2277 608 2339 constat
629 2296 698 2339 esse
720 2275 934 2360 propositum,
963 2274 1022 2339 has
1051 2273 1243 2339 fiducialiter
1266 2274 1306 2339 ad
1328 2277 1468 2340 vcshum
1487 2275 1582 2341 elemu-

360 2376 441 2440 tiam
456 2375 581 2440 litteras
596 2376 804 2460 destinamus,
828 2379 865 2441 ut
880 2398 937 2460 per
951 2398 1005 2441 vos
1021 2376 1062 2441 ad
1083 2376 1310 2461 perficiendam
1326 2376 1488 2443 Ecclesiae
1504 2395 1582 2463 procu

361 2477 469 2542 mariti
490 2478 589 2542 vestri
610 2477 713 2561 pietas
736 2478 871 2563 amplius
893 2479 1056 2544 incitetur.

446 2579 476 2644 2.
509 2579 665 2664 Magnum
688 2601 766 2664 opus
789 2580 979 2665 arripuistis,
1004 2602 1124 2665 magna
1146 2581 1235 2646 vobis
1257 2602 1354 2646 causa
1376 2580 1529 2647 commissa
1545 2580 1582 2642 st

362 2681 424 2746 Per
445 2703 501 2746 vos
524 2681 641 2764 enim2)
664 2682 798 2768 populos
815 2680 959 2747 Christus
981 2682 1049 2746 vult
1072 2682 1111 2747 ad
1126 2681 1291 2748 Ecclesiae
1312 2682 1443 2748 foedera
1463 2701 1584 2757 remma,

361 2805 439 2867 quos
470 2804 527 2868 per
552 2805 586 2848 se
613 2784 714 2848 voluit
740 2808 759 2848 a
786 2787 888 2850 morte
915 2783 1080 2849 redimere.
1130 2783 1253 2871 Magna
1280 2785 1379 2849 etiam
1405 2788 1503 2850 vestro
1524 2781 1585 2848 sexu

361 2888 476 2970 parata
498 2888 546 2950 est
567 2886 671 2951 laudis
694 2886 834 2969 occasi0,
863 2887 891 2949 si
917 2886 1007 2951 vobis
1029 2886 1227 2951 instantibus
1249 2885 1417 2952 Ecclesiae
1438 2908 1507 2952 suae
1524 2882 1586 2951 Clid-

362 2991 431 3053 stus
459 3008 540 3073 quae
568 2988 670 3055 divisa
697 2989 827 3054 fuerant
856 2989 999 3054 membra
1022 2987 1209 3072 conjungat.
1254 2987 1325 3053 Nec
1347 2989 1433 3053 enim
1453 2987 1540 3073 major
1554 2986 1587 3048 est

364 3089 483 3175 gloria,
518 3112 598 3175 quae
623 3091 783 3156 humanae
811 3090 924 3155 salutis
946 3090 1072 3176 lignum
1093 3092 1235 3155 scrutato
1257 3092 1321 3172 est,
1346 3093 1380 3155 et
1400 3089 1465 3155 sola
1484 3108 1586 3163 amcam

364 3214 460 3276 quam
482 3193 586 3258 omnis
608 3197 780 3258 veneratur
801 3192 948 3275 mundus,
964 3191 1099 3256 invenit.
1131 3190 1329 3276 superabitis
1345 3191 1511 3276 quinimmo
1527 3188 1588 3254 illius

362 3294 494 3377 merita,
525 3295 599 3379 quia
621 3294 785 3360 Ecclesiae
807 3295 914 3358 unitas
936 3315 993 3379 per
1015 3293 1103 3359 illam
1125 3315 1217 3358 suum
1237 3293 1365 3358 invenit
1391 3293 1524 3380 signum,
1548 3309 1588 3374 pat

363 3418 417 3460 vos
441 3399 490 3460 cst
511 3397 661 3462 habitura
683 3397 867 3461 remedium.
904 3399 992 3481 Agat
1013 3395 1112 3481 igitur
1130 3394 1251 3481 jugalis
1272 3394 1372 3460 vestri
1393 3395 1530 3482 religiosa
1545 3390 1588 3457 cle

363 3498 502 3581 mentia,
531 3501 568 3562 ut
589 3498 705 3563 fratres
728 3501 761 3563 et
784 3497 962 3583 coepiscopi
989 3496 1091 3562 nostri
1114 3498 1172 3562 sub
1194 3517 1231 3561 eo
1252 3495 1355 3561 libelli
1375 3501 1497 3581 tsnore,
1520 3512 1588 3580 quau

363 3600 481 3664 dudum
503 3599 663 3682 misimus,
691 3600 787 3664 fidem
810 3622 899 3663 suam
921 3599 1096 3684 dignentur
1118 3619 1274 3680 asserere,
1302 3602 1458 3684 quatenus
1478 3596 1588 3683 peram

362 3702 465 3786 possit
486 3723 554 3766 esse
576 3724 656 3786 quae
680 3704 728 3766 est
749 3700 901 3766 inchoata
924 3701 1092 3782 correcti03
1115 3702 1189 3785 quia
1209 3701 1303 3765 irrito
1332 3706 1384 3766 est
1408 3694 1588 3787 quaelibetio

364 3804 490 3868 cultura
516 3803 577 3868 Dei
600 3803 773 3885 confessio,
804 3803 854 3867 cui
882 3803 971 3867 deest
991 3802 1064 3867 fidei
1087 3801 1262 3886 plenitudo.
1299 3802 1371 3868 Hoc
1393 3803 1476 3868 enim
1493 3797 1589 3886 quoda

363 3904 493 3989 reliquis
515 3905 584 3970 fieri
606 3905 766 3990 poscimus
774 3906 811 3988 ³),
836 3905 977 3969 amultis
989 3905 1058 3989 jam
1073 3904 1290 3969 sacerdotibus
1314 3909 1441 3970 constat
1460 3902 1589 3975 efferim

364 4012 396 4073 et
418 4008 525 4072 unitos
553 4028 621 4071 esse
645 4007 734 4090 justa
754 4007 791 4071 in
813 4007 1035 4072 communione
1061 4028 1127 4071 non
1153 4007 1288 4092 poterit,
1317 4007 1346 4071 si
1372 4028 1439 4072 non
1464 3998 1590 4071 fueritis

364 4111 542 4175 reversione
565 4111 700 4173 servata.

364 4321 394 4367 51
432 4316 451 4380 ¹)
469 4314 546 4368 Haec
563 4318 692 4382 lupicina
703 4315 753 4367 aut
764 4319 885 4382 Leptoia,
904 4311 1039 4382 Procopio
1057 4311 1121 4366 hist.
1139 4329 1194 4367 arc.
1214 4318 1305 4383 capo
1322 4312 1353 4368 et
1369 4306 1590 4383 Theophsnectm

364 4415 442 4468 nogr.
460 4418 488 4470 p.
509 4405 555 4452 141
576 4397 628 4466 (ed.
648 4398 781 4468 Boump.
800 4397 1008 4466 coeptantibus,
1032 4397 1191 4452 vocabatur.
1228 4395 1283 4453 Sed
1304 4400 1336 4453 ut
1354 4396 1510 4453 Theodorus
1527 4394 1591 4448 haar

363 4503 389 4554 p.
404 4490 454 4539 555
472 4485 500 4538 et
512 4483 695 4553 Theophanes
712 4484 730 4536 l.
745 4500 767 4538 c.
786 4483 911 4550 tradunt,
929 4484 1028 4553 postea
1045 4499 1129 4551 quam
1146 4483 1273 4552 Auguste
1290 4484 1451 4554 nuncupata
1466 4484 1515 4547 est,
1528 4490 1591 4548 pop*

363 4569 406 4623 lus
424 4587 487 4624 eam
503 4567 686 4638 Euphemiam
705 4568 867 4625 nominavit.

430 4657 452 4722 ²)
471 4653 520 4707 Ed.
541 4660 627 4721 eham,
646 4669 765 4720 moxque
783 4657 838 4707 Nec
856 4658 913 4720 ejus
983 4660 1063 4709 sclam
1079 4672 1185 4708 macera.

432 4741 452 4807 ³)
470 4740 513 4793 Ita
530 4739 564 4794 G¹
578 4741 614 4793 α’.
650 4738 717 4793 bec
733 4745 902 4807 poposcimus.
