3412 5664
643 329 837 379 nersroxnu
861 320 932 377 131.
958 279 1030 376 132:
1410 314 1474 381 955

196 480 388 567 Spirituque
410 485 522 547 sancto
544 504 691 568 regnare,
715 482 957 569 majestatisque
979 483 1048 568 ejus
1070 505 1240 566 personam
1262 483 1297 548 in
1311 483 1472 551 Trinitate
1485 494 1601 561 (atro.)

195 587 233 648 ct
258 606 298 649 ex
320 583 481 650 Trinitate
508 607 574 651 non
602 585 775 649 infideliter
797 584 964 650 credimus.
1014 584 1063 650 Dc
1084 585 1267 651 nominibus
1291 589 1398 651 antem
1420 587 1471 652 de·

193 685 387 752 functorum
410 687 629 771 episcoporum
652 687 835 771 clementer,
860 690 893 752 et
914 690 951 752 ut
972 686 1065 753 decet
1084 687 1254 773 pacificum
1271 691 1396 773 patrem
1410 689 1472 754 dis-

194 789 329 872 ponite:
352 788 427 874 quis
448 793 554 854 vester
575 811 699 875 quoque
721 789 945 874 praedecessor
960 790 1074 855 beatae
1095 790 1325 856 recordationis
1348 791 1386 856 ad
1410 783 1616 856 melum-H

193 891 323 956 moriae
345 890 533 976 principalis
555 888 764 956 Anastasium
786 892 924 976 scripsit,
952 894 989 956 ut
1009 893 1037 956 si
1058 913 1176 957 nomen
1199 893 1310 958 Aeacii
1332 896 1473 959 tantum-
1486 858 1551 921 ep.1
1564 861 1623 906 nr.

193 993 329 1080 modo²)
352 992 527 1075 tolleretur,
556 1015 622 1057 una
643 993 736 1058 nobis
759 997 843 1058 esset
866 994 1057 1059 communio.
1101 994 1217 1059 Nonne
1245 995 1346 1080 igitur
1371 996 1474 1061 suasit

194 1098 310 1160 restra
338 1095 443 1178 sedes,
478 1095 546 1181 utl)
575 1095 742 1180 praestet?
785 1094 909 1161 Imitari
937 1095 1060 1160 debetis
1087 1097 1207 1160 etenim
1234 1097 1473 1162 sanctissimum

194 1198 343 1263 Leonem
357 1197 538 1262 Romanurn
559 1198 755 1282 pontificem,
780 1219 818 1262 ac
841 1197 926 1262 sicut
946 1196 1001 1261 ille
1023 1197 1154 1282 scripsit
1166 1198 1277 1282 Leoni,
1300 1199 1347 1263 ita
1370 1202 1403 1264 et
1416 1221 1473 1265 vos
1490 1191 1575 1247 ¹¹0011·

195 1299 349 1364 omnibus
372 1299 547 1383 amputatis
570 1298 823 1363 dubitationibus
844 1299 1004 1384 perfectas
1026 1300 1239 1385 pacificasque
1266 1302 1404 1386 paginas
1432 1264 1596 1367 adep'lffi'

195 1400 448 1467 invictissimum
475 1401 654 1485 principem
682 1400 782 1465 filium
810 1404 953 1465 vestrum
986 1401 1160 1467 rescribere
1187 1401 1401 1488 Ecclesiae⁴),
1436 1407 1474 1469 ut

198 1507 278 1568 ante
299 1503 443 1568 tribunal
464 1503 591 1569 venturi
609 1502 727 1588 judicis
749 1503 911 1588 particeps
920 1504 945 1590 5)
969 1524 1076 1568 eorum
1099 1504 1185 1587 sitis,
1209 1526 1344 1589 quorum
1365 1506 1472 1571 sedem

194 1607 272 1691 jure
295 1605 484 1670 sacerdotali
505 1605 633 1670 tenetis
672 1604 831 1670 Ostendat
853 1627 929 1691 ergo
950 1610 1024 1671 tuns
1047 1606 1254 1690 apostolatus,
1278 1608 1361 1692 quod
1376 1607 1472 1673 Petro

199 1707 355 1772 successit
377 1707 536 1792 apostolo;
568 1707 719 1792 quoniam
741 1707 898 1773 Dominus
920 1703 1051 1772 a'vobis
1079 1710 1191 1793 utpote
1212 1709 1344 1774 summis
1365 1713 1472 1794 pasto-

199 1810 291 1875 ribus
319 1812 488 1874 exacturus
517 1811 566 1874 est
592 1809 813 1874 universorum
841 1810 993 1894 salutem,
1027 1810 1082 1894 qui
1110 1813 1263 1894 poterunt
1295 1833 1364 1877 esse
1392 1812 1471 1877 salvi

199 1914 329 1978 firmata
352 1911 533 1978 concordia.
578 1910 646 1976 Nos
673 1913 793 1976 etenim
814 1912 915 1977 fmitis
945 1912 1108 1997 capitulis,
1143 1912 1182 1976 de
1208 1913 1324 1998 quibus
1351 1915 1472 2000 scripta

199 2013 402 2100 suscepistis,
431 2013 550 2099 ultral)
565 2035 644 2100 ‚non
667 2014 826 2098 patiemur
853 2036 1053 2099 aquoquam
1076 2016 1324 2080 controversiam
1346 2015 1472 2102 religio-

199 2118 252 2183 nis
279 2117 315 2181 in
337 2115 501 2201 republica
527 2118 638 2180 nostra
661 2117 795 2200 moveri,
830 2139 890 2181 nec
917 2119 1058 2182 vestram
1087 2118 1294 2183 sanctitatem
1322 2111 1472 2194 converiit

200 2219 312 2286 audire
334 2217 494 2303 superflua
517 2221 751 2284 concertantes.

267 2496 289 2561 ²)
306 2493 472 2548 Anastasius
488 2493 515 2547 ΙΙ
531 2508 607 2563 papa
624 2491 704 2561 epist.
726 2498 738 2544 1
759 2491 795 2545 ad
812 2491 990 2546 Anastasium
1011 2497 1164 2560 principalis
1180 2499 1327 2556 memoriae,
1349 2492 1403 2549 hoc
1420 2496 1472 2561 est,

200 2579 247 2646 qui
266 2577 333 2632 olim
350 2576 479 2648 princeps
496 2576 561 2643 fixit,
580 2594 655 2630 num.
672 2583 689 2630 4
707 2592 762 2631 non
781 2576 833 2642 ait,
850 2579 882 2630 'at
899 2582 1081 2641 tantummodo,
1105 2577 1154 2631 sed
1171 2583 1203 2631 ut
1219 2584 1368 2647 specialiter
1384 2599 1471 2634 nomen

199 2673 318 2718 taceatur
336 2668 441 2717 Aeacii:
465 2661 540 2732 quod
563 2660 669 2715 scilicet
691 2679 775 2714 unum
796 2660 931 2715 hactenus
953 2660 1070 2715 ecclesia
1088 2659 1397 2732 Constantinopolitano
1415 2680 1472 2718 ma·

199 2748 273 2802 xime
296 2749 444 2802 recusarat.
487 2745 542 2800 Sed
563 2744 616 2800 hoc
637 2745 802 2800 nominatim
820 2745 942 2811 edicens,
965 2761 1143 2815 nequaquam
1161 2748 1192 2800 ut
1213 2746 1332 2801 aliomm
1355 2746 1402 2814 qni
1423 2747 1471 2802 da-

199 2832 288 2888 mnati
306 2834 418 2887 fuerant
435 2831 548 2887 nomina
564 2829 749 2885 recitarentur
765 2831 956 2900 permittebat.
986 2831 1075 2886 immo
1092 2848 1128 2886 ne
1140 2829 1169 2884 id
1186 2831 1274 2897 lieret,
1291 2830 1397 2885 ibidem
1414 2840 1470 2886 Η

200 2916 303 2972 diserte
321 2917 486 2988 deprecatus
508 2918 559 2971 est·
572 2915 615 2969 his
632 2916 737 2971 verbis:
763 2920 902 2983 hepaticus
920 2922 1004 2986 itaque
1022 2920 1152 2985 frenamur
1173 2936 1222 2984 pro
1241 2919 1354 2979 Olristo,
1378 2936 1409 2971 ne
1427 2937 1471 2973 eos

198 3014 309 3072 propter
320 3009 487 3058 ostensionem
498 3009 538 3057 oet
553 3007 699 3056 scandalum
716 3007 849 3070 patiamini
864 3005 964 3070 prtblice
976 3007 1108 3064 nominari,
1127 3021 1230 3072 quoram
1241 3009 1332 3056 merita
1348 3007 1387 3056 ael
1399 3013 1471 3057 actm

199 3094 271 3157 apud
289 3094 356 3142 illam
367 3093 482 3154 jadicem
499 3092 583 3141 latere
601 3106 650 3140 aaa
668 3098 781 3155 poemat.

268 3173 413 3240 ³)1taG1.
455 3175 481 3226 a'
505 3183 533 3225 at
553 3183 671 3241 praestet
691 3178 787 3226 imitari
807 3177 922 3227 debeatis
944 3182 969 3226 et
990 3177 1068 3232 enim
1096 3171 1167 3227 aliae
1191 3181 1218 3225 al
1238 3180 1355 3241 praestet
1378 3178 1472 3225 imitari

199 3260 368 3311 beatissimam
386 3269 411 3312 et
427 3263 609 3312 sanctissimum
627 3262 746 3314 Leonem.
782 3256 835 3311 Vel
852 3257 1015 3326 legendum:
1032 3261 1106 3310 Nunc
1123 3262 1201 3326 ipitur
1219 3262 1288 3327 quod
1303 3261 1384 3310 suant
1395 3263 1471 3312 sedes

198 3354 286 3397 cestra
304 3347 332 3396 id
345 3354 476 3412 praestet,
501 3343 545 3396 v‘el
567 3342 648 3397 utin
671 3342 795 3412 ejusdem
817 3341 969 3397 Justiniani
991 3340 1110 3412 epistola
1129 3346 1177 3395 120
1194 3358 1220 3394 n.
1240 3346 1256 3394 2
1279 3361 1329 3396 noa
1351 3351 1391 3396 est
1408 3359 1470 3410 erac

195 3447 291 3498 mace,
311 3434 380 3497 qnod
395 3433 476 3483 merit
493 3433 569 3482 sedes
586 3439 684 3493 nestra,
703 3439 730 3480 ut
746 3438 871 3497 praestet.

267 3515 289 3582 ⁴)
307 3513 381 3567 Loco
400 3518 533 3567 Ecclesiae
551 3513 696 3568 mallemus
714 3518 819 3569 debetis.

268 3600 289 3666 5)
307 3598 334 3651 Is
352 3597 484 3667 loquendi
501 3597 612 3663 modus,
631 3615 685 3667 quo
704 3597 820 3651 verbum
836 3596 952 3667 pluralis
963 3597 1071 3652 numeri
1082 3599 1200 3667 propter
1211 3595 1397 3653 reverentiam
1408 3611 1469 3666 per-

197 3698 285 3737 sonae
304 3698 367 3736 cnm
384 3682 495 3737 nomine
513 3682 660 3752 singularis
679 3682 787 3737 numeri
807 3684 924 3753 propter
946 3682 1072 3752 ejusdem
1092 3697 1228 3752 personae
1247 3679 1470 3752 singularitatem

197 3766 362 3838 copulatur,
379 3766 408 3821 in
425 3770 523 3822 nostra
539 3767 637 3837 lingua
649 3766 807 3821 etiamnunc
819 3767 936 3822 usitatus
949 3766 1069 3836 antiquis
1081 3783 1137 3821 non
1149 3766 1296 3822 inusitatus
1308 3765 1368 3820 fuit.
1398 3765 1469 3830 Quo·

197 3852 274 3907 circa
290 3851 361 3906 nihil
379 3858 432 3919 est,
450 3871 498 3907 cur
516 3871 578 3908 cum
597 3871 631 3907 cc
648 3859 789 3922 participes
806 3869 949 3923 ponamus.

266 3939 288 4005 ⁶)
307 3937 350 3991 Ita
369 3954 430 3992 cum
449 3940 486 3993 c¹⁰
497 3941 526 3993 a³
544 3937 725 4003 correximus,
744 3937 818 4006 quod
831 3938 914 3992 antea
927 3944 995 3991 altra
1012 3957 1058 3991 aaa
1074 3944 1208 4006 patiemur.
1239 3935 1380 4007 Capitula,
1397 3954 1469 4005 quaa

195 4020 370 4077 iustinianus
388 4022 460 4077 finiri
478 4021 600 4092 flagitat,
618 4039 674 4077 non
692 4022 748 4077 alia
765 4028 829 4078 sunt
847 4023 883 4077 ab
901 4021 955 4077 illis
973 4021 1095 4090 duobus,
1114 4021 1215 4092 quibus
1234 4020 1393 4092 compositis
1411 4020 1469 4075 uni-

196 4122 293 4161 versos
312 4105 433 4162 Orientis
451 4108 610 4164 sacerdotes
628 4109 771 4163 Romanae
793 4106 865 4162 sedis
887 4107 1108 4162 communionem
1131 4108 1307 4177 amplexuros
1328 4107 1403 4161 idem
1426 4114 1496 4160 co·

196 4210 258 4247 mes
276 4191 313 4246 ad
331 4192 436 4247 calcem
453 4192 588 4263 epistolae
608 4200 655 4247 12²0
672 4193 740 4248 item
758 4191 889 4256 adstruit,
908 4192 965 4246 scil.
985 4192 1017 4245 ut
1034 4192 1182 4246 Hormisda
1199 4213 1271 4246 anim
1288 4212 1325 4246 ex
1344 4196 1469 4246 Trinitate

196 4281 347 4344 crucifixam
365 4275 419 4331 dici
437 4286 466 4332 et
484 4284 659 4347 episcoporum
676 4290 734 4347 port
754 4284 874 4332 Acacium
892 4279 1068 4342 delicatiorum
1080 4283 1179 4332 aomina
1190 4283 1297 4332 recitari
1313 4274 1466 4348 permittat.

195 4361 234 4416 Iis
252 4363 355 4426 antem,
374 4379 445 4432 quae
463 4380 536 4417 nunc
547 4362 720 4418 Justinianus
736 4362 891 4434 pollicetur,
907 4361 986 4416 illum
997 4359 1110 4415 minime
1122 4360 1243 4428 stetisse,
1260 4363 1339 4417 testis
1351 4364 1394 4416 est
1406 4376 1468 4416 con·

195 4446 337 4501 troversia
355 4447 389 4502 dc
407 4447 496 4501 tribus
514 4447 643 4518 capitulis
665 4449 695 4502 et
716 4448 800 4514 aliac,
825 4465 893 4516 quas
915 4446 944 4500 in
961 4444 1085 4500 Ecclesia
1102 4463 1158 4500 non
1181 4446 1240 4501 sine
1262 4446 1393 4502 scandalo
1411 4462 1468 4500 mo·

196 4531 258 4587 veri
275 4548 374 4602 passus
393 4534 435 4587 est
452 4550 485 4586 ac
502 4534 615 4603 practer
631 4532 660 4586 id
679 4533 754 4603 quod
771 4533 861 4604 ipsum
880 4531 999 4586 decebat
1015 4531 1162 4601 promovit.
