3450 5678
550 338 744 389 arrsronsn
767 330 796 388 9.
822 331 871 388 10.
1287 325 1347 390 un

82 499 207 583 legatos
229 495 465 580 direximus¹¹),
496 494 633 559 Domino
655 494 733 558 Jcsu
756 493 883 559 Christo
905 494 1100 578 supplicate,
1130 497 1166 557 ut
1187 495 1272 579 ipse,
1295 497 1347 580 qui
1362 521 1386 559 a.
1397 510 1455 560 515.

82 623 140 686 pro
162 599 282 684 pietate
304 620 362 662 sua
384 618 570 681 prosperum
586 596 718 661 donavit
736 596 875 679 initium,
900 595 1036 660 similem
1051 597 1223 661 concedere
1238 598 1349 683 digne-

84 707 136 768 tur
164 702 320 766 effectum.
366 699 533 765 Urbanum
567 698 650 762 sedis
678 699 872 782 apostolicae
899 692 1115 783 defensorem,
1149 699 1247 765 etiam
1274 700 1349 766 huic

83 808 193 890 aptum
215 803 356 887 negoti0,
381 801 420 865 ad
444 802 611 865 caritatem
632 804 722 864 tuam
738 799 926 865 direximus:
948 822 1112 886 perquem
1129 802 1168 866 de
1187 802 1348 868 universa

83 930 152 971 rum
168 905 331 990 effecum
347 925 514 968 causarum
536 924 688 987 responso
711 925 852 988 congruo
875 903 1019 988 cupimus
1041 924 1122 988 quae
1144 908 1221 968 sunt
1241 905 1350 970 votiva

84 1029 285 1094 cognoscere.
330 1007 417 1070 Deus
439 1027 494 1069 vos
517 1005 692 1070 incolumes
715 1005 888 1088 custodiat,
911 1005 1028 1069 fratres
1051 1004 1224 1070 carissimi!
1264 1006 1350 1072 Data

82 1099 181 1197 111¹2)
204 1110 279 1174 Idus
301 1107 515 1193 Septembres,
540 1108 703 1172 Florentio
725 1108 793 1171 viro
816 1107 991 1172 clarissimo
1014 1107 1152 1172 consule.

581 1296 762 1399 Epistola
788 1296 843 1379 10.

1358 1445 1383 1481 a.
1395 1433 1444 1481 als
1461 1426 1488 1481 d.
1505 1471 1508 1477 .

141 1451 322 1519 Anastasii
344 1450 577 1534 imperatoris
597 1450 641 1516 ad
663 1449 889 1516 llornrisdaur
913 1467 1038 1532 papam
1067 1466 1132 1532 por
1154 1449 1291 1532 legatos
1368 1501 1399 1549 ,6
1410 1493 1473 1549 Juli.

479 1551 810 1635 sedisapostolicae
832 1552 951 1617 misso.

12 1705 73 1753 105,
106 1698 126 1746 L
143 1695 217 1745 rinei
234 1695 389 1757 protensione
407 1695 502 1742 emisse
519 1693 663 1741 Nestorium
681 1696 708 1741 et
724 1693 857 1752 Eutychen
874 1692 986 1740 damst

93 1780 356 1830 monchonsensis
378 1780 467 1838 synodi
489 1778 631 1826 constituta
651 1778 741 1826 multis
764 1778 922 1827 decessorum
944 1789 1045 1826 suorum
1068 1777 1179 1826 decretis
1201 1779 1351 1827 commu

167 1879 214 1913 nee
232 1878 248 1912 s
266 1877 294 1912 se
312 1867 435 1913 mvocsts
453 1877 517 1913 esse.
943 1919 944 1922 Ἴ

81 1952 127 2000 m
144 1949 235 2001 sceui
252 1949 411 2010 dierumque
430 1949 576 1998 mamertem
594 1950 649 1998 sine
668 1949 788 1998 wandalo
806 1947 920 2010 expungi
936 1960 986 1997 non
1003 1961 1083 2011 porse,
1101 1961 1182 2009 quare
1199 1948 1258 2010 paci
1269 1948 1351 1998 socle-

168 2036 263 2084 simum
281 2035 469 2103 consulendum

82 2190 264 2267 Exemplum
293 2205 403 2249 sacrae
430 2189 588 2250 Ausetani
609 2189 741 2265 Augusti
768 2187 952 2249 Hormiedee
973 2205 1074 2267 papae
1100 2206 1158 2266 per
1179 2187 1351 2248 Ennodium

84 2295 116 2351 et
136 2293 338 2351 Fortunatam
361 2289 534 2367 episcopos,
564 2290 751 2351 Venantium
772 2289 1001 2368 presbyterum,
1028 2289 1163 2352 vitalem
1186 2286 1351 2351 diaconum

529 2397 561 2453 et
582 2391 723 2454 Hilarum
746 2391 907 2452 namnum.

171 2527 197 2589 1.
233 2524 362 2589 Gratias
391 2525 605 2609 omnipotenti
632 2523 700 2587 Deo
729 2523 911 2605 referimus,
946 2524 1028 2608 quod
1062 2525 1217 2588 sanctitas
1246 2528 1351 2589 vestra

83 2626 262 2711 disciplinis
285 2626 474 2690 coelestibus
498 2627 663 2708 instituta,
688 2625 771 2689 sicut
792 2627 1010 2709 poposcimus,
1042 2625 1167 2711 legatos
1189 2626 1263 2690 fidei
1285 2626 1351 2691 En-

83 2729 214 2794 nodium
237 2733 269 2793 et
284 2728 495 2792 Fortunatam
513 2727 712 2792 venerabiles
735 2727 899 2811 episcopos
921 2728 976 2791 sed
998 2728 1097 2792 etiam
1118 2728 1203 2792 viros
1225 2728 1351 2813 religio-

84 2853 135 2895 sos
156 2829 354 2894 Venantium
382 2830 618 2914 presbyterum,
653 2829 795 2894 Vitalem
823 2829 991 2893 diaconum
1025 2833 1058 2894 et
1085 2829 1233 2894 Hilarum
1260 2834 1351 2895 nota-

84 2933 183 3015 rium,
217 2932 326 3016 quales
355 2933 508 3017 poscebat
540 2953 654 2996 causae
686 2931 881 3012 sublimitas,
916 2931 1104 3016 destinavit3
1141 2933 1196 3016 qui
1228 2933 1350 3017 negotii

84 3034 340 3119 magnitudinem
368 3033 500 3118 implere
529 3034 654 3117 possint
681 3032 889 3098 ecclesiastici
921 3033 995 3097 luco
1026 3033 1197 3117 sermonis,
1235 3035 1351 3118 quique

83 3140 237 3221 operante
252 3135 321 3200 Deo
343 3136 451 3199 onmia
472 3136 633 3200 subtiliter
655 3136 863 3220 requirentes,
886 3157 968 3219 quae
990 3137 1030 3200 ad
1052 3139 1174 3200 rectam
1196 3139 1230 3201 et
1243 3158 1352 3201 veram

84 3239 338 3304 Christianorum
360 3239 525 3322 pertinent
547 3238 651 3321 fidem,
676 3242 709 3302 et
730 3238 790 3321 ipsi
814 3237 898 3301 sicut
919 3238 1026 3302 decuit
1047 3238 1260 3321 declararunt,
1285 3241 1317 3302 et
1332 3262 1351 3301 a

83 3342 176 3406 nobis
199 3342 282 3404 sicut
303 3340 446 3424 oportuit
467 3342 684 3423 agnoverunt:
707 3340 782 3423 qnia
805 3362 869 3403 una
892 3343 940 3403 est
962 3339 1108 3404 Ecclesia
1130 3339 1201 3423 Dei,
1226 3344 1351 3424 aposto-

83 3443 153 3507 licis
176 3443 293 3527 ubique
315 3443 443 3506 firmata
465 3441 630 3505 doctrinis
676 3440 770 3505 Unde
797 3442 867 3525 quis
897 3441 1013 3505 audeat
1034 3441 1073 3505 de
1095 3441 1225 3506 Domini
1248 3443 1352 3507 nostri

84 3544 160 3610 Jesu
177 3544 297 3611 Christi
319 3544 542 3608 incarnatione
565 3543 659 3607 aliter
681 3565 777 3627 quam
798 3542 896 3608 habet
912 3544 1027 3607 veritas
1049 3545 1119 3628 ipsa
1133 3544 1264 3627 sentire,
1287 3544 1351 3609 nisi

85 3650 120 3710 ut
142 3646 351 3728 confiteatur,
383 3646 546 3729 aequalem
569 3649 601 3710 et
624 3644 931 3710 consubstantialem
952 3645 1043 3711 Patri
1053 3647 1077 3730 ¹)
1100 3645 1216 3709 Filium
1238 3646 1352 3711 salutis

84 3753 213 3814 nostrae
247 3771 359 3831 eausa,
389 3749 484 3833 juxta
506 3749 796 3836 nnuntiationem
828 3748 1015 3832 archangeli
1043 3748 1077 3812 in
1105 3751 1195 3812 utero
1216 3748 1352 3833 virginis

85 3871 213 3916 earnem
236 3873 274 3914 ex
297 3851 407 3914 cadem
430 3853 654 3933 assumentem,
678 3851 841 3915 hominem
863 3851 995 3933 factum,
1020 3854 1053 3914 et
1067 3851 1151 3914 sicut
1166 3850 1212 3914 ait
1227 3854 1352 3934 aposto·

85 3953 149 4036 lus,
173 3959 205 4017 iu
227 3960 330 4017 servili
345 3956 469 4033 formo,
492 3956 530 4015 ut
552 3975 677 4017 erucem
699 3975 757 4037 pro
773 3952 866 4017 nobis
882 3974 979 4017 carne
994 3952 1194 4036 susciperet?
1226 3953 1275 4016 De
1290 3965 1494 4037 quoPhil.a‚7.

85 4055 195 4119 beatus
211 4053 325 4117 Petrus
348 4054 510 4137 apostolus
527 4054 659 4119 dudaeis
683 4054 776 4119 dicit:
806 4061 864 4119 l'os
882 4061 1000 4134 petistis
1021 4061 1102 4119 uotis
1124 4060 1235 4119 dimitte·
1255 4062 1350 4119 uirum
1369 4069 1430 4121 Act.
1441 4075 1466 4132 3,

85 4162 275 4234 homicidum,
299 4168 453 4221 tractorem
476 4179 546 4220 vero
568 4163 648 4221 uitae
670 4161 873 4233 interfecistis.
907 4156 956 4220 De
971 4179 1033 4240 quo
1056 4156 1153 4221 etiam
1175 4156 1295 4241 legitur·
1316 4156 1351 4220 in
1365 4141 1396 4189 14
1408 4136 1486 4188 ⁰¹¹⁵·

151 4397 182 4461 ¹¹)
201 4393 358 4447 Ennodium
376 4392 531 4448 scilicetne
549 4393 638 4448 socios
655 4393 684 4447 in
702 4393 838 4462 superiori
855 4393 975 4464 epistola
992 4412 1018 4448 n.
1038 4402 1054 4449 3
1072 4396 1249 4449 memoratos.

152 4482 182 4546 ¹¹)
202 4482 240 4533 c¹⁰
257 4485 397 4548 effectuum,
431 4479 495 4532 Mox
513 4479 545 4532 L¹
563 4485 707 4532 ineolumem
725 4483 852 4533 custodiat
867 4484 908 4545 [ἱ.
927 4482 991 4535 trie.

153 4567 183 4632 ¹²)
203 4564 246 4618 lta
262 4564 308 4630 11¹3
326 4565 402 4619 Lam
415 4566 450 4617 0¹¹
471 4564 538 4616 1111
558 4568 633 4625 raus,
652 4564 688 4619 al.
709 4564 750 4618 cd.
775 4569 816 4617 Vr
834 4568 906 4618 ruas.

86 4655 117 4703 10
153 4652 172 4714 ¹)
190 4649 240 4703 Ed.
262 4656 356 4707 Puer-tr,
386 4649 450 4702 Mox
469 4652 533 4702 c⁶c¹
546 4651 583 4703 c¹⁰
600 4655 762 4714 resumendo,
782 4649 817 4704 G¹
831 4650 890 4704 a¹b
908 4661 1057 4705 assumente.
1093 4651 1234 4719 Interpros
1251 4667 1352 4718 graece

84 4732 193 4788 videtur
215 4733 316 4803 legisse
340 4731 412 4803 ,prio
433 4730 486 4802 τήν
509 4729 600 4802 σάρκα
619 4728 676 4787 ἀπὸ
695 4735 746 4803 τῆς
769 4727 860 4803 αὐτῆς
884 4731 1053 4804 εἰληφότα“,
1076 4733 1162 4788 latine
1184 4735 1351 4790 convertisse

84 4840 184 4873 curnem
202 4839 238 4873 eo:
255 4826 342 4874 eadem
359 4822 535 4883 assumentem,
559 4837 644 4889 quum
662 4820 823 4876 convertero
841 4820 933 4893 potius
951 4818 1094 4874 debuisset
1116 4839 1194 4873 carne
1212 4841 1248 4875 ex
1265 4826 1352 4875 eudem

84 4914 221 4975 assumpta.
