3450 5678
769 115 971 167 rancrnrus
994 120 1017 166 r.
1468 109 1531 174 519

263 263 416 338 eeclesiae
430 274 580 358 episcopo
596 295 633 337 ex
649 272 780 357 regione
796 271 1001 355 Campaniae,
1026 273 1085 336 sub
1099 272 1161 337 hae
1174 273 1388 341 instructione
1403 278 1528 363 direxit,

196 454 198 461 Ι
270 362 302 424 li
320 369 435 441 Petrus
465 375 504 440 de
532 374 753 440 Alexandrina
780 373 954 458 pelleretur
982 375 1125 458 ccclesia,
1161 379 1193 440 et
1225 379 1264 440 ut
1290 376 1397 443 libello
1425 383 1530 446 sancti

196 477 201 551 ξ
275 450 419 543 iohannis
447 477 588 562 episcopi
626 476 835 541 Alexandrini
863 477 1072 560 responderet
1100 477 1304 564 Acacius⁴⁰),
1339 483 1436 565 atque
1469 483 1530 566 ipsi

196 560 200 609 Ε
278 557 507 646 denuntiaretur
528 579 660 662 Acacio,
684 583 720 643 ut
743 577 916 643 anathema
938 579 1159 644 Alexandrino
1181 579 1302 645 diceret
1323 580 1430 647 Petro
1468 583 1531 651 Sed

272 661 364 761 lagae
386 681 562 767 supradicti
589 682 734 767 quamvis
756 681 791 745 in
820 681 995 745 custodiam
1017 681 1126 746 hastili
1149 704 1236 746 more
1259 683 1378 748 detrusi
1402 684 1530 752 chartas

257 782 439 866 amiserint,
473 788 582 849 tamen
615 783 745 867 perfidis
777 782 948 848 haereticis
975 786 1070 867 atque
1099 784 1258 848 damnatis
1291 789 1529 854 accommodare

238 893 317 948 uon
355 886 544 968 debuerant,
575 907 656 971 quae
684 886 752 950 sola
779 884 893 969 negari
920 886 1042 969 potuit,
1070 887 1279 951 voluntatem.
1325 887 1400 952 Non
1427 891 1529 956 solum

224 997 327 1070 ergo
359 1012 426 1053 non
449 991 597 1074 egcnmt,
626 1009 707 1072 quae
725 989 817 1071 jussa
840 990 924 1071 sunt,
955 991 1011 1052 aut
1033 1010 1114 1072 quae
1136 992 1287 1073 poterant
1308 991 1456 1073 expedire
1483 992 1528 1058 fe·

208 1095 383 1174 cerunt,
407 1090 462 1154 sed
485 1091 583 1155 etiam
604 1089 774 1155 haereticis
799 1090 1125 1172 communicaverunt,
1150 1092 1425 1158 confirmationem
1439 1093 1528 1160 Petri

196 1190 479 1278 episcopatus,
509 1193 549 1256 ad
578 1213 672 1277 quem
699 1191 883 1275 pellendum
911 1192 1000 1257 missi
1027 1191 1172 1276 fuerant,
1202 1193 1397 1277 deferentes,
1431 1199 1526 1281 atque

196 1296 469 1360 autumabas
501 1295 536 1360 in
559 1295 743 1378 episcopum
769 1294 952 1359 Johannem
975 1294 1093 1359 Acacio
1115 1295 1321 1381 dirigente⁴¹)
1349 1300 1524 1380 portantes.

196 1391 380 1461 unibus
413 1401 588 1462 commotus
615 1419 700 1482 papa
727 1397 929 1461 beatissimus
957 1395 1069 1460 habita
1091 1398 1211 1481 synodo
1239 1397 1381 1462 Vitalem
1408 1403 1441 1464 et
1467 1400 1526 1464 Mi-

196 1504 373 1563 'nunr
405 1500 446 1564 ab
480 1499 586 1564 officio
619 1502 651 1563 et
680 1498 902 1563 communione
934 1498 1111 1583 suspendit,
1146 1521 1184 1563 ac
1216 1499 1330 1565 deinde
1363 1501 1527 1567 damnavit

196 1600 425 1666 eacium.
471 1600 569 1685 Cujus
596 1605 707 1684 postea
738 1601 872 1664 audacia
895 1600 1052 1665 deteriora
1074 1601 1287 1685 committens,
1317 1602 1414 1666 etiam
1436 1604 1525 1670 illum

196 1693 391 1767 >trum
412 1703 663 1785 Antiochenum,
692 1703 793 1786 ejecto
817 1701 974 1767 catholico
997 1701 1202 1788 Calendione,
1231 1725 1325 1788 quem
1352 1705 1421 1789 ipse
1443 1707 1525 1771 ardi-

196 1809 402 1888 ”erat
427 1805 467 1871 ad
489 1805 728 1870 Antiochenam
749 1804 837 1869 misit
859 1805 1086 1891 ecclesiam.⁴²)

306 1904 393 1972 14.
438 1906 612 1991 Postquam
633 1907 799 1972 Johannes
827 1909 1012 1992 ‘supervenit
1041 1907 1223 1993 episcopus,
1259 1931 1354 1993 quem
1379 1909 1525 1977 Romana

196 2006 402 2094 Se‘epit
423 2009 569 2090 ecclesia,
593 2014 725 2074 sanctus
747 2032 832 2094 papa
854 2009 944 2074 Felix
958 2010 1170 2095 legationem,
1195 2014 1232 2073 ut
1254 2010 1373 2076 dictum
1396 2017 1455 2096 est,
1485 2014 1525 2078 si·

196 2088 219 2147 '⁵
261 2111 475 2195 oportuit
496 2111 667 2194 ordinavit,
697 2134 778 2196 quae
806 2112 890 2196 apud
917 2112 1146 2197 praedict0s⁴³)
1169 2134 1279 2176 omnes
1301 2114 1453 2199 quidquid
1477 2118 1525 2179 est

196 2192 446 2278 stilletis
469 2217 601 2299 experta
622 2218 681 2278 est.
722 2213 806 2278 Nam
828 2215 958 2278 detrusa
978 2215 1013 2278 in
1038 2214 1213 2280 custodiam
1235 2215 1369 2299 perditis
1393 2215 1525 2301 chartis,

196 2301 255 2353 ¹¹¹
360 2316 472 2400 grandi
499 2316 552 2380 vix
580 2317 734 2380 remearit
761 2315 947 2400 opprobrio,
983 2317 1201 2400 episcopatum
1229 2314 1334 2399 Petri,
1364 2318 1404 2382 ad
1432 2341 1524 2403 quem

196 2399 480 2482 Pssllendum
500 2418 598 2482 missa
620 2418 737 2501 fuerat,
760 2417 922 2482 firmatum
944 2420 1128 2502 reportans,
1158 2439 1252 2501 quern
1274 2416 1421 2484 Romana
1449 2442 1523 2484 ana·

196 2501 482 2584 Quaerant
503 2520 646 2585 ccclesia.

318 2619 392 2688 lb.
429 2621 527 2707 stan)
550 2621 640 2686 Felix
662 2645 747 2706 papa
776 2622 932 2706 episcopis
959 2643 1017 2705 per
1039 2620 1224 2705 Aegyptum
1253 2625 1311 2686 etc.
1342 2621 1407 2708 [nid.
1432 2647 1523 2702 supra

196 2709 402 2859 Qu
425 2733 533 2788 ruas
547 2733 582 2788 rr
601 2737 682 2804 epar.
700 2723 752 2813 ap.

196 2934 224 2966 .·
266 2875 358 2957 ⁴⁰)
374 2894 407 2949 B¹
436 2893 524 2948 omitt.
551 2901 661 2950 Aeacius
683 2925 716 2933 —
739 2900 942 2954 derrnnn‘arerur,
973 2908 1091 2960 moxque
1119 2909 1181 2945 cum
1204 2893 1229 2945 0⁵
1252 2909 1309 2962 seq.
1334 2880 1523 2948 Alexandrina.

196 2951 364 3039 {nde
379 2978 465 3034 iidem
483 2982 512 3033 et
523 2978 556 3032 Fd
571 2984 658 3033 Petro.
691 2985 738 3043 Qui
755 2985 865 3048 quamvis
883 2984 968 3032 hostili
984 2997 1053 3031 neore
1064 2983 1163 3031 detrun
1174 2982 1200 3030 in
1211 2983 1350 3031 custodiam
1362 2982 1477 3040 chartac,
1496 2978 1525 3032 et

196 3033 392 3119 nbbunt
407 3070 539 3131 fecerum,-
556 3064 588 3117 ΒΙ
603 3063 637 3117 Fd
656 3067 751 3118 autem
768 3062 852 3132 paulo
871 3064 936 3117 ante
958 3067 1105 3117 debuerunt.
1142 3061 1289 3129 Sequimur
1307 3061 1350 3116 G1.
1381 3062 1418 3116 X*
1437 3068 1524 3117 Petro.

301 3160 341 3195 0
364 3156 439 3204 iidem
456 3156 535 3218 {epoti
549 3155 663 3219 profecti
679 3159 745 3202 sunt.
777 3152 824 3213 Qui
840 3155 897 3202 licet
915 3152 1000 3202 hoslib'
1016 3158 1064 3204 etc.

196 3292 223 3329 ἱ
272 3221 357 3316 J')
375 3235 410 3290 G¹
429 3240 593 3290 rescribente.
629 3235 735 3289 Deinde
752 3235 786 3287 B¹
799 3234 832 3287 l*d
846 3239 872 3287 el
890 3251 947 3301 seq.
967 3237 1059 3298 Quibus
1077 3237 1152 3288 reduce
1174 3237 1260 3287 habita
1277 3239 1373 3302 spnada
1392 3246 1525 3289 cononatus

196 3379 198 3388 ,
228 3298 413 3376 “Qende
432 3341 505 3390 papa
528 3325 571 3373 Va
643 3327 776 3388 suspendit
799 3325 968 3390 Acaciumque
991 3325 1125 3374 damnavit.
1162 3323 1240 3386 Cujus
1262 3325 1371 3373 arcducia
1451 3326 1525 3374 ctiam

318 3423 359 3461 ἰι
423 3410 577 3460 Calendionc
596 3426 666 3474 quern
684 3413 739 3474 ipsc
759 3411 924 3459 ordinaverat
942 3403 986 3472 (ΘΙ
1000 3425 1017 3458 a
1029 3424 1056 3458 se
1069 3406 1200 3473 ordinata)
1219 3409 1255 3457 ad
1273 3409 1392 3473 Antiocp.
1406 3417 1453 3462 etc.
1484 3404 1525 3458 Ex

245 3465 418 3546 te:itum
437 3490 616 3545 restituimus.

286 3564 356 3647 ⁴²)
368 3576 421 3631 Hic
431 3576 560 3630 desinunt
568 3577 600 3629 ΒΙ
608 3576 681 3629 Fici.
703 3577 734 3629 (1¹¹
747 3575 886 3645 prioribus
895 3576 970 3630 nullo
981 3574 1072 3645 spatio
1086 3573 1245 3628 distinctum
1258 3591 1374 3642 sequens
1387 3576 1525 3645 fragmen-

196 3627 267 3686 ᾖ
312 3660 425 3728 addit,
444 3662 519 3730 quod
538 3662 644 3716 duabus
661 3661 788 3731 partibus
807 3663 923 3715 constat.
954 3661 1042 3727 Prior,
1062 3659 1091 3713 in
1109 3677 1164 3727 qua
1182 3660 1341 3715 summatim
1359 3664 1525 3730 repetuntur

196 3714 295 3780 Βῆ
339 3747 472 3818 proxime
492 3747 526 3800 cle
544 3746 641 3801 Felicis
659 3747 759 3816 legatis
778 3745 946 3812 dictasunt,
966 3746 1003 3799 ad
1020 3746 1119 3799 harum
1134 3744 1372 3800 confirmationem
1384 3763 1418 3800 ex
1430 3747 1524 3815 aliquo

196 3798 349 3937 Ξῆῐι
368 3832 473 3887 Gelasii
496 3848 579 3901 opere
601 3832 655 3886 huo
678 3831 784 3886 adscita
805 3831 921 3886 videtur.
958 3831 1055 3884 Altera
1076 3848 1184 3885 merum
1203 3830 1316 3885 exhibet
1336 3831 1525 3901 fragmentum

260 3913 354 3972 01⁸
373 3916 521 3987 epistolae,
540 3934 596 3985 qua
612 3917 689 3970 Petri
706 3916 885 3971 Alexandrini
903 3916 1045 3971 damnatio
1064 3915 1251 3970 denuntiatur.
1288 3916 1441 3984 Utramque
1459 3932 1524 3970 vero

239 3985 405 4073 aliquo
424 4002 570 4056 scholiasta
589 4018 644 4055 uon
663 4002 730 4056 satis
749 4001 922 4056 considerato
941 4001 1117 4070 conjunctam
1135 4000 1230 4063 fuisso,
1254 4003 1322 4054 nota
1339 4001 1523 4069 subsequente

220 4062 498 4142 1³1'obrebimus

196 4228 249 4272 Q
278 4157 357 4242 ⁴³¹)
375 4172 409 4228 G¹
428 4179 593 4242 praedicatas
612 4179 718 4235 animoa,
737 4190 856 4241 moxque
873 4179 969 4241 perditi
986 4177 1093 4234 chartis,
1113 4172 1160 4225 ubi
1179 4172 1246 4226 editi
1263 4178 1404 4241 praedictis
1419 4175 1522 4229 abactis,

361 4273 427 4312 mox
444 4265 615 4326 confirmatum
633 4271 778 4327 reportans.

349 4345 440 4414 >Non
458 4343 515 4398 alia
533 4343 567 4398 de
586 4361 669 4398 causa
691 4344 852 4398 scholiastes
870 4361 987 4413 sequens
1004 4342 1103 4398 Felicis
1122 4343 1256 4414 epistolae
1280 4343 1469 4412 fragmentum
1486 4341 1524 4394 vi-

196 4480 206 4508 ,
357 4428 530 4499 adjunxisse,
548 4429 600 4484 nisi
619 4433 650 4484 ut
666 4430 790 4499 legatos,
810 4448 893 4498 quum
911 4429 988 4484 Petri
1007 4430 1227 4484 communionem
1245 4429 1435 4498 susceperunt,
1455 4447 1525 4497 quem

196 4489 323 4618 δῖα
332 4535 373 4567 »ιιι
391 4520 619 4570 anathematizarat
637 4522 755 4577 ecclesio,
775 4515 898 4584 graviter
916 4514 1062 4583 deliquisse
1075 4514 1286 4569 demonstraret.
1316 4515 1353 4566 At
1372 4512 1418 4567 ubi
1435 4515 1526 4583 poste·

196 4645 297 4718 λῃ
313 4610 430 4696 earam
446 4600 588 4696 legatique
601 4600 755 4697 ostenditur
774 4617 847 4695 quae
862 4599 890 4653 in
909 4600 956 4695 illa
969 4600 1068 4655 Felicis
1086 4602 1244 4692 fragmenta
1258 4596 1437 4653 denuntiatur
1449 4597 1525 4652 Petri

298 4687 414 4753 nano,
432 4686 562 4757 probatio
582 4704 614 4740 ex
634 4705 666 4742 eo
684 4688 775 4756 petita
793 4686 861 4741 nihil
878 4686 1014 4740 adratum
1032 4702 1145 4754 scopum
1164 4684 1253 4738 ailert.

282 4332 346 4376 ὴ
