3450 5678
365 324 428 388 744
803 334 831 383 s.
848 333 1055 383 aoaursoau
1077 331 1192 382 aaran

259 511 349 558 arne
364 492 549 577 scrupulosa
570 491 725 555 transire:
749 489 853 553 scribo
875 492 970 574 atque
994 487 1136 572 alloquor
1158 488 1287 552 beatum
1303 490 1429 552 vestrae
1450 489 1646 557 sanctitatis

365 598 475 680 caput,
505 594 692 679 significans
715 591 878 656 collaetari
906 613 964 656 nos
987 591 1102 654 heatae
1124 590 1191 654 sedi
1214 590 1424 655 sacratissimi
1447 591 1536 657 Petri
1562 616 1645 677 apo

364 696 453 779 stoli,
483 695 565 780 quod
587 696 645 758 tali
668 695 791 779 regitur
813 717 926 776 manu,
958 713 1039 778 quae
1061 691 1202 776 suscepit
1223 692 1403 777 principem
1411 694 1453 778 ⁸),
1482 717 1551 760 non
1584 697 1645 781 qui

364 798 518 863 honorem
539 803 667 882 raperet
689 798 744 861 sed
767 796 821 881 qui
843 799 1009 880 raperetur
1033 794 1073 858 ab
1096 815 1143 877 eo,
1168 796 1209 877 et,
1234 793 1318 859 sicut
1339 816 1442 859 sermo
1463 797 1645 882 multiplex

364 902 464 965 tradit
490 903 523 964 et
549 922 608 964 nos
636 901 682 963 ita
710 921 743 963 se
770 897 889 962 habere
920 896 1092 979 credimus,
1127 895 1319 960 nutritorem
1343 898 1439 981 ¹pacis
1465 902 1500 962 et
1527 903 1645 965 rectae

364 1003 437 1067 fidei
461 1006 661 1083 certatorem,
686 1004 719 1065 et
739 999 974 1082 humanitatel)
996 999 1113 1064 mentia
1137 1002 1170 1063 et
1189 999 1335 1081 caritate,
1358 1021 1440 1084 quae
1456 999 1644 1067 circa'cun·

284 1186 288 1192 Ι
365 1107 432 1168 ctos
455 1106 513 1186 cst,
537 1106 701 1188 tamquam
722 1102 871 1186 pretiosis
892 1101 1052 1185 lapidibus
1075 1103 1272 1165 coronatum.
1309 1099 1440 1166 Etenim
1462 1107 1585 1168 cuncta
1609 1109 1644 1169 te

364 1206 445 1288 volo,
469 1206 652 1269 venerande
674 1209 776 1289 pater,
801 1225 987 1288 agnoscere,
1011 1203 1094 1286 quod
1117 1224 1156 1266 ex
1178 1203 1319 1286 antiquis
1341 1205 1461 1268 sanctis
1485 1207 1519 1270 et
1541 1228 1643 1271 vene

364 1307 473 1371 randis
496 1308 641 1392 patribus
664 1307 842 1390 suscipiens
871 1304 956 1368 illius
984 1300 1097 1368 mitae
1126 1304 1209 1368 sedis
1238 1305 1452 1389 affectum¹⁰),
1487 1309 1521 1370 et
1548 1307 1644 1375 hunc

364 1414 528 1493 tamquam
550 1413 718 1493 paternam
740 1412 859 1472 sortem
879 1406 1071 1488 custodiens,
1096 1406 1210 1470 addere
1226 1405 1285 1471 hoo
1300 1410 1376 1490 opto
1391 1410 1488 1492 atque
1502 1396 1645 1495 festino,⁸

364 1514 401 1576 ut
422 1511 530 1575 veniat
552 1510 586 1574 in
608 1510 669 1575 hoc
692 1509 796 1574 studio
823 1508 980 1572 terminus
1007 1508 1096 1572 utilis
1123 1506 1326 1572 humanitate
1352 1509 1480 1593 quidem
1503 1509 1641 1577 Domini

320 1646 324 1652 ·
365 1617 398 1678 et
419 1612 479 1677 Dei
502 1614 604 1677 nostri
626 1613 704 1676 Jesu
720 1611 855 1694 Christi,
879 1610 1162 1675 intercessionibus
1185 1612 1291 1673 autem
1313 1611 1348 1675 in
1371 1612 1496 1676 cunctis
1518 1612 1641 1679 beatis·

365 1716 436 1779 simi
459 1714 595 1799 apostoli
617 1713 705 1778 Petri
734 1718 767 1777 et
794 1713 828 1777 in
857 1713 1004 1777 omnibus
1033 1712 1262 1795 sapientissimi
1284 1711 1393 1776 Pauli:
1420 1717 1457 1777 ut
1479 1736 1639 1782 veneran-

365 1817 424 1881 dae
446 1838 554 1881 eorum
576 1816 643 1879 sedi
666 1821 697 1879 et
719 1821 794 1879 tuae
821 1814 1012 1879 beatitudini
1037 1814 1124 1897 juste
1153 1814 1277 1878 debitus
1306 1815 1407 1879 honos
1437 1816 1640 1883 custodiatur

365 1923 460 2004 atque
492 1918 658 2001 reddatur,
698 1921 733 1981 ut
765 1917 884 1980 nostris
917 1915 1114 2000 temporibus
1143 1916 1230 1980 velut
1264 1917 1439 1981 secundum
1473 1919 1636 2006 principa·

364 2026 434 2086 tum
456 2021 538 2084 sedis
562 2021 754 2104 apostolieae
777 2019 930 2083 honorem
953 2020 1186 2102 congruentem
1202 2018 1367 2102 suscipiat,
1391 2022 1424 2082 et
1445 2021 1553 2086 omnis
1576 2021 1636 2086 dis

366 2124 473 2189 cordia
494 2122 640 2205 recedat,
664 2125 696 2185 et
718 2120 920 2204 ccclesiae¹¹)
943 2120 1085 2183 omnium
1107 2123 1253 2184 nostrum
1276 2119 1435 2185 catholiea
1456 2123 1633 2207 voluntate,

365 2225 495 2290 Domini
519 2225 615 2288 etiam
638 2227 671 2287 et
692 2223 752 2286 Dei
775 2224 876 2287 nostri
898 2222 976 2286 Jesu
999 2221 1135 2301 Christi,
1160 2224 1192 2285 et
1214 2221 1397 2286 Nestorium
1421 2227 1454 2288 et
1476 2224 1633 2311 Eutyche

365 2332 432 2392 tem
453 2327 567 2409 impios
590 2330 623 2390 et
644 2325 757 2389 horum
779 2326 944 2388 servantes
967 2323 1129 2409 dogmata,
1154 2326 1186 2387 et
1208 2324 1261 2408 qui
1280 2325 1414 2389 istorum
1428 2326 1520 2392 fuere
1535 2332 1632 2394 secta·

365 2433 450 2493 tores
473 2431 530 2491 aut
552 2430 696 2510 exstant,
727 2431 760 2490 et
786 2447 913 2491 omnem
940 2423 1098 2489 haeresim
1126 2424 1470 2492 anathematizantium
1500 2451 1631 2516 semper,

298 2597 302 2611 ,
366 2536 399 2596 et
419 2534 540 2594 rectam
562 2534 657 2614 atque
679 2527 997 2593 incontaminabilem
1029 2527 1124 2591 fidem
1145 2528 1369 2594 inconcussam
1390 2533 1559 2616 tamquam
1581 2555 1631 2598 an·

367 2633 496 2698 choram
519 2637 640 2697 certam
668 2635 763 2714 atque
791 2631 916 2693 firmam
944 2630 1139 2714 tenentium,
1170 2633 1202 2694 et
1229 2634 1414 2714 paratorum
1442 2634 1483 2697 ad
1511 2656 1630 2719 pacem,

366 2735 512 2817 nullom),
536 2733 618 2818 quod
642 2734 736 2815 absit,
760 2732 968 2816 impediente:
992 2733 1181 2816 praesertim
1196 2734 1379 2798 venerando
1394 2736 1503 2820 capite
1518 2742 1631 2819 vestm,

366 2838 450 2901 sicut
471 2837 653 2918 didicimus,
692 2835 836 2898 homines
866 2833 1081 2899 contentiosos
1110 2833 1277 2917 horrente,
1311 2836 1425 2919 quibus
1455 2841 1490 2901 et
1511 2838 1577 2903 vita
1603 2842 1631 2903 et

367 2961 439 3003 esca
467 2942 516 3003 est
538 2939 739 3001 sacerdotum
760 2936 821 3001 Dei
843 2937 928 3000 intm
956 2958 990 3000 se
1013 2936 1237 3000 altercantium
1261 2937 1431 3022 separatio,
1462 2941 1547 3023 ut¹³l
1570 2962 1632 3005 nou

367 3041 408 3105 ab
435 3041 581 3106 omnibus
608 3039 759 3103 velociter
788 3039 910 3123 cogniti
939 3042 1103 3123 tamquam
1136 3038 1203 3122 lupi
1234 3039 1268 3103 in
1297 3039 1500 3105 vestimentis
1530 3043 1632 3106 orium

366 3143 461 3207 facile
485 3141 525 3205 ab
548 3141 723 3225 apostolica
745 3140 890 3205 Ecclesia
911 3138 1118 3224 repellantur.

435 3368 456 3432 8)
474 3364 540 3417 bcc
558 3363 710 3418 omiserunt
726 3368 865 3431 principem
882 3361 900 3414 i.
920 3377 942 3415 e.
962 3359 1121 3430 pontificem
1140 3353 1293 3429 (ἄρχοντα).

433 3451 454 3515 ⁹)
473 3447 507 3502 G'
521 3451 548 3502 a¹
567 3453 741 3502 tunmnitatcm
758 3467 789 3502 m.
808 3467 831 3502 c.
848 3451 981 3500 carnatem
1053 3456 1227 3510 coronantem,
1247 3445 1313 3498 hec
1331 3450 1477 3501 humilitate.

437 3536 468 3602 ¹⁰)
487 3535 513 3587 a¹
532 3538 641 3601 affcctu;
660 3533 725 3586 hcc
743 3536 860 3600 affectum
878 3536 913 3584 ad
929 3535 1002 3583 tanc.

437 3621 467 3687 ¹¹)
485 3617 562 3673 Ferri
580 3617 755 3685 aliquatenus
774 3632 869 3669 sensus
887 3614 992 3684 posset,
1011 3613 1035 3667 si
1051 3613 1123 3668 infra
1140 3613 1281 3683 legeretur
1298 3636 1315 3668 a
1327 3622 1393 3670 natm
1454 3622 1630 3686 impediantur.

368 3707 417 3758 aut
434 3722 468 3759 ex
486 3701 712 3758 antecedentibus
724 3700 919 3755 resumendum
931 3703 1050 3753 honorem
1061 3711 1236 3768 cooperientem
1253 3705 1402 3768 smciptant.
1431 3700 1545 3757 Scilicet
1556 3720 1632 3758 vocet

368 3793 641 3847 anathematizantium,
660 3792 805 3848 tenentium,
822 3797 971 3854 paratorum
989 3783 1025 3837 ad
1044 3795 1154 3838 nostrum
1172 3783 1334 3839 referendae
1352 3788 1424 3842 sunt.
1462 3786 1532 3843 hcc
1549 3790 1630 3842 muta·

368 3875 480 3927 rerunt:
498 3877 707 3926 anathematizent
779 3881 881 3924 teneant
952 3880 1047 3938 parent
1058 3875 1115 3935 jam
1132 3889 1228 3936 pacem
1263 3869 1351 3923 Nobis
1368 3869 1517 3927 retinuisse
1535 3873 1630 3928 auden

369 3957 564 4013 auctoritatem
581 3957 666 4011 satius
684 3955 772 4009 visum
790 3956 839 4013 est,
860 3985 892 3993 -
909 3953 964 4008 Ubi
982 3952 1064 4007 simul
1081 3952 1293 4011 advertendum.
1313 3970 1411 4009 cavere
1429 3955 1629 4013 Dorotheum·

369 4040 526 4096 damnando
548 4041 642 4097 Aeacii
664 4040 783 4095 nominc.
830 4041 916 4093 Immo
940 4038 1005 4092 dum
1026 4040 1146 4093 testatur
1168 4038 1297 4093 ecclesiae
1319 4039 1479 4109 praedictas
1502 4043 1630 4098 detestari

370 4143 428 4187 cos,
448 4126 494 4195 qui
512 4127 632 4180 Nestorii
651 4128 700 4180 aut
711 4125 873 4194 hlutychetis
890 4124 998 4195 placitis
1016 4123 1188 4178 adhaereant
1206 4124 1250 4178 vel
1267 4123 1457 4192 adhaeserint,
1476 4127 1629 4183 addendam

368 4212 471 4267 suerat:
502 4219 540 4265 ccl
561 4220 604 4281 qut
625 4217 663 4265 aa
685 4216 924 4266 communicaverint.
963 4209 994 4262 In
1012 4226 1045 4263 eo
1064 4207 1137 4262 enim
1159 4209 1221 4262 totu
1243 4211 1304 4264 erat
1326 4213 1531 4279 controversia,
1561 4212 1628 4283 quoti

369 4296 485 4352 Aeacius
508 4278 697 4365 Eutychiahae
721 4298 812 4350 sectae
835 4293 990 4349 fautoribus
1014 4293 1233 4361 nominatimque
1256 4295 1339 4350 Petro
1357 4295 1462 4367 Mongo
1486 4296 1626 4354 communi·

370 4383 493 4449 caverat,
516 4398 633 4449 eamque
652 4382 688 4435 ob
710 4398 821 4435 causam
838 4380 938 4434 merito
956 4380 1047 4433 suerat
1064 4378 1329 4447 excommunicatus,
1348 4382 1435 4450 atque
1453 4382 1519 4438 hinc
1537 4381 1626 4438 camni

258 4498 265 4507 ·
369 4467 514 4538 pontifices
525 4467 598 4521 inter
610 4467 767 4521 veneranda
778 4464 911 4534 mysteria
922 4463 1094 4519 reticendum
1106 4463 1178 4518 illius
1189 4480 1290 4519 nomen
1303 4466 1444 4533 volebant,
1461 4467 1528 4522 inde
1540 4467 1626 4524 Orien·

369 4553 440 4607 tales
459 4552 662 4623 repugnabant.

438 4638 470 4705 ¹²)
487 4639 515 4691 a¹
534 4644 601 4690 nulla
618 4637 714 4704 (etiam
726 4636 760 4691 G¹
774 4638 851 4705 nulla)
924 4642 1004 4704 capiti
1020 4647 1119 4696 nostro,
1137 4641 1203 4689 sicut
1220 4641 1323 4690 dicionem
1339 4641 1452 4692 hominen
1464 4645 1626 4694 comeciam

370 4728 511 4779 torrenter.

440 4811 469 4873 ¹³)
488 4808 506 4859 b
519 4825 553 4862 cc
571 4814 613 4877 qut
631 4828 687 4861 non.
723 4806 858 4861 Redditur
875 4807 960 4873 ratio,
983 4825 1031 4861 cur
1052 4806 1188 4878 praedicti
1206 4812 1301 4862 ament
1318 4808 1497 4864 sacerdotum
1514 4808 1565 4864 Dei
1580 4806 1626 4861 tn

372 4893 523 4959 scariones,
542 4895 573 4947 ut
591 4891 696 4947 scilicet
712 4891 741 4946 in
758 4891 807 4947 illa
825 4893 983 4948 mutacione
1001 4892 1107 4947 facibus
1125 4892 1239 4946 lateant.
