3412 5664
666 338 862 389 urrsronsn
886 329 917 390 5.
942 331 971 389 6.
1394 329 1459 396 325

206 496 357 588 vigilantis
388 497 584 581 permoveri,
619 494 674 558 sed
703 493 882 579 praesentis
899 478 902 484 ³
917 494 1048 580 alloquii
1083 495 1278 561 salutatione
1306 503 1459 584 percepta
1476 513 1573 579 (asos

209 602 353 674 nobiseum
372 598 480 684 potius
502 597 694 664 industriam
717 596 865 682 proprias
888 598 1009 662 sociare
1032 598 1210 664 sollertiae:
1234 603 1393 684 quatenus
1408 603 1458 667 vel
1472 588 1575 650 493⁴)

211 711 258 777 sire
278 704 399 769 tentato
425 701 494 766 sint
519 700 614 783 tulis,
648 699 795 785 protinus
819 701 1039 786 corrigantur,
1074 702 1124 766 vel
1152 723 1203 786 ne,
1233 703 1376 789 qualibet
1404 704 1457 769 ob-

214 807 335 895 reptione
353 807 532 887 tententur,
557 802 713 869 attentius
736 803 956 888 praecavendo
979 804 1162 869 subintrare
1184 828 1250 870 non
1273 807 1413 873 valeant.

277 909 308 974 2.
336 906 381 972 Do
402 907 520 994 quibus
543 909 651 971 autem
674 905 713 989 ii,
743 926 822 990 quos
849 908 905 970 tua
935 908 1054 970 caritas
1077 907 1266 992 destinavit,
1296 909 1456 997 plenius¹)

220 1012 310 1080 instrui
332 1009 504 1093 voluerint,
533 1011 714 1095 sequentes
736 1007 824 1072 tituli
852 1031 924 1073 oum
953 1008 1019 1073 suis
1042 1010 1306 1095 responsionibus
1327 1012 1456 1078 intima-

223 1117 287 1180 bunt.
317 1113 354 1178 Ilt
375 1112 528 1198 quoniam
550 1134 584 1175 se
608 1111 659 1176 his
682 1111 884 1196 acquiescere
906 1112 1045 1195 praefati
1070 1115 1202 1178 eatenus
1217 1117 1294 1179 sunt
1308 1115 1454 1200 professi,

226 1223 250 1282 ut
264 1216 355 1280 eodem
383 1237 416 1279 se
446 1220 479 1279 et
506 1213 655 1299 primitus
683 1214 825 1278 tenuisse
853 1213 1035 1298 firmarent,
1071 1216 1126 1280 sed
1160 1219 1235 1281 ante
1263 1216 1360 1282 ullius
1368 1219 1393 1305 ⁵)
1421 1219 1456 1284 iu

185 1312 188 1323 ’
228 1319 403 1405 questionem
425 1321 539 1383 vocata
561 1317 682 1382 vellent
703 1315 907 1381 manifestius
924 1317 1081 1402 expediri:
1105 1319 1283 1383 studuimus
1299 1325 1455 1405 quantum

229 1421 285 1487 inter
301 1416 518 1507 occupationes
539 1421 610 1485 fieri
631 1421 746 1505 potuit,
770 1440 851 1505 quae
874 1440 933 1483 nos
955 1419 1087 1484 minime
1103 1421 1260 1504 respirare
1275 1423 1453 1508 patiuntur,

229 1522 343 1610 largiente
363 1523 502 1589 Domino
524 1526 694 1608 sequentes
716 1525 853 1606 paterna
876 1522 1011 1608 vestigia
1040 1522 1079 1586 de
1101 1523 1236 1608 talibus,
1265 1526 1381 1613 quae⁶)
1404 1549 1453 1592 ao-

230 1626 337 1711 spinos,
357 1648 424 1692 non
446 1625 550 1690 silere.
596 1624 699 1701 Quam
720 1625 866 1711 regulam
895 1625 999 1689 sobrie
1020 1625 1180 1691 sentiendi
1204 1627 1345 1713 quisquis
1368 1629 1454 1695 fideli

229 1728 290 1803 orde
306 1732 454 1813 sectatur,
484 1729 570 1792 inter
597 1728 790 1793 orthodoxos
817 1728 932 1793 merito
961 1727 1077 1792 debeat
1099 1728 1277 1814 aestimari3
1311 1731 1454 1818 quisquis

229 1852 277 1897 iero
291 1832 442 1917 putaverit
463 1831 668 1897 abnuendam
678 1830 715 1916 ⁷),
747 1831 787 1895 ab
811 1829 993 1915 apostolicis
1016 1852 1085 1895 sese
1108 1854 1173 1896 non
1197 1833 1342 1918 ambigat
1364 1857 1452 1900 essu-

228 1931 270 1999 lne
284 1934 434 2000 doctrinis.
480 1933 574 2000 Certe
596 1934 623 1998 si
645 1933 720 2018 quid
745 1939 809 2018 est,
841 1932 924 2018 quod
953 1932 1059 1999 valeat
1087 1934 1229 1999 animum
1257 1958 1451 2022 permovere,

227 2032 369 2102 tstcrnitss
390 2041 448 2103 tus
470 2037 635 2102 consulere
658 2035 849 2101 fiducialiter
868 2037 968 2123 non⁸)
984 2036 1123 2121 omittat,
1148 2040 1184 2102 ut
1199 2036 1328 2103 Domini
1344 2041 1452 2125 grstia

227 2135 386 2205 morante
410 2140 508 2204 totius
530 2139 684 2204 discutiat
705 2138 911 2205 obscuritatis
934 2138 1121 2224 ambiguum
1142 2139 1289 2205 fraterna
1312 2142 1450 2209 collatio.

700 2343 881 2448 Epistola
907 2345 941 2427 6.
1208 2318 1210 2324 ’
1294 2463 1303 2473 ·
1462 2363 1587 2486 qpoavs.

289 2498 414 2570 soron
437 2516 548 2584 papae
570 2499 614 2565 sd
637 2498 817 2583 episcopos
840 2516 906 2583 per
927 2498 1102 2565 Picenum
1123 2499 1354 2568 constitutos.
1559 2473 1564 2483 ⁸

246 2637 285 2690 o·
297 2642 418 2707 eptswpis
434 2642 485 2692 illie
503 2643 662 2707 expostulat,
692 2640 761 2706 quod
776 2639 808 2688 at
826 2639 943 2704 imperito
964 2654 1025 2689 sene
1047 2627 1193 2690 restaurari
1213 2656 1245 2691 oc
1265 2642 1419 2706 praedicari

244 2725 327 2777 tierent
348 2728 400 2778 tria
422 2728 562 2792 praecipue
585 2725 742 2791 Pelopianae
768 2732 854 2775 sectae
881 2726 981 2789 capita,
1012 2739 1077 2792 quoe
1099 2732 1125 2774 et
1146 2725 1256 2788 refutat,
1286 2727 1417 2778 uidelicet:

245 2802 274 2858 l·
283 2815 393 2876 portos
408 2818 517 2878 peccato
535 2812 654 2874 ortplnab‘
671 2826 721 2861 non
739 2825 795 2860 esse
811 2809 937 2861 obnoxios
949 2808 1007 2872 (nt
1020 2816 1046 2860 et
1056 2809 1096 2874 t);
1119 2805 1171 2860 11⁶⁰
1188 2825 1232 2862 eos
1249 2812 1325 2862 etiam
1340 2828 1417 2864 sacro

245 2891 364 2960 basae
381 2899 516 2949 destitutos
535 2898 652 2947 danmars'
669 2911 719 2946 non
734 2910 812 2960 posse
830 2893 866 2958 (n.
880 2893 919 2959 t);
948 2890 1017 2945 ΙΙΙιίο
1034 2896 1155 2946 bominem
1176 2911 1226 2961 per
1247 2895 1352 2948 liberm
1373 2914 1416 2948 ar·

245 2974 315 3033 “th
328 2983 393 3035 tono
410 2984 571 3049 suffrapante
589 2988 697 3032 naticae
715 2981 813 3031 beatum
831 2979 900 3042 effici
917 2978 975 3043 (nl
988 2985 1013 3030 et
1021 2977 1057 3044 8).
1076 2979 1172 3030 Eorum
1182 2987 1324 3045 marimo
1334 2984 1417 3034 inere-

243 3070 406 3135 fluuttienr,
425 3085 475 3136 qna
491 3068 667 3135 presbyterum
684 3066 716 3117 ab
734 3066 821 3138 eodem
832 3081 893 3115 sene
904 3067 1072 3115 communione
1088 3067 1197 3131 privari,
1213 3069 1314 3132 paellae
1325 3082 1416 3118 sacras

229 3162 278 3207 ,Ι
288 3156 362 3205 rents
376 3154 425 3205 Dei
441 3170 492 3204 nno
508 3154 704 3220 congregatione
723 3152 824 3201 nriscerr'
841 3158 916 3217 atque
934 3145 1025 3200 bealae
1042 3154 1175 3212 memoriae
1193 3151 1373 3218 Hieronymum
1391 3160 1418 3203 et

226 3234 376 3303 ‚moun
393 3241 471 3290 dente
492 3239 614 3289 maledico
637 3253 722 3288 coram
744 3239 857 3286 lacerm'
877 3235 1022 3288 innatant
1045 3235 1081 3297 (n.
1094 3235 1130 3300 9).
1167 3235 1226 3286 Cum
1249 3238 1286 3287 eis
1308 3239 1416 3305 deniqne

243 3313 366 3388 wat,
390 3325 460 3390 quod
475 3326 591 3389 episcopi
607 3325 687 3373 alieni
702 3322 837 3374 nannetes
855 3329 880 3371 et
897 3323 1024 3371 ministros
1046 3322 1168 3372 eeclesiae
1186 3323 1341 3374 innitimur
1355 3339 1415 3388 pro

226 3406 229 3413 '
629 3408 719 3458 vetant
736 3408 879 3458 clericalem
896 3405 932 3464 (n.
947 3407 998 3471 10).

329 3543 517 3611 Gelasius
545 3542 756 3627 episcopus
784 3540 985 3606 universis
1014 3538 1215 3623 episcopis
1244 3561 1312 3624 psr
1338 3539 1449 3608 Pice·

378 3667 469 3712 num
491 3645 529 3709 in
554 3643 720 3709 Domino
743 3643 923 3709 salutem.

224 3806 230 3823 ·
271 3768 295 3831 1.
330 3764 517 3831 Bsrbsricis
539 3764 696 3830 hactenus
719 3762 904 3828 dolebamus
926 3760 1108 3827 incursibus
1118 3762 1141 3848 ¹)
1164 3765 1303 3828 maxime
1326 3763 1447 3830 vicinas

260 3867 463 3955 'provincias
486 3871 519 3932 et
541 3867 695 3931 bellorum
718 3887 813 3930 saeva
835 3868 1027 3949 tempestate
1050 3865 1185 3947 vastari,
1213 3864 1269 3929 sed
1291 3869 1446 3951 quantum

328 4010 453 4019 ---—-

254 4071 358 4139 orditi
375 4075 474 4128 contra
492 4072 526 4128 G¹
545 4071 653 4126 addunt
669 4077 699 4124 si.
735 4069 935 4126 Desiderantur
953 4068 1026 4122 tituli
1043 4067 1083 4122 illi
1103 4085 1135 4123 sc
1154 4083 1285 4134 canones,
1304 4084 1373 4139 quos
1391 4069 1448 4141 epi·

284 4157 348 4214 lmic
363 4158 503 4214 subnexos
519 4157 604 4212 luisse
623 4156 749 4211 Gelasius
765 4153 879 4210 iudicat.

252 4242 317 4311 bsst
333 4243 379 4299 hic
397 4243 497 4314 supple
514 4251 554 4297 rer·
571 4248 778 4310 explanationem
790 4239 834 4295 vel
847 4238 914 4309 quid
925 4238 1022 4294 simile.
1053 4239 1136 4309 Apud
1148 4236 1293 4296 Dslmatos
1307 4240 1445 4308 quaedam

311 4337 317 4346 ‘
404 4340 507 4387 noema.
532 4343 583 4382 nec
601 4331 707 4382 temere
726 4326 760 4380 de
778 4325 820 4379 his
838 4324 995 4379 Romanum
1013 4323 1172 4393 pontificem
1190 4324 1364 4381 admonitum
1386 4341 1446 4380 osso

250 4498 323 4569 Μὴ
344 4497 528 4564 correximus,
552 4496 627 4565 quod
645 4497 679 4552 (3¹
704 4518 754 4566 quc
776 4501 897 4564 cepimus,
920 4494 995 4564 vulg.
1015 4515 1080 4565 quae
1102 4504 1238 4566 coepimus.
1273 4493 1326 4549 Hic
1347 4495 1445 4550 notare

301 4583 442 4651 Gelenius,
466 4599 534 4651 quos
556 4583 592 4638 sd
615 4581 751 4653 epistolar
775 4580 879 4635 calcem
897 4577 1056 4648 subjecerat
1078 4582 1128 4636 sut
1149 4583 1225 4637 certe
1243 4597 1305 4636 cum
1327 4578 1446 4651 epistole

225 4664 232 4677 ⁶
292 4713 299 4738 ,
315 4670 415 4727 titulos
434 4686 496 4724 cum
514 4668 653 4738 adjunctis
671 4665 902 4737 responsionibus.

248 4755 343 4823 '1801
355 4762 477 4826 maistam.
508 4753 584 4809 Editi
601 4757 744 4808 obtinenda.

249 4845 266 4910 'i
279 4843 321 4899 lta
339 4840 385 4909 θ’,
404 4858 491 4911 quum
509 4840 583 4910 vulg.
603 4839 735 4894 omittant
754 4858 811 4893 non.

250 4930 265 4993 ¹)
278 4928 352 4985 Dum
368 4925 476 4982 scilicet
488 4925 614 4981 Odoacer
625 4925 792 4980 Herulorum
809 4939 859 4979 rex
870 4924 900 4978 et
912 4922 1101 4980 Theodericus
1112 4921 1280 4981 (lottborum
1294 4921 1329 4978 de
1346 4919 1445 4979 Itslise
