3450 5678
711 111 912 162 nascamus
936 114 985 160 m.
1104 108 1107 118 ·
1420 102 1483 167 553

164 268 267 340 sed
293 269 411 352 videte,
434 265 517 351 quod
540 265 661 331 dietum
684 269 747 350 est3
775 267 886 330 intulit
908 267 1009 332 enim:
1032 278 1061 332 cl
1082 271 1231 333 habitavit
1244 273 1274 332 iu
1297 275 1390 334 nobis,
1413 270 1484 335 Hoc

168 372 278 437 ea:
302 370 383 436 illud
404 369 558 451 Verbum,
582 370 665 453 quod
689 390 818 432 caruem
841 369 1024 454 assumpsit,
1054 370 1115 435 hoo
1135 369 1295 434 habitarit
1323 371 1357 435 in
1379 371 1482 455 nobis,

168 476 273 543 lnoc
302 476 353 538 cst
374 473 409 536 in
438 493 534 536 carne
555 470 715 534 habitavit
750 473 900 535 humana.
945 472 1073 536 Miraris
1100 474 1207 557 itaque
1234 473 1267 536 iu
1302 473 1372 556 hoe,
1401 476 1484 558 quod

167 576 372 660 &criptum
394 578 457 639 est:
487 578 615 639 Verbum
638 594 713 639 coro
731 579 853 652 sactum
876 587 930 656 est,
956 597 1052 639 carne
1068 578 1232 660 assumpta
1248 597 1267 638 a
1281 574 1350 639 Deo
1365 574 1483 660 Verba,

166 678 345 759 quando
368 676 462 741 etde
484 678 627 759 peecat0,
657 675 741 760 quod
769 698 835 739 non
859 675 981 759 habuit,
1006 676 1127 740 dictum
1150 679 1214 741 est:
1243 662 1583 786 quisuctuses125cff·

146 792 393 873 peccatum
416 800 483 842 nou
504 781 622 842 natura
645 779 677 841 et
698 778 884 862 operatione
907 781 1074 862 peccatum
1096 779 1202 843 factus
1218 782 1276 862 est,
1301 779 1355 843 sed
1378 783 1415 844 ut
1429 803 1484 845 uo·
1520 773 1527 797 '
1568 772 1574 784 ’

164 877 318 953 etnim
340 883 510 966 peccatum
531 881 567 944 in
589 903 646 944 sua
669 880 871 964 crucifigeret
894 902 999 944 carne.
1032 880 1228 945 abstineant
1249 881 1357 965 itaque
1380 880 1485 946 dicere

174 975 316 1048 verbi
340 986 491 1048 naturam
511 982 676 1047 incarnis
704 985 854 1046 naturam
883 1005 950 1047 esse
975 1005 1175 1066 conversam3
1206 982 1292 1046 aliud
1323 985 1372 1048 est
1399 985 1485 1049 enim

165 1086 300 1168 quod
323 1085 508 1170 assumpsit,
531 1088 564 1150 et
586 1084 671 1149 aliud
693 1083 775 1169 quod
801 1089 999 1170 assrunptum
1022 1089 1080 1149 est.

299 1189 353 1253 31.
377 1191 528 1254 iohannis
543 1191 681 1269 episcopi
696 1191 1030 1270 constantinopolitani
1049 1192 1084 1252 in
1106 1190 1298 1270 evangelium
1319 1192 1486 1253 secundum

155 1288 399 1377 johannem.
429 1289 632 1375 Quapropter
645 1312 743 1373 quum
762 1290 913 1374 audiena,
938 1291 1012 1375 quia
1042 1296 1169 1355 Verbum
1191 1311 1268 1354 curo
1286 1295 1408 1367 suctum
1430 1302 1484 1375 est,

151 1407 282 1465 uon
305 1391 507 1457 conturberis
529 1413 589 1455 nec
613 1392 771 1457 concidas.
802 1391 877 1456 Non
900 1392 985 1456 enim
1008 1392 1189 1456 substantia
1204 1392 1239 1455 iu
1256 1413 1384 1456 carnem
1399 1396 1486 1457 tran-

145 1490 287 1579 siit,
310 1495 372 1559 hoc
394 1494 480 1558 enim
504 1493 678 1577 impietatis
707 1498 755 1559 est
781 1494 924 1577 ultimae,
954 1493 1009 1558 sed
1038 1514 1172 1557 manens
1199 1494 1282 1578 quod
1310 1499 1375 1578 est,
1404 1495 1487 1560 servi

137 1599 354 1664 formam
376 1597 559 1681 assumpsit.

302 1704 445 1784 mundam
466 1707 664 1781 postpauca.
710 1699 806 1781 Audi,
835 1703 945 1781 inquit,
975 1698 1222 1784 evangelistam
1251 1699 1363 1763 intulit
1385 1699 1487 1764 enim:

117 1810 179 1864 et
213 1808 441 1867 ehhabdevit
463 1807 494 1864 in
516 1807 611 1884 notis,
634 1801 696 1866 hoc
718 1802 819 1865 solum
841 1824 928 1865 nunc
951 1801 1070 1883 dicens,
1100 1801 1180 1864 nihil
1201 1800 1415 1886 incongruum
1438 1824 1509 1887 sug

104 1902 212 1983 spi
221 1905 351 1970 ceris
372 1905 408 1970 iri
430 1924 477 1986 eo,
508 1903 592 1987 qnod
615 1903 662 1968 ait
678 1908 796 1983 sactum
819 1917 872 1968 est.
917 1903 990 1967 Non
1025 1903 1111 1967 enim
1141 1904 1379 1968 conversionem
1407 1890 1489 1968 dixit

91 1995 118 2061 il
128 2002 191 2066 11·
198 2026 266 2068 u
283 2029 306 2070 a
326 2006 579 2072 inconvertibilis
602 2010 749 2090 naturae,
779 2006 832 2069 sed
862 2006 1130 2070 inhabitationem
1159 2009 1191 2069 et
1218 2006 1485 2090 permansionem.

83 2096 311 2172 Quod
333 2112 441 2173 autem
464 2108 638 2190 inhabitat,
661 2131 726 2173 non
750 2109 834 2172 idem
856 2114 905 2172 est
927 2109 1011 2193 quod
1026 2108 1255 2190 habitaculruu,
1280 2109 1334 2172 sed
1352 2109 1487 2173 alterum

72 2195 123 2263 iu
205 2211 379 2276 altero
401 2210 575 2295 inhabitat,
601 2211 789 2295 anquirit)
812 2233 877 2275 non
900 2211 961 2275 erit
983 2210 1152 2275 habitatio.

307 2314 356 2378 32.
401 2317 558 2379 Eustathii
581 2318 718 2396 episcopi
741 2317 924 2379 Antiochsni
946 2323 1055 2380 contra
1076 2317 1219 2379 Arianos.
1266 2313 1363 2396 Deus,
1387 2316 1491 2395 inquit
1528 2299 1534 2313 ⁸

65 2398 362 2510 Verlum
385 2415 529 2480 eamdem
552 2438 647 2501 quam
670 2416 798 2500 genitor
820 2420 929 2499 portat
950 2416 1137 2500 imaginem.
1162 2416 1274 2500 Imago
1296 2415 1415 2500 quippe
1438 2436 1488 2479 ex·

62 2508 337 2583 ⁸¹Sbens
364 2519 493 2583 divinae
521 2519 731 2602 substantiae,
763 2541 870 2582 verum
900 2521 1006 2582 autem
1035 2519 1103 2601 ejus
1131 2519 1285 2602 templum
1315 2517 1409 2582 homo
1438 2539 1490 2581 ex-

63 2599 348 2706 SiSbens
382 2643 448 2685 non
477 2620 561 2685 idem
589 2622 673 2705 quod
705 2622 817 2705 templi
846 2621 1023 2685 fabricator
1056 2625 1119 2704 est,
1156 2621 1302 2685 dissimili
1335 2624 1423 2684 ortus
1451 2642 1490 2684 ex

65 2722 240 2787 8911
252 2743 349 2788 ere.

307 2830 421 2892 Rursus
435 2830 573 2910 duodoni
588 2834 787 2908 postpauca:
810 2825 869 2890 Sed
887 2825 1056 2910 potestatis
1072 2826 1275 2909 majestatem
1290 2825 1491 2890 introducere

72 2907 277 2982 vole
287 2948 343 3011 ms,
367 2932 400 2993 et
414 2928 520 3014 ipsum
536 2950 650 3012 corpus
674 2929 900 2992 mortificatum
922 2928 976 2992 hic
991 2928 1106 2992 Filium
1122 2928 1212 3012 dixit,
1236 2929 1342 3012 ipsum
1363 2927 1492 3013 quidem

76 3008 274 3086 ²31¹b]
289 3030 429 3096 imitatis
445 3054 563 3097 nomen
578 3032 758 3115 imponens,
782 3031 814 3094 id
838 3036 897 3113 est,
921 3031 1100 3094 habitantis
1116 3032 1149 3094 in
1165 3053 1201 3095 eo
1217 3031 1277 3095 Dei
1301 3030 1490 3095 decibiliter.

103 3203 112 3214 ,
309 3137 345 3200 Et
365 3144 436 3216 post
456 3155 569 3216 panca:
591 3133 674 3198 Puto
698 3129 815 3215 autem,
844 3139 952 3216 inquit,
975 3156 1035 3197 neo
1057 3133 1171 3197 insane
1194 3134 1362 3217 quisquam
1390 3136 1423 3196 et
1443 3133 1492 3196 fu·

80 3225 308 3296 ”08⁴3
327 3236 540 3301 debacchatus
563 3235 679 3300 dixerit
702 3236 884 3322 aliquando,
908 3237 983 3320 quia
1006 3235 1184 3300 divinitatis
1199 3235 1365 3321 plenitudo
1380 3235 1493 3299 mortis

82 3327 320 3418 l‘flsssa
341 3339 542 3424 dispendium
570 3342 629 3402 est.
675 3339 763 3425 Ergo
793 3340 963 3403 vesaniunt
981 3328 1018 3403 'et
1039 3337 1238 3403 bacchantur
1267 3341 1299 3402 et
1321 3338 1434 3402 furunt
1461 3341 1493 3401 et

57 3426 391 3529 luganiani
412 3444 445 3506 et
472 3441 538 3506 suis
566 3441 729 3505 mentibus
752 3444 966 3524 excesserunt,
996 3441 1050 3526 qui
1078 3441 1147 3505 Deo
1175 3440 1283 3505 Verbo
1309 3441 1493 3525 passionem

86 3526 385 3608 applicare
408 3547 625 3628 praesumunt.

96 3717 104 3728 ‚
311 3649 347 3712 st
367 3657 439 3728 post
459 3648 621 3733 panca⁶⁵):
645 3646 677 3711 si
701 3648 839 3711 enimin
865 3652 991 3725 clarinto,
1016 3651 1123 3729 inquit,
1143 3652 1304 3727 plenitudo
1327 3653 1494 3711 diuinitatis
1505 3650 1560 3709 Col.
1570 3660 1626 3720 aa.

88 3719 382 3828 {nhqlntat
406 3750 545 3835 primum
567 3750 695 3834 quidem
719 3750 804 3813 uliud
827 3749 973 3833 estquod
989 3748 1161 3831 inhabitat,
1187 3749 1273 3812 aliud
1289 3752 1394 3812 autem
1410 3748 1492 3833 quod

91 3812 436 3916 ¹uh12bitatur.
475 3852 508 3917 si
532 3857 640 3917 autem
662 3857 797 3916 naturae
821 3852 972 3916 differunt
994 3851 1035 3914 ab
1059 3851 1232 3933 alterutris,
1256 3873 1359 3935 neque
1382 3850 1493 3913 urortis

92 3929 408 4018 pas'Sionem
430 3976 533 4038 neque
557 3955 621 4019 cibi
644 3956 822 4039 appetitum
851 3976 953 4038 neque
985 3954 1171 4037 poculorum
1200 3952 1399 4034 desiderium,
1428 3972 1494 4013 non

94 4027 380 4134 Son-¹-tmm,
404 4079 471 4120 non
493 4057 670 4141 tristitiam,
695 4081 761 4122 non
783 4055 1019 4142 fatigationem,
1049 4077 1114 4119 non
1143 4056 1356 4140 lacrymarum
1379 4054 1492 4132 fluxus,

99 4149 528 4207 N—

265 4254 328 4329 Ψ)
345 4262 385 4316 Ex
403 4278 506 4331 vasco
524 4264 671 4317 revocatur
688 4280 742 4318 vox
759 4269 870 4333 alioquin
889 4260 966 4331 prius
984 4257 1092 4314 omissa.

116 4380 176 4447 ad
263 4338 328 4415 ⁸³)
344 4347 545 4403 Testimonium
563 4348 628 4415 hoc,
652 4349 683 4403 ut
697 4349 757 4417 jam
776 4367 802 4402 n.
818 4354 849 4403 18
867 4345 1061 4417 praemissum,
1090 4344 1262 4415 supprimere
1280 4344 1323 4397 fas
1342 4343 1416 4406 erat,
1446 4338 1495 4393 sed

153 4409 402 4519 ,vssxtentes
419 4433 448 4487 in
465 4451 521 4488 uno
540 4441 707 4502 lacrymarum
723 4439 809 4502 {irexus
832 4433 861 4487 et
878 4432 906 4485 in
925 4432 1013 4486 utero
1032 4439 1198 4501 lacrymarum
1217 4434 1365 4498 effusiones,
1389 4426 1417 4478 in
1440 4440 1494 4478 uno

156 4496 321 4605 :stow
335 4523 396 4574 baec
412 4524 570 4589 applicanda
586 4525 692 4574 seorsim
709 4530 775 4579 aaut,
800 4521 828 4572 ct
845 4518 872 4571 in
891 4518 979 4571 altero
998 4522 1090 4571 dtrruiru'
1106 4537 1167 4571 acro
1185 4521 1247 4569 beree
1265 4517 1498 4580 applicandorum

135 4579 155 4636 ρ
185 4585 334 4656 “bv-50
358 4605 427 4675 legi,
454 4621 487 4659 ac
504 4606 652 4674 praeterea
670 4605 744 4658 istud
761 4604 846 4675 paulo
865 4602 975 4658 brevius
999 4618 1057 4657 esse
1075 4602 1177 4668 altero,
1201 4603 1232 4654 ut
1250 4599 1319 4652 haec
1337 4594 1496 4652 differentia

146 4656 372 4758 armaareat,
390 4690 566 4746 retinendum
585 4690 718 4745 duximus.
