3450 5678
573 330 768 380 nrrsronan
791 322 842 382 48.
866 321 918 381 49.
1322 319 1385 385 839

113 489 164 554 his
185 510 297 555 mensa
320 488 512 571 communis,
541 508 644 571 neque
672 486 714 551 ab
741 487 791 551 his
818 486 879 551 vel·
892 486 1043 552 victualia
1063 490 1279 573 praesumatis
1302 491 1384 556 acci·
1397 500 1514 571 (0010.)

112 613 199 676 pere,
222 591 286 656 nisi
308 593 436 656 tantum
459 590 707 674 subvectionem,
732 590 760 654 si
783 611 879 654 causa
901 590 1100 675 poposcerit,
1125 593 1157 656 et
1180 590 1382 676 hospitalita-

112 696 189 778 tem,
212 716 254 759 ne
278 693 411 758 credant
433 714 467 756 sc
489 692 620 756 omnino
641 692 806 757 fastidiose
828 691 1006 776 despectos.

197 795 228 859 2.
263 795 367 872 Quum
390 798 496 860 autem
519 794 832 879 Constantinopolim
854 794 923 859 Deo
946 794 1120 878 adjuvante
1145 796 1316 880 veneritis,
1346 797 1382 862 in

111 921 182 964 eam
205 898 394 986 seceditef),
423 919 519 983 quam
541 897 716 982 imperator
736 897 936 981 praebuerit,
959 897 1174 981 mansioncm3
1203 901 1235 963 et
1257 899 1380 966 nullum

111 1001 151 1065 ad
180 1000 408 1066 salutationem
435 1002 575 1064 vestram
602 999 691 1083 prius
718 1000 913 1083 permittatis
942 999 1106 1082 accedere,
1143 1001 1285 1084 exceptis
1315 1001 1376 1086 his,
1443 998 1447 1005 ’

111 1125 189 1188 quos
207 1104 280 1187 ipse
302 1102 425 1167 miserit
447 1103 621 1187 imperator
637 1105 692 1165 aut
708 1123 785 1186 quos
807 1104 936 1166 nostrae
959 1102 1192 1166 communionis
1215 1124 1283 1167 esse
1307 1126 1380 1190 cog·

110 1205 254 1289 noscitis,
279 1205 379 1269 donec
394 1205 499 1288 ipsam
520 1204 699 1289 principem
714 1203 861 1268 videatis.
893 1202 951 1268 Cui
965 1204 1175 1288 praesentati,
1200 1205 1378 1272 salutantes

110 1308 236 1371 litteras
257 1309 385 1371 nostras
408 1307 534 1386 offerte,
562 1308 789 1391 suggerentes,
818 1327 973 1391 magnum
995 1328 1053 1371 nos
1081 1306 1120 1371 de
1149 1307 1217 1391 ejus
1245 1307 1379 1392 imperio

110 1409 264 1495 gaudium
286 1410 481 1494 percepisse,
511 1411 543 1473 et
564 1408 700 1473 nimium
722 1408 895 1492 gratulari,
926 1409 1008 1492 quod
1031 1430 1103 1473 eum
1124 1408 1212 1474 Deus
1235 1410 1378 1494 omnipo-

110 1515 183 1576 tens
198 1510 239 1575 ad
260 1510 321 1575 hoc
344 1511 482 1596 evexit³)
501 1511 596 1595 juxta
612 1510 680 1593 ejus
695 1531 803 1573 sacras
817 1510 954 1595 litteras,
977 1513 1014 1575 ut
1028 1511 1203 1575 secundum
1225 1534 1273 1596 ee,
1297 1535 1378 1598 quae

110 1616 187 1678 sunt
208 1613 250 1678 ab
271 1613 465 1697 apostolicae
488 1611 572 1676 sedis
595 1611 771 1677 constituta
792 1612 1008 1696 praesulibus,
1032 1612 1101 1678 Deo
1123 1617 1253 1679 auctore
1276 1617 1308 1679 et
1329 1637 1378 1680 re·

109 1737 175 1801 gno
197 1715 265 1799 ejus
294 1715 475 1798 adnitente,
504 1714 710 1779 ecclesiarum
738 1716 771 1778 et
802 1736 866 1798 pax
893 1716 926 1778 et
957 1714 1065 1779 unitas
1098 1715 1149 1780 his
1180 1717 1377 1801 temporibus

110 1817 289 1881 desiderata
310 1817 488 1901 proveniat.
533 1816 653 1891 Quodsi
674 1837 729 1880 vos
757 1815 904 1880 hortatus
936 1817 1050 1901 fuerit,
1089 1820 1125 1882 ut
1148 1817 1376 1884 Constantino-

107 1919 287 2003 politanum
310 1918 444 1983 adeatis
467 1918 666 2002 episcopum,
689 1917 838 1982 intimate
860 1940 916 1983 vos
937 1919 1110 2004 praefinita
1131 1919 1266 2004 habere,
1294 1943 1375 2005 quae

108 2021 207 2086 etiam
229 2020 270 2084 ab
293 2020 338 2085 eis
360 2042 455 2104 saepe
478 2021 544 2084 sint
567 2019 712 2105 cognita,
740 2041 822 2104 quae
845 2019 886 2083 ab
907 2021 1066 2086 universis
1089 2022 1246 2106 episcopis
1269 2023 1377 2089 catho-

107 2123 204 2187 licam
216 2123 472 2187 communionem
487 2122 755 2206 amplectentibus
770 2122 924 2206 professio
940 2122 1054 2188 debeat
1070 2124 1267 2210 celebrari⁴).
1290 2131 1377 2193 Haec

107 2232 135 2290 si
154 2232 312 2305 episcopas
335 2230 686 2305 Constantinopolitanae
708 2231 834 2304 implere
851 2236 985 2304 paratas
1006 2237 1063 2304 est,
1093 2233 1123 2289 ci
1140 2238 1305 2305 pratanter
1327 2249 1376 2294 oc·

107 2333 275 2402 carrimas;
297 2334 325 2391 si
344 2349 415 2393 aero
435 2333 515 2391 sedis
537 2333 720 2407 apostolicae
742 2333 984 2392 adhortationem
1005 2335 1091 2407 seqai
1109 2336 1278 2410 contemnit,
1302 2336 1378 2410 qaid

107 2450 225 2493 necesse
256 2441 314 2511 est,
350 2442 382 2495 at
410 2435 453 2493 ad
480 2436 667 2494 occasionem
694 2436 891 2493 contentionis
917 2436 1061 2495 salutatio
1088 2444 1193 2495 nostra
1216 2439 1382 2512 proficiat·

106 2538 213 2612 quibas
235 2553 295 2596 non
316 2543 360 2596 est
381 2538 593 2612 disputationis
614 2541 669 2595 ant
689 2537 861 2595 certaminis
882 2552 977 2596 caasa
999 2538 1031 2595 in
1052 2538 1228 2597 mandatis?
1250 2533 1284 2599 Si
1299 2556 1373 2599 vero

105 2635 279 2718 imperator
301 2633 361 2698 sibi
384 2633 501 2718 aperiri
523 2633 675 2717 voluerit,
705 2632 781 2716 quid
808 2632 851 2697 sit
878 2633 961 2717 quod
990 2633 1030 2697 ab
1053 2635 1203 2719 episcopo
1225 2636 1295 2700 fieri
1317 2659 1372 2720 po-

106 2736 247 2820 stuletis,
277 2736 414 2799 formam
441 2735 541 2799 libelli
569 2758 665 2819 quam
692 2735 828 2818 portatis
857 2734 1026 2799 ostendite.
1072 2735 1162 2811 Quod
1185 2737 1211 2801 si
1234 2737 1273 2802 de
1296 2761 1371 2802 ana-

105 2842 247 2903 themate
270 2837 381 2902 Acacii
404 2838 624 2920 consentiens,
655 2858 851 2901 successores
875 2836 943 2920 ejus
966 2836 1082 2901 dixerit
1103 2839 1285 2903 recitandos
1292 2891 1301 2924 ,
1331 2841 1372 2904 ob

104 2941 167 3007 hoc
189 2940 272 3026 quod
295 2943 426 3025 propter
448 2940 666 3004 defensionem
682 2938 950 3005 Calchedoncnsis
970 2939 1084 3022 synodi
1107 2938 1205 3024 aliqui
1213 2942 1239 3026 ⁵)
1263 2963 1371 3007 eorum

171 3200 192 3265 ²)
211 3197 246 3252 (ἱ1
268 3202 424 3257 succendite,
446 3196 465 3248 b
489 3200 613 3256 accedite,
637 3193 672 3247 al.
696 3198 823 3255 secedim,-
844 3192 888 3246 cui
912 3193 1048 3247 consentit
1068 3193 1137 3247 illud
1160 3193 1240 3263 epist.
1261 3200 1276 3248 7
1296 3214 1322 3250 n.
1342 3201 1369 3250 2:

103 3287 346 3351 Constantinopolim
363 3287 539 3349 pervenientes
558 3284 593 3333 ilai
609 3284 720 3332 secedite
739 3282 789 3333 etc.

172 3370 193 3436 ³)
212 3367 247 3421 G¹
265 3369 291 3421 a¹
316 3366 405 3419 omitt.
431 3371 527 3431 evcnit,
550 3365 569 3417 b
593 3362 739 3433 supplevit.
787 3361 1017 3434 supplementum
1043 3362 1102 3432 ejus
1131 3364 1276 3419 confirmat
1301 3365 1370 3420 illud

102 3453 180 3523 epist.
196 3458 228 3506 ⁷9
246 3471 271 3506 n.
287 3459 313 3505 1:
334 3457 420 3520 Neque
439 3455 544 3503 cairate
562 3456 599 3502 ita
617 3454 671 3502 Deo
688 3454 807 3516 placitam
823 3453 966 3516 principem
987 3453 1023 3501 ad
1038 3454 1140 3517 imperii
1154 3456 1271 3504 verticem
1287 3455 1369 3505 inma-

102 3558 148 3592 nas
166 3549 260 3591 tantam
278 3555 414 3591 consensus
432 3542 524 3590 euenit.

169 3624 190 3691 ⁴)
209 3622 261 3675 Hic
284 3620 558 3689 subintelligendum:
583 3624 619 3673 Et
635 3624 755 3687 adjicite·
772 3635 838 3672 nam
855 3616 985 3688 deinceps
1004 3618 1089 3672 verba
1106 3617 1173 3688 ipsis
1191 3618 1292 3688 legatis
1309 3620 1368 3674 tum

102 3706 220 3762 dicenda
236 3705 470 3776 praescribuntur.
490 3736 522 3744 -
540 3705 605 3759 Mox
622 3705 641 3758 b
660 3723 738 3758 cansa
754 3709 884 3764 mandata,
904 3702 937 3756 G*
957 3723 1035 3757 caasa
1052 3709 1185 3758 mandatis.

170 3795 191 3860 5)
208 3790 377 3860 Euphemius
395 3789 525 3843 nimirum
537 3791 566 3844 et
576 3787 767 3856 Macedonius,
783 3788 813 3841 in
830 3803 948 3857 quorum
966 3786 1087 3856 gratiam
1104 3788 1222 3858 populus
1235 3788 1368 3845 Constan-

100 3876 303 3947 tinopolitanae
322 3894 394 3930 anno
416 3882 465 3930 518
489 3874 532 3930 dic
556 3880 587 3929 15
609 3873 676 3927 Jnlii
693 3873 723 3927 in
740 3889 843 3943 magna
861 3872 978 3926 ccclesia
996 3876 1183 3943 congregatus
1200 3874 1367 3930 nominatim

101 3962 301 4017 conclamaret:
322 3966 483 4029 Euphemiam
497 3972 523 4014 ct
534 3965 711 4014 Macedoniam
723 3963 856 4012 Ecclesiae
868 3963 973 4011 restitas
1035 3963 1170 4027 Ereptcmii
1182 3970 1205 4013 ct
1219 3963 1369 4016 Macedonii

101 4054 199 4102 nomina
218 4052 291 4100 modo
309 4053 458 4101 ordinentur
476 4052 512 4099 ad
526 4050 667 4113 perfectam
680 4049 812 4098 Ecclesiae
825 4048 1025 4098 ordinationem!
1053 4044 1123 4098 Item
1135 4044 1264 4098 monachi
1276 4045 1365 4100 ortho-

101 4131 165 4186 doxi
183 4131 291 4198 libello,
314 4148 396 4200 quem
419 4130 534 4185 concilio
557 4130 678 4200 quinque
699 4130 764 4200 post
786 4128 884 4182 diebus
906 4127 1003 4182 habito
1025 4129 1197 4195 obtulerunt,
1218 4129 1247 4182 in
1269 4130 1366 4199 primis

99 4217 252 4286 petierant:
275 4219 386 4269 Sanctae
403 4222 536 4271 memoriae
555 4220 707 4283 Euphemias
725 4226 750 4268 et
768 4218 934 4268 Macedoniae
952 4220 1055 4282 expulsi
1076 4226 1102 4267 et
1122 4220 1149 4267 in
1167 4220 1258 4269 casilia
1276 4223 1367 4270 rnortai

99 4308 221 4357 canonice
242 4312 392 4355 reuocentur
464 4313 640 4371 ponanturque
663 4307 689 4353 in
706 4291 789 4353 sacrii
806 4302 933 4367 diptychis
950 4304 1061 4368 ipsoram
1078 4304 1209 4362 vocabalo,
1232 4306 1365 4353 secandam

99 4393 168 4458 qnod
185 4393 262 4441 omnis
279 4394 388 4455 populas
406 4397 431 4439 ct
442 4390 598 4440 monachicas
610 4391 674 4439 ordo
686 4389 773 4438 sedala
785 4388 943 4440 exclamavit.
974 4383 1062 4436 Immo
1076 4384 1138 4453 jam
1150 4401 1168 4438 a
1178 4383 1268 4454 primo
1282 4385 1364 4438 coetu

99 4472 144 4527 die
159 4477 190 4527 ts
202 4471 268 4526 Julii
279 4488 336 4525 non
347 4471 492 4541 quieverat
503 4470 633 4540 populns,
651 4470 738 4524 donec
749 4468 890 4523 lohannes
901 4474 1030 4536 accipiens
1043 4473 1165 4538 diptycis
1177 4474 1295 4523 ordinari
1307 4474 1364 4536 jus-

98 4564 132 4611 sit
150 4565 250 4612 namina
267 4564 293 4610 in
309 4568 399 4611 sancta
417 4563 535 4611 memoria
550 4560 724 4621 defunctorum
735 4559 982 4623 archiepiscoporum
994 4559 1069 4622 brejas
1081 4559 1168 4623 repiae
1179 4558 1248 4608 urbis
1261 4558 1364 4621 Eaplte-

99 4649 142 4696 mii
158 4654 183 4696 et
202 4646 362 4704 Macedoni,
386 4663 416 4695 ac
439 4649 513 4696 ctiam
532 4647 626 4696 Leonis
643 4645 750 4694 Romani
764 4644 903 4708 pontificis,
926 4641 957 4694 ut
976 4639 1006 4693 in
1024 4638 1093 4694 actis
1111 4656 1128 4693 a
1146 4638 1265 4693 Bononio
1282 4637 1362 4692 initio

99 4727 168 4781 tomi
185 4726 237 4780 VII
254 4727 349 4781 relatis
366 4727 476 4797 legitur.
507 4727 548 4780 De
565 4727 618 4780 hoc
636 4725 732 4796 populi
750 4725 841 4779 studio
855 4743 923 4796 erga
934 4724 1077 4795 episcopos
1094 4724 1123 4778 in
1141 4722 1235 4777 exsilio
1247 4724 1363 4793 propter

97 4811 163 4867 fidei
181 4812 361 4868 assertionem
380 4813 523 4867 defunctos
543 4811 644 4866 certior
666 4811 755 4865 factus
772 4810 928 4879 Hormisda,
947 4828 999 4865 nec
1016 4811 1092 4864 ratus
1110 4811 1212 4871 tamen,
1230 4808 1259 4862 in
1277 4808 1362 4863 sacris

99 4896 238 4971 diptychis
257 4897 385 4953 sinendos
403 4915 461 4952 csse
479 4915 526 4952 eos
544 4895 592 4970 qui
610 4898 689 4953 extra
706 4895 926 4955 communionem
943 4895 1017 4951 sedis
1034 4892 1202 4968 apostolicae
1220 4893 1362 4967 obiissent,
