3412 5664
399 306 441 370 60
499 379 502 385 .
765 319 898 367 acosma
923 317 1074 368 unacum
1097 320 1134 367 m
1156 319 1297 367 cnimsxx

399 486 439 539 od
452 483 565 538 Bonum
581 483 746 539 Sooinotem
761 480 940 557 fragmentum
958 481 1071 538 Gelasio
1086 478 1223 544 attribuit,
1247 480 1320 555 quod
1340 480 1399 538 aliis
1418 483 1446 538 in
1461 480 1537 539 libris
1550 479 1663 558 Pelagio

399 566 567 624 adscribitur.
598 566 697 624 Contra
711 567 755 622 lvo
772 567 954 641 fragmentum
971 566 1124 624 Cresconio
1139 569 1248 623 illustri
1259 567 1426 642 inscriptum,
1445 567 1520 642 quod
1535 567 1663 625 insemo

398 661 426 709 et
441 652 566 709 Gratiano
582 651 736 708 auctoribus
751 653 907 726 nostrisque
922 653 1111 726 manuscriptis
1126 650 1336 726 suifragantibus
1352 652 1465 727 Pelopii
1476 659 1529 717 est,
1547 653 1663 711 Gelasio

399 737 501 794 tribuit.
538 736 604 794 item
626 736 763 794 decretum
791 736 925 810 quoddam
950 739 986 793 cie
1003 740 1138 810 perjuris
1161 731 1246 813 [sicut
1265 736 1446 811 fragmentum
1466 738 1508 795 oo
1525 738 1663 811 Rufinum

399 816 577 899 episcopum]
587 815 610 895 ¹)
630 821 705 878 solus
726 822 866 878 Gratianus
888 821 1010 887 Gelnsii,
1038 822 1195 885 anselmus,
1222 822 1267 878 lvo
1288 830 1316 878 et
1337 839 1400 879 mss.
1418 823 1533 897 Pelagii
1553 824 1663 881 nomine

398 907 559 965 inscribunt.

483 992 511 1050 3.
541 991 634 1049 Cetera
649 991 804 1064 hujusmodi
825 992 959 1067 exempla,
987 1010 1055 1067 quac
1075 994 1206 1067 prosequi
1225 991 1338 1067 longum
1359 1000 1445 1056 esset,
1473 992 1662 1067 praeterfmus.

399 1080 485 1135 biirrus
501 1094 564 1134 vero
579 1077 737 1140 timendum,
753 1094 787 1133 ne
802 1094 880 1134 error
894 1079 929 1134 sit
945 1079 972 1134 in
988 1079 1105 1141 nomine,
1128 1076 1174 1133 ubi
1189 1079 1268 1133 etiam
1284 1086 1391 1152 tempus
1406 1078 1545 1152 congruit.
1575 1075 1664 1146 oum

398 1163 455 1220 sola
471 1163 669 1237 praedictorum
684 1161 806 1219 codicu'm
827 1164 987 1219 auctoritate
1007 1163 1040 1218 ad
1061 1161 1210 1218 laciendum
1232 1162 1284 1218 hoc
1303 1161 1447 1219 discrimen
1468 1164 1578 1219 minime
1598 1178 1664 1220 con·

398 1250 479 1310 tenti,
500 1249 666 1304 excussimus
682 1256 835 1322 praeterea,
866 1264 934 1322 quae
955 1247 1056 1304 fuerint
1076 1249 1279 1322 episcoporum,
1306 1246 1404 1322 quibus
1426 1248 1491 1305 baec
1512 1246 1664 1322 fragmenta

398 1333 589 1398 inscribuntur,
612 1333 698 1397 sedes,
719 1332 834 1405 aliquive
849 1331 955 1389 Gelasio
976 1332 1101 1407 aequales
1123 1341 1150 1389 et
1170 1334 1262 1389 coaevi
1277 1332 1371 1389 iisdem
1387 1332 1488 1389 fuerint
1508 1331 1664 1390 nominibus

398 1418 580 1493 appellarim
595 1419 684 1481 etiam,
701 1416 836 1491 quasillis
854 1416 1038 1474 attribuuntur
1053 1424 1137 1492 gesta,
1159 1418 1187 1473 in
1202 1417 1261 1489 ejus
1277 1418 1584 1493 tempora'couveniant.
1615 1416 1665 1474 Cui

398 1505 511 1560 examini
527 1519 624 1578 ariagne
640 1501 760 1558 subsidio
777 1502 887 1559 fuerunt
901 1503 1069 1576 synodorum
1083 1501 1134 1558 sub
1149 1502 1308 1577 Symmacho
1324 1504 1400 1559 aunis
1411 1502 1483 1566 499,
1496 1501 1664 1561 colerans

399 1588 547 1645 habitarum
562 1586 784 1662 subscriptiones.
816 1587 883 1644 ilino
898 1589 968 1644 enim
985 1595 1085 1644 certam
1099 1587 1189 1662 adepti
1204 1604 1298 1644 sumus
1313 1587 1507 1644 nonnullorum
1521 1588 1666 1663 episcope-

398 1691 456 1729 rum
473 1673 604 1735 notitiam,
621 1690 672 1746 qua
687 1683 839 1746 comparata
854 1675 932 1729 etiam
948 1673 980 1729 ad
996 1680 1148 1729 ceterorum
1163 1671 1398 1729 internoscendam
1419 1680 1533 1729 aetatem
1547 1670 1667 1747 quadam

397 1760 587 1815 communione
601 1759 725 1831 serieque
746 1774 836 1813 rerum
858 1760 1022 1832 pervenitur.
1067 1757 1095 1814 Si
1117 1773 1169 1831 qua
1189 1774 1253 1814 vero
1274 1766 1338 1813 sunt
1359 1766 1518 1832 argumenta
1542 1757 1666 1832 propria.

397 1843 495 1918 quibus
510 1844 716 1917 inscriptionum
731 1844 828 1898 veritas
843 1844 943 1899 certius
958 1843 1120 1906 adstruatur,
1147 1859 1178 1898 ea
1199 1844 1290 1916 patrois
1310 1841 1427 1899 indicare
1447 1843 1503 1899 suis
1523 1842 1593 1901 lucis
1608 1856 1668 1899 non

398 1927 509 2003 pigebit.
540 1927 594 1983 Nec
609 1927 815 1990 dissimulamus,
837 1929 944 1984 interim
960 1945 993 1984 ea
1014 1930 1045 1984 iis
1061 1929 1219 2003 fragmentis
1240 1943 1385 2002 superesse
1400 1926 1454 1983 duo
1470 1927 1584 2001 (scilicet
1600 1926 1669 1984 Gn·

399 2014 462 2068 tiani
476 2030 501 2068 e.
519 2011 611 2069 2111.
628 2011 683 2068 1111
698 2029 744 2086 qu.
764 2013 778 2068 1
796 2022 824 2069 et
839 2027 863 2068 e.
878 2013 916 2070 13
933 2007 1068 2085 ti.1.v)²),
1091 2013 1125 2069 de
1146 2012 1352 2086 quibus-adhuc
1372 2029 1470 2086 anceps
1491 2020 1533 2069 est
1547 2013 1669 2076 animus.

398 2115 461 2154 num
478 2114 571 2154 eorum
587 2097 718 2159 codicum.
735 2099 782 2170 qui
797 2098 841 2154 illa
855 2099 974 2172 Pelagio
989 2098 1147 2161 attribuunt,
1169 2098 1309 2171 inscriptio
1326 2096 1498 2171 praeferenda
1514 2113 1603 2154 necne
1616 2098 1669 2155 eit.

482 2182 513 2240 4.
542 2182 731 2245 Observamus,
755 2191 783 2239 et
798 2183 960 2258 fragmenta,
985 2200 1052 2256 quae
1073 2183 1208 2239 interdurn
1229 2199 1297 2258 sago
1314 2184 1534 2255 Gelosiipopoe
1553 2182 1672 2241 nomino

399 2269 561 2331 referuntur,
578 2284 633 2324 nou
649 2268 828 2343 anepigraplxa
843 2269 989 2340 exstitisse,
1004 2268 1053 2325 sed
1069 2268 1110 2324 vel
1125 2268 1331 2343 compilatorum
1346 2267 1388 2324 vel
1403 2266 1577 2325 librariorum
1588 2267 1670 2333 vitio,

398 2352 471 2426 quod
487 2351 557 2427 apud
572 2352 726 2410 dnselmum
741 2353 870 2428 frequens
886 2361 936 2423 cst,
958 2370 1052 2410 eorum
1069 2353 1166 2428 quibus
1185 2350 1401 2410 inscribebantur
1421 2354 1529 2410 uomina
1542 2359 1672 2427 practer·

399 2440 479 2494 missa
493 2454 562 2494 esse.
592 2438 647 2494 b'ec
662 2438 812 2502 tacendum,
828 2449 993 2512 postremam
1009 2438 1152 2514 fragmenti
1170 2439 1210 2497 10
1224 2446 1327 2512 partem
1349 2454 1389 2495 ex
1403 2439 1538 2513 Ropisiro
1554 2438 1674 2495 Gefoaii

393 2538 495 2596 popae
510 2530 660 2598 excerptam
677 2524 843 2598 praenotari;
860 2523 933 2597 quod
949 2523 1047 2580 indicio
1063 2531 1114 2586 est,
1125 2523 1223 2581 Gelasii
1235 2522 1266 2578 ad
1282 2524 1365 2579 varias
1374 2523 1519 2580 relationes
1530 2538 1672 2598 responsa

398 2626 429 2664 ac
440 2607 538 2679 judicia
554 2609 581 2664 in
597 2625 680 2663 unum
701 2607 820 2664 codicem
842 2608 937 2665 referri
958 2610 1146 2672 consuevisse,
1173 2616 1253 2683 atque
1275 2608 1347 2664 hunc
1367 2607 1487 2665 codicem
1508 2624 1594 2683 penes
1616 2624 1672 2666 eus

399 2694 490 2755 luisse,
505 2694 550 2767 qui
565 2700 607 2749 tot
622 2693 771 2768 fragmenta
787 2692 863 2750 nobis
880 2695 1094 2750 transmiserunt.
1125 2692 1250 2762 Quamvis
1275 2701 1362 2749 autem
1385 2693 1512 2768 gencrale
1526 2692 1670 2768 fragmen·

399 2789 487 2834 torum
504 2794 601 2834 nomen
617 2779 655 2834 eis
671 2777 808 2841 indamus,
838 2779 968 2836 nonnulla
988 2787 1077 2835 tannen
1097 2786 1176 2841 sunt,
1198 2777 1339 2852 inquibus
1360 2778 1427 2835 nibil
1449 2781 1495 2834 aut
1509 2794 1582 2852 pene
1597 2779 1671 2835 nibil

398 2863 602 2921 ‹tesiderandum
619 2863 747 2919 videatur.
774 2863 852 2920 Certe
868 2863 944 2938 plura
958 2865 1125 2938 perspicuam
1138 2862 1264 2920 exhibent
1275 2879 1378 2927 eorum,
1395 2863 1428 2919 de
1440 2862 1538 2938 quibus
1550 2879 1672 2937 quaere·

397 2949 485 3011 batur,
501 2948 677 3011 decisionem:
699 2948 807 3023 singula
822 2966 886 3006 vero
902 2949 1152 3024 apostolicaesedis
1168 2966 1235 3023 quae
1251 2965 1299 3022 per
1311 2948 1409 3005 ltaliam
1421 2950 1578 3012 auctoritas,
1595 2964 1671 3023 quae

397 3042 426 3091 et
441 3041 508 3108 quot
523 3034 632 3108 negotia
648 3033 758 3098 fuerint,
773 3051 824 3090 nos
840 3034 948 3091 dorent.
971 3034 1039 3090 Hinc
1054 3042 1083 3091 et
1097 3034 1210 3091 aliorum
1226 3031 1394 3108 pontificum,
1411 3035 1458 3108 qui
1472 3033 1555 3108 longe
1571 3034 1671 3109 plures

397 3136 482 3177 annos
494 3116 674 3175 Romanorum
688 3119 828 3176 ecclesiam
843 3120 1071 3183 administrarant,
1088 3126 1155 3194 quot
1164 3119 1313 3176 exciderint
1323 3120 1433 3194 scripta,
1448 3120 1577 3194 augurari
1589 3118 1668 3176 licet.

398 3205 438 3260 nd
453 3202 574 3260 ordinem
589 3204 661 3278 quod
677 3207 782 3267 attinet.
799 3222 881 3280 quum
897 3205 1020 3263 desfnant
1035 3214 1187 3279 temporum
1202 3211 1291 3266 notae,
1318 3220 1379 3260 eum
1394 3205 1480 3259 secuti
1494 3218 1600 3267 sumus,
1616 3204 1670 3279 qni

397 3288 565 3346 commodior
586 3291 658 3345 visus
681 3298 736 3354 est,
767 3298 797 3346 ut
819 3289 891 3364 quod
912 3290 945 3346 ad
967 3307 1046 3346 unam
1067 3289 1241 3363 eamdemque
1261 3305 1318 3345 rem
1338 3288 1380 3344 vel
1401 3286 1509 3345 affinem
1524 3289 1668 3353 attineret,

398 3381 596 3448 consequenter
615 3374 819 3446 subjiceremus.
861 3375 963 3449 Aliquis
980 3375 1051 3431 forte
1067 3375 1219 3437 maluisset,
1241 3391 1270 3430 ea
1292 3374 1324 3430 ad
1340 3373 1439 3430 calcem
1454 3381 1518 3448 post
1531 3380 1669 3431 tmetatm

399 3457 482 3528 rejici.
514 3456 567 3514 Sed
583 3457 625 3515 ubi
641 3461 710 3515 varia
726 3459 768 3515 his
783 3459 941 3535 fragmentis
956 3459 1120 3536 apostolicae
1135 3459 1205 3515 sedis
1221 3458 1328 3515 decreta
1343 3457 1462 3515 exbiberi
1477 3457 1668 3533 perpenderit,

398 3541 471 3616 qnod
488 3559 502 3598 a
518 3540 693 3599 decretalibus
710 3544 833 3617 epistolis
849 3545 893 3601 illa
909 3563 964 3601 non
979 3545 1186 3616 sejunxerimus,
1203 3543 1274 3601 baud
1290 3543 1369 3601 dubie
1384 3542 1518 3618 probabit.

308 3629 385 3700 [Ed]
483 3627 513 3685 5.
544 3627 584 3683 Ad
604 3628 669 3684 hacc
689 3629 796 3702 quidem
818 3630 964 3693 llolstcnii.
986 3631 1085 3686 baluzii
1106 3638 1134 3686 et
1149 3630 1298 3686 Constantii
1323 3630 1410 3686 nostri
1430 3628 1520 3685 studia
1539 3627 1670 3700 1111111111-

398 3729 467 3775 mus,
483 3729 551 3787 quae
567 3711 662 3770 deinde
677 3715 725 3770 viri
741 3714 888 3771 doctissimi
904 3732 936 3772 cx
951 3717 1128 3772 sinceriorum
1143 3715 1333 3772 collectionum
1354 3713 1531 3788 codicumque
1550 3710 1669 3771 latebris

398 3797 594 3872 produxerunt,
610 3815 728 3855 necnon
744 3799 934 3874 exemplarium
949 3800 1130 3858 Romanorum
1146 3816 1234 3873 opem.
1271 3800 1344 3855 lnter
1364 3798 1427 3855 illos
1448 3815 1512 3874 prae
1535 3796 1668 3857 omnibus

359 3933 363 3941 .
399 3882 554 3939 nominandi
569 3883 707 3940 clarissimi
723 3885 819 3940 iratres
835 3885 969 3942 ballerinii
986 3894 1012 3941 ot
1029 3887 1110 3942 mirae
1125 3885 1285 3941 eruditionis
1301 3883 1493 3958 sollertiaeque
1508 3882 1668 3941 bominicus

399 3967 524 4030 blansius,
546 3985 660 4042 quorum
675 3968 714 4043 illi
729 3972 756 4025 in
772 3972 1002 4045 praestantissimo
1022 3973 1059 4028 de
1079 3974 1205 4045 antiquis
1220 3971 1436 4026 collectionibus
1456 3977 1484 4026 el
1499 3971 1666 4027 collectori-

398 4054 451 4110 bus
466 4070 608 4110 cononum
623 4061 752 4112 tractatu
766 4065 835 4130 part.
853 4055 884 4110 11
900 4072 956 4130 cap.
976 4056 1015 4111 14
1031 4055 1110 4130 (Opp.
1126 4054 1210 4111 beon.
1228 4054 1316 4130 blagni
1332 4062 1398 4111 tom.
1414 4054 1447 4109 lll
1467 4073 1494 4129 p.
1507 4052 1614 4127 CCClV)
1630 4071 1667 4113 ex

399 4137 559 4195 collectione
580 4139 719 4196 cardinalis
740 4139 1178 4213 1111111111(10111113833),
1210 4140 1254 4198 bie
1279 4156 1311 4195 ex
1332 4138 1492 4202 burchardi.
1506 4138 1612 4196 -lvouls
1636 4148 1668 4197 et

399 4223 515 4280 Gratiani
527 4225 738 4356 exemplaribus
731 4244 758 4282 111
771 4229 948 4303 amplissimo
960 4230 1144 4283 conciliorum
1157 4228 1323 4283 collectione
1335 4224 1458 4282 tomb'lll
1469 4224 1522 4282 col.
1531 4222 1591 4283 125
1598 4242 1665 4301 sqq.

467 4350 567 4471 )—-·Hoc
575 4351 699 4483 quidem
709 4405 932 4539 fragmentum
915 4405 1000 4458 nihilo
1013 4405 1101 4459 socius
1114 4403 1291 4459 Corrsianiius
1304 4409 1406 4459 Gelasio
1423 4401 1602 4458 tribuendum
1619 4420 1667 4460 re·

398 4407 489 4550 11111111,
508 4477 598 4550 defini,
617 4473 660 4527 cui
677 4473 758 4527 inseri
778 4474 835 4527 itur
859 4473 970 4527 nomine
987 4476 1088 4539 motus,
1106 4472 1143 4527 ad
1151 4490 1238 4551 ‚quem
1251 4472 1353 4528 Gelcsii
1366 4472 1528 4543 epistolare
1543 4471 1667 4550 directas,

398 4539 499 4618 quique
517 4540 546 4593 in
564 4541 679 4594 concilio
691 4542 817 4595 Idomene
835 4558 860 4595 n.
874 4547 924 4596 499
942 4515 1095 4596 Canusinus
1112 4541 1259 4618 episcopus
1270 4543 1454 4619 nuncupatur.
1475 4539 1655 4596 Nobisrae
1581 4558 1668 4664 gorgo„

396 4608 1170 4756 ¹13513.ngpq·qnqqqqqqqchbqnq..[qqquna
1193 4608 1280 4664 ⁰⁰d⁰¹
1298 4609 1450 4663 V²m⁰²¹¹¹¹¹⁸
1468 4614 1534 4664 ³⁸³2
1552 4608 1581 4662 ‘⁰

464 4747 485 4803 ²)
503 4744 579 4799 Haec
596 4744 682 4813 igitur
699 4745 870 4823 iragrnenbs,
894 4764 965 4824 qaue
984 4745 1162 4800 Constantius
1181 4748 1338 4801 11101114
1356 4744 1489 4813 signavit,
1508 4744 1667 4814 omisimus,

395 4810 464 4933 {22⁸¹
483 4812 686 4952 ffiqss⁰¹³rd⁰
704 4831 755 4881 pro
773 4814 866 4884 spurio
890 4814 1060 4882 rejicientes,
1082 4816 1134 4869 hoc
1157 4831 1219 4867 curn
1241 4814 1383 4869 codicibus
1401 4787 1516 4883 Pelagio
1539 4789 1667 4869 tribuen-
