3412 5664
332 307 395 374 630
756 315 985 367 s.AnASTA811
1008 316 1034 364 11
1055 314 1170 365 aaran

203 491 320 559 (assu)
333 479 461 543 Marcus
484 474 660 539 beatissimi
684 472 895 554 crediderunt,
920 474 954 535 et
975 469 1178 555 postmodum
1199 470 1340 535 trecenti
1355 469 1459 536 decem
1478 454 1643 569 standi}l

332 577 531 645 venerabiles
554 575 680 640 edidere
702 573 882 658 pontifices,
905 573 1030 658 legates
1053 572 1094 636 ad
1115 572 1228 637 urbem
1241 571 1381 637 Romam
1401 576 1501 638 nostru
1513 560 1647 639 ἀῖῡ·

333 701 410 767 gere
438 679 562 744 curavit
591 676 734 741 ecclesia.
779 675 841 741 Sed
868 674 913 738 ibi
940 673 1104 760 quidam⁸)
1134 674 1275 739 civitatis
1302 677 1431 739 nostrae
1456 668 1654 760 raperem

335 787 383 847 est
405 804 424 845 a
447 784 535 846 recta
556 779 618 843 fids
641 778 833 842 dissentiens
861 779 956 861 atque
984 776 1024 840 ab
1053 798 1092 840 es
1118 798 1158 840 ex
1186 776 1291 841 causis
1318 796 1443 861 quoque
1467 766 1658 841 uxoreis

220 904 223 909 ·
335 885 457 950 ahenas
480 882 649 963 exsistens,
673 880 727 964 qui
749 879 810 944 hoe
831 878 917 944 visus
939 882 989 942 est
1010 880 1206 962 perpetrare,
1229 899 1271 943 ne
1292 876 1361 942 ulla
1381 876 1416 941 in
1430 878 1663 963 saepim-

335 986 383 1050 dis
405 985 521 1069 legatis
544 984 635 1068 copia
658 981 878 1067 praeberetur:
907 981 961 1065 qui
990 1001 1050 1044 uec
1078 979 1258 1045 adfaciem
1278 1000 1379 1064 usque
1401 976 1666 1045 mantonis

336 1087 476 1170 admissi,
500 1087 569 1150 sine
592 1076 698 1169 aliquo
721 1083 836 1147 effectu
857 1082 976 1146 reversi
999 1085 1086 1146 suut.

419 1189 450 1253 4.
494 1187 576 1263 Quia
603 1208 679 1251 vero
708 1188 784 1249 ante
815 1206 882 1248 non
909 1183 1045 1248 multum
1073 1183 1226 1268 temporis
1252 1183 1411 1249 Photinus
1437 1183 1669 1270 religio-'us

336 1290 488 1355 diaconus
511 1292 643 1353 sanctae
664 1286 959 1351 Thessalonicensis
982 1284 1134 1350 ecelesiae
1159 1286 1327 1350 nobiscum
1348 1285 1387 1351 de
1408 1306 1486 1370 pace
1505 1284 1670 1357 eecle-

337 1392 454 1456 siarum
489 1390 585 1454 verba
619 1389 780 1453 conseruit
807 1388 964 1472 dixitque,
1002 1409 1036 1451 se
1064 1390 1139 1452 ante
1167 1387 1309 1472 spatium
1336 1387 1428 1473 parvi
1453 1391 1668 1473 temporis

337 1492 567 1577 destinatuml)
591 1514 610 1557 a
631 1491 833 1555 sanctissimo
856 1488 1096 1574 archiepiscopo
1117 1487 1296 1574 Andream)
1310 1488 1665 1567 Thessalonicensis

339 1594 491 1660 ecclesiae
514 1594 554 1658 ad
576 1593 757 1657 Romanum
779 1591 965 1676 pontificem
980 1591 1201 1675 Anastasium,
1224 1595 1258 1656 et
1280 1591 1465 1657 affirmabat
1484 1590 1521 1655 de
1538 1590 1659 1688 hig,

398 1745 401 1749 .
415 1744 489 1749 ..-.--
524 1743 536 1747 ..
553 1740 642 1747 ——a

407 1819 427 1884 ⁵)
445 1815 508 1869 Non
526 1813 595 1868 alius
611 1812 658 1866 ille
677 1817 777 1881 quidam
799 1811 853 1865 nisi
869 1811 1011 1866 Johannes
1034 1816 1219 1881 cognomento
1238 1812 1351 1881 Talsja,
1374 1812 1424 1881 qui
1440 1811 1649 1881 Alexandri.

339 1900 435 1970 pubes
456 1900 575 1953 Romam
604 1894 741 1966 confugit:
770 1913 852 1966 quem
881 1896 947 1949 dum
975 1894 1147 1951 haereticum
1171 1898 1285 1961 vocant,
1310 1912 1341 1951 se
1361 1896 1423 1967 ips'u
1438 1894 1643 1965 confinium

341 1983 494 2040 catholicae
512 1983 577 2037 fidei
595 1981 752 2039 doctrinam
769 1980 842 2036 tucri
858 1979 989 2049 produnt.
1024 1980 1122 2050 Neque
1140 1979 1188 2036 alii
1204 1980 1293 2052 legati
1309 1981 1437 2052 proxime
1453 1992 1637 2059 memoras,

341 2068 394 2122 nisi
411 2068 459 2137 qui
477 2068 620 2137 aliquanto
637 2067 709 2136 post,
727 2068 759 2119 ut
776 2066 804 2119 iu
821 2065 923 2120 notitia
940 2065 1120 2135 epistolarum
1138 2082 1193 2121 non
1211 2064 1381 2120 exstantium
1392 2064 1577 2123 Felieisll'u.
1591 2084 1630 2131 n

342 2152 560 2218 observavimus,
583 2152 701 2206 aPetro
718 2150 823 2219 Mongo
845 2151 874 2204 in
895 2151 987 2205 locum
1004 2150 1139 2204 Johaunis
1157 2149 1273 2204 suffecto
1295 2149 1372 2205 missi
1388 2150 1504 2205 Romam
1522 2166 1625 2213 reug

342 2239 415 2304 runt,
433 2245 464 2290 ut
480 2236 565 2306 ipsius
582 2235 677 2305 Mongi
695 2235 905 2305 usurpationem
928 2234 1097 2305 apostolicae
1121 2234 1194 2289 sedis
1214 2233 1384 2291 auctoritate
1405 2232 1506 2289 firmari
1523 2242 1619 2305 pete.

342 2323 412 2376 rent.
441 2321 555 2375 Minime
573 2321 667 2377 autem
685 2320 787 2374 mirum
805 2321 849 2374 est
865 2318 998 2374 haeretici
1012 2320 1074 2389 jam
1090 2316 1174 2374 tbties
1195 2318 1322 2375 dammti
1338 2319 1448 2390 lagatus
1463 2334 1551 2387 usque
1566 2326 1615 2380 nd
1695 2356 1703 2381 ‚-

342 2404 516 2460 salutationis
539 2406 659 2459 officium
682 2403 818 2459 admissos
840 2421 908 2459 esse.
946 2403 1022 2458 Felix
1045 2404 1155 2473 epistt
1172 2411 1227 2458 n.1
1250 2403 1325 2459 inter
1343 2404 1437 2474 justas
1458 2401 1611 2473 damandi
1690 2442 1703 2479 r,

343 2489 437 2545 Aeacii
456 2506 553 2543 causas
571 2490 643 2543 hanc
660 2491 793 2555 recenset,
812 2488 888 2556 quod
905 2489 930 2543 ei
947 2488 1030 2557 hujus
1047 2488 1133 2558 ipsius
1146 2493 1220 2543 Petra·
1234 2500 1313 2558 prata
1327 2508 1442 2559 persons
1458 2498 1483 2541 et
1496 2492 1607 2543 πιέσαι-ι·
1684 2534 1692 2547 .

343 2580 401 2641 ejus
418 2579 520 2642 accepti
534 2580 596 2637 sint,
620 2587 645 2628 et
662 2580 846 2642 apocrisiarios
869 2580 927 2642 ejus
949 2580 1084 2640 confovere
1107 2572 1341 2644 deprehendatrn.
1378 2571 1507 2639 Quooim
1523 2570 1602 2627 idem

343 2675 419 2729 papa
437 2659 516 2728 epist.
532 2664 563 2712 14
581 2676 606 2712 u.
621 2664 636 2711 5
654 2659 707 2713 hoe
723 2657 848 2713 Flavitae
871 2657 1036 2712 nominatim
1058 2657 1207 2727 praecipit:
1231 2662 1478 2728 recuparasse·
1491 2660 1602 2709 mal
1680 2648 1692 2671 ⁴

345 2748 419 2798 Peos
434 2749 581 2797 maceniam·
598 2754 644 2797 aas
660 2749 761 2797 litteris.
791 2741 852 2808 Qua
869 2742 897 2796 iu
914 2759 944 2797 re
956 2742 1033 2797 Felix
1051 2757 1157 2797 morem
1175 2742 1264 2812 gessit
1279 2742 1394 2797 monitis
1410 2732 1599 2812 ipsit-lanii,

345 2827 402 2897 qui,
421 2827 452 2881 ut
468 2828 544 2897 apud
562 2827 704 2882 Gelasium
721 2828 829 2882 tractl
846 2846 873 2881 n.
892 2834 921 2880 12
945 2830 974 2882 et
995 2827 1070 2898 apud
1087 2828 1249 2882 Liberatum
1267 2844 1291 2881 e.
1307 2831 1338 2881 18
1356 2828 1491 2891 narratur,
1506 2822 1532 2877 ds
1545 2816 1599 2873 d

345 2916 406 2968 tero
423 2912 516 2978 Petro,
538 2911 585 2982 qui
603 2911 632 2967 in
648 2912 850 2967 Antiochenam
867 2913 961 2983 sedem
979 2913 1126 2978 invaserat,
1149 2914 1179 2967 et
1201 2911 1237 2966 de
1254 2910 1379 2981 quodam
1396 2906 1600 2991 schamen·-

345 2995 433 3052 menis
451 2996 579 3051 ordinato
598 2997 634 3053 ad
646 2996 818 3066 Simplicium
835 2998 967 3064 scribens,
985 3015 1087 3067 eosque
1104 2997 1207 3052 iterum
1225 2995 1374 3051 damnatos
1385 2994 1508 3059 nuuh'm
1518 2983 1601 3061 affl
1679 3020 1700 3064 ·.·.

346 3087 378 3137 ab
396 3089 537 3151 apostolice
554 3089 623 3144 sede,
642 3093 668 3135 ul
685 3088 709 3135 si
723 3087 793 3146 forte
811 3088 848 3136 ad
864 3103 918 3136 eam
935 3087 1110 3153 cousuqerent,
1129 3102 1176 3135 nec
1193 3088 1246 3136 uisu
1263 3087 1355 3150 dipsas
1372 3086 1478 3137 amna
1571 3148 1588 3159 -
1685 3138 1694 3159 ι,

413 3170 435 3237 ⁹)
453 3167 529 3221 Haec
545 3165 657 3220 Photini
673 3166 777 3236 legatio
795 3166 923 3221 absurdis
940 3166 994 3221 illis
1011 3165 1175 3221 commentis
1192 3164 1368 3221 amasionem
1384 3164 1470 3232 dedit,
1483 3174 1534 3233 qnae
1566 3163 1603 3201 ¹⁸

346 3252 418 3307 libro
437 3252 471 3307 de
489 3251 574 3320 gestis
590 3251 752 3320 pontificum
768 3250 810 3306 ita
828 3252 969 3321 leguntur:
987 3258 1056 3306 multa·
1071 3257 1159 3305 clerici
1175 3262 1199 3305 es
1216 3254 1404 3320 presbyterem
1415 3246 1604 3305 affl*

347 3343 426 3407 ipsius
445 3342 578 3390 Anastasli
598 3348 779 3403 retraxerant,
802 3358 832 3391 eo
855 3343 924 3407 qued
944 3341 1148 3391 comnmnicaaset
1169 3342 1225 3390 sine
1248 3342 1354 3391 consido
1376 3340 1525 3405 epiecopu-
1552 3318 1607 3373 ’ὁ
1683 3330 1699 3361 '³

346 3427 552 3491 presbyterorum
569 3427 608 3475 vel
625 3427 688 3474 cleri
708 3433 812 3475 cunetae
831 3425 963 3476 Ecclesiae
979 3426 1120 3477 catholicae
1142 3426 1252 3475 diacono
1273 3423 1485 3475 Thessalonicen&
1500 3408 1608 3489 μί’*
1682 3416 1704 3464 's'-

349 3511 457 3562 Phallas
477 3509 549 3574 (mss.
570 3509 683 3573 Plautio),
707 3511 750 3575 qui
766 3512 942 3560 communionis
960 3519 1017 3560 eret
1035 3511 1139 3567 Aeacii,
1163 3517 1188 3560 el
1206 3511 1265 3575 qm‘a
1283 3511 1381 3560 ceraue
1398 3511 1469 3561 was
1482 3496 1608 3555 Μ

349 3596 471 3646 Amorum
488 3602 514 3644 et
531 3611 581 3643 nen
596 3596 687 3658 poluit.
724 3589 785 3654 Qua
802 3592 896 3645 autem
913 3590 967 3644 fide
985 3595 1160 3646 commissionis
1178 3594 1270 3644 Aeaeis·
1291 3589 1402 3645 dimtur
1421 3586 1529 3644 dinoot!
1552 3562 1608 3627 'l
1685 3626 1695 3665 ζ

348 3675 461 3730 Andrea
478 3675 515 3729 ad
533 3673 715 3744 apostolicam
732 3674 827 3729 sedem
844 3675 949 3741 missus,
967 3673 1202 3744 postquamidem
1213 3673 1342 3729 Andreas
1353 3672 1454 3730 odini
1468 3664 1608 3727 deff
1690 3728 1697 3739 ‚

349 3765 417 3815 sidua
435 3764 527 3812 Aeacii
544 3759 752 3828 comprobasset
768 3760 888 3825 litteras,
912 3776 1013 3828 easque
1030 3758 1059 3813 in
1077 3757 1193 3814 ecclesia
1209 3775 1261 3814 sua
1277 3757 1391 3814 recitari
1406 3734 1608 3830 praectpbeffl
1688 3744 1702 3761 ⁸

350 3844 447 3912 Neque
465 3843 555 3896 minus
573 3843 723 3897 absurdum
736 3860 794 3898 esse
809 3844 870 3913 jam
883 3843 1028 3899 observavi
1039 3844 1093 3898 hoc
1104 3843 1181 3899 aliud
1192 3846 1391 3910 commentum,
1407 3858 1459 3914 quo
1469 3832 1607 3895 saw*

352 3927 399 3995 qui
410 3927 508 3981 Felicis
521 3928 545 3980 lI
563 3926 735 3997 temporibus
749 3929 810 3997 jam
828 3928 944 3995 obierat,
961 3928 1122 3983 Anastasius
1139 3943 1270 3983 revocare
1289 3929 1407 3985 voluisse
1423 3926 1524 3998 flagita
1545 3900 1605 3969 fi

349 4012 404 4067 hoc
420 4015 514 4066 autem
531 4012 591 4067 loeo
609 4016 719 4082 tempus
737 4012 888 4082 colligitur,
914 4029 970 4083 quo
992 4013 1102 4068 libellus
1122 4012 1175 4067 iste
1193 4012 1275 4068 datus
1291 4013 1354 4068 suit.
1389 4010 1506 4069 Nondum
1520 4002 1602 4059 «Β,
1677 4014 1705 4055 ὶε

350 4098 470 4152 Romam
488 4096 640 4152 advenerat
656 4097 804 4165 Photinus,
831 4115 915 4167 quum
932 4097 1094 4152 Anastasius
1112 4096 1283 4167 superiorem
1301 4098 1472 4169 epistolant
1484 4090 1513 4149 sd
1523 4086 1599 4143 W
1688 4092 1693 4120 ⁵

351 4181 472 4237 rentium
490 4182 607 4252 scripsit,
626 4183 675 4238 sed
692 4183 765 4237 hunc
781 4186 889 4247 tamen,
908 4185 939 4236 ut
956 4190 1058 4237 num.3
1076 4182 1178 4248 innuit,
1203 4182 1284 4237 brevi
1305 4184 1451 4239 venarum
1468 4157 1593 4251 W

351 4266 423 4321 Huic
444 4266 529 4336 igitur
551 4268 683 4338 tempori,
711 4286 766 4337 quo
783 4269 901 4322 Romam
918 4266 1059 4337 ingressus
1077 4269 1130 4334 est,
1160 4265 1349 4336 adjiciendum
1372 4270 1415 4323 est
1428 4256 1590 4321 utenda*
1664 4264 1696 4315 '22'

353 4367 408 4418 quo
426 4351 558 4419 delegata
574 4353 688 4422 negotia
704 4353 745 4407 ibi
762 4369 910 4422 peragere,
933 4351 1159 4408 Thessalonicam
1180 4349 1285 4416 redire,
1306 4350 1427 4421 indeque
1447 4349 1481 4407 sd
1495 4339 1585 4412 ’ΜΨ

352 4435 450 4491 urbem
469 4452 498 4490 se
516 4438 640 4493 conferre
658 4438 784 4493 valuerit.
1655 4462 1705 4493 ·..-

422 4523 452 4590 ¹⁰)
470 4521 533 4575 lam
551 4522 765 4589 observavimus,
782 4522 819 4577 ad
836 4523 909 4577 hunc
926 4523 1067 4577 Andream
1085 4520 1218 4591 scriptam
1236 4536 1297 4577 esse
1313 4521 1414 4577 Felicis
1430 4522 1455 4576 11
1473 4512 1533 4589 opst
1546 4502 1577 4593 ’ἦ
1670 4526 1674 4531 ’
1693 4550 1699 4557 -

354 4606 478 4675 adeoque
497 4623 560 4660 cum
577 4605 667 4677 ipsum
685 4624 753 4674 esse,
772 4624 854 4675 quem
873 4607 999 4663 Gelasius
1018 4606 1099 4678 epist.
1113 4612 1143 4661 18
1160 4612 1217 4661 nt
1234 4596 1573 4678 reprehendissent&
1649 4620 1688 4661 :a

355 4692 563 4760 ceterorumque
580 4691 748 4761 perfidorum
767 4693 958 4747 communione
977 4693 1158 4762 pertinacem.
1199 4691 1279 4747 Hunc
1301 4694 1397 4748 autem
1418 4707 1437 4746 a
1454 4696 1523 4760 pm·
1536 4668 1570 4727 ὓ
1641 4709 1676 4743 v:

355 4774 545 4830 communione
563 4775 675 4831 tandem
694 4775 861 4843 discessisse,
883 4777 1024 4831 Laurentii
1041 4774 1217 4847 Lignideusis
1237 4776 1363 4847 episcopi
1380 4773 1475 4831 litter'a
1486 4756 1568 4848 Μ

356 4859 411 4913 sins
428 4860 532 4927 noster,
550 4860 590 4915 uti
608 4859 733 4929 superior
751 4860 836 4930 ipsius
855 4862 973 4931 epistola
985 4871 1001 4917 :l
1019 4880 1044 4916 n.
1060 4868 1073 4915 1
1092 4861 1171 4915 testis
1188 4862 1239 4929 est,
1256 4858 1474 4931 gratulabundus
1487 4838 1564 4913 ssfl‘l't
