3450 5678
1187 206 1197 232 b

385 324 530 372 3333333
553 323 662 373 uersa.
687 323 757 372 333
779 322 949 372 exsensa.
973 323 1005 371 n.
1024 324 1138 371 r-1x.
1329 306 1392 376 609

106 503 222 560 papam
239 484 338 542 lausto
355 484 505 541 ciliciorum
526 486 655 558 magistro
677 483 938 558 Constantinopolim
957 484 1100 558 legationis
1116 503 1195 541 33333
1210 485 1392 558 proficiscenti

103 570 285 642 injunxisse.
309 579 337 625 31
353 587 422 643 quac
437 578 509 625 esset
525 587 607 642 qtium
624 572 753 624 Arrastasii
774 571 941 643 imperatoris
963 578 1019 624 tum
1035 568 1174 644 Euphemii
1189 573 1307 644 episcopi
1322 580 1393 627 cete·

105 672 276 730 torumque
292 656 454 711 Graecorum
470 672 534 729 erga
550 654 628 709 131333
644 655 800 710 3311311333
816 663 843 710 31
858 654 1031 727 apostolicam
1047 655 1138 711 sedem
1149 655 1262 719 allectio,
1279 656 1393 730 diligen·

106 751 170 797 ter
186 741 348 814 exploraret,
364 756 394 795 ac
409 738 443 795 de
458 739 580 795 omnibns
597 757 675 812 (priam
691 741 805 813 primum
821 741 963 795 certiorem
979 741 1065 814 ipsum
1082 740 1189 803 iaceret,
1212 740 1393 814 l‘austumque

106 827 192 882 linio
206 824 298 881 oiiicio
312 841 479 899 nequaquam
494 825 622 879 defuisse.
663 824 737 879 lstud
753 826 851 898 quippe
868 824 1017 897 praedictae
1033 825 1162 898 epistolae
1177 825 1316 912 exordium
1333 827 1393 900 Epo

100 927 241 984 quoque
267 918 359 967 mente
381 913 517 982 percepi,
547 910 676 966 Graecos
700 914 728 965 ia
744 927 798 965 sua
824 911 1013 965 obstinatione
1033 927 1198 973 incensuros,
1222 910 1320 966 indicio
1341 919 1391 972 est,

105 995 219 1051 Fausti
240 994 272 1050 ad
293 994 427 1051 Gelasium
452 997 631 1069 praecessisse
658 994 768 1056 litteras,
797 993 893 1068 quibus
915 994 960 1049 ille
983 997 1136 1068 percepisse
1162 1012 1192 1051 se
1217 994 1391 1069 significabat,

104 1081 246 1136 Graecos
262 1079 444 1135 obstinatione
460 1096 508 1133 sua
524 1081 630 1134 minime
652 1078 799 1134 abstiluros
815 1095 883 1135 esse.
916 1077 974 1145 Quo
990 1081 1136 1152 respiciens
1153 1079 1273 1135 Gelasius
1294 1081 1332 1135 sic
1352 1097 1393 1136 33-

103 1165 262 1222 scribendi
278 1166 383 1219 initium
400 1165 476 1219 iecit:
494 1166 555 1238 Epo
570 1181 682 1237 quoqne
697 1173 788 1221 mente
801 1169 929 1237 percepi,
948 1165 973 1219 13.
991 1181 1014 1219 3.
1032 1164 1123 1219 eadem
1140 1165 1204 1220 mibi
1219 1165 1252 1219 de
1267 1164 1320 1220 illis
1332 1181 1394 1220 sen·

107 1251 210 1307 tentia
226 1259 277 1305 331.
309 1249 376 1304 11133
399 1258 538 1311 31331333,
556 1266 622 1322 qrrae
639 1249 711 1304 33131
727 1248 758 1304 ab
774 1251 934 1322 imperatore
950 1258 996 1303 aut
1013 1248 1158 1321 Euphemio
1179 1250 1270 1306 aliisve
1286 1249 1392 1305 Graecis

108 1336 267 1410 proposita
283 1334 403 1390 Gelasius
419 1336 446 1390 in
463 1334 557 1389 eodem
573 1336 675 1407 scripto
691 1343 866 1390 333333333133
881 1333 989 1395 refellit,
1007 1335 1133 1390 13333333
1149 1351 1181 1389 ex
1197 1335 1289 1390 iisdem
1302 1334 1392 1389 Fausti

110 1421 225 1477 litteris
241 1420 405 1492 comperisse
421 1428 581 1493 argumento
598 1428 648 1474 est.
680 1421 760 1492 Atqui
777 1419 939 1492 legationem
962 1419 1034 1474 illam
1049 1429 1112 1492 post
1127 1428 1249 1492 pacatum
1261 1418 1393 1475 *Odoacris

111 1513 216 1560 3333313
237 1504 346 1565 113113333,
369 1504 396 1559 13.
414 1520 436 1559 3.
454 1511 516 1577 post
531 1521 650 1559 mensem
666 1503 787 1558 llartium
809 1503 956 1565 3331493,
979 1502 1092 1559 Faustus
1113 1505 1245 1578 suscepit,
1272 1504 1393 1578 atleoque

112 1589 363 1662 Constantinopoli
378 1588 410 1644 ad
426 1588 558 1643 Gelasium
575 1590 677 1644 litteras
701 1589 758 1644 illas
777 1588 871 1644 eodem
893 1605 962 1644 3333
984 1587 1090 1644 labente
1111 1598 1157 1644 aut
1178 1591 1256 1645 etiam
1279 1598 1393 1645 exeunte

64 1711 70 1723 .
116 1675 271 1749 scripsisse
286 1672 460 1748 probabiliter
475 1673 607 1729 credatur.

733 1785 789 1849 Vl.

124 1914 206 1953 enno
222 1893 284 1952 494
301 1898 372 1951 circ.
389 1897 449 1950 init.
482 1895 591 1952 Gelasii
609 1898 648 1951 ad
661 1899 811 1967 episcopos
825 1895 996 1952 Dardaniae
1012 1913 1067 1969 pro
1080 1901 1303 1969 perseuerantia
1319 1914 1394 1953 com·

282 1983 485 2037 communionis
499 1982 660 2036 catholicae
675 1982 886 2037 cultortetoriu.

214 2083 251 2138 De
267 2081 429 2138 Graecorum
444 2084 608 2138 contumacia
631 2099 680 2156 per
695 2081 784 2138 l‘austi
800 2081 952 2139 officiorum
974 2084 1096 2157 magistri
1113 2083 1215 2140 litteras
1227 2085 1328 2139 certior
1356 2083 1393 2138 13-

131 2176 190 2223 3133
205 2167 327 2223 Gelasius
343 2184 451 2240 operam
467 2167 549 2230 dedit,
567 2184 600 2222 no
616 2166 724 2223 illorum
740 2169 890 2242 exemplum
909 2167 1050 2224 Dardaniae
1071 2170 1190 2243 episcopi
1205 2176 1393 2243 sequerentur.

133 2252 299 2327 Quapropter
313 2251 454 2325 epistolam
476 2252 509 2307 ad
531 2269 577 2307 eos
598 2269 647 2326 per
667 2252 838 2327 Tryphonem
855 2255 939 2307 virum
955 2253 1112 2326 religiosum
1129 2255 1208 2317 misit,
1232 2270 1282 2328 qua
1303 2271 1350 2309 eos
1367 2263 1394 2309 et

133 2339 157 2393 in
172 2337 335 2412 apostolicae
356 2336 427 2391 sedis
442 2339 630 2393 comnuinioue
652 2340 816 2399 contineret,
838 2346 864 2393 31
880 2337 912 2392 ad
928 2338 1062 2393 vitamdum
1086 2347 1250 2394 sectatorum
1266 2337 1393 2412 Eutychis

134 2424 250 2479 bcaciiee
264 2422 431 2478 consortium
448 2424 531 2496 inagis
547 2439 578 2478 ae
593 2424 676 2495 magis
692 2424 819 2478 excitaret
834 2422 931 2495 (Gelas.
949 2440 990 2496 ep.
1010 2422 1069 2494 11).
1092 2423 1279 2479 Tillemontius
1295 2432 1392 2485 autem,

133 2525 209 2581 quem
225 2509 350 2581 sequitur
364 2506 499 2580 losephus
521 2507 690 2569 lilanelrinus,
713 2516 743 2563 ut
760 2506 813 2576 jam
836 2509 941 2563 133313
959 2509 976 2563 2
993 2508 1024 2563 ad
1041 2510 1170 2564 monitum
1187 2510 1322 2583 praevium
1339 2510 1394 2582 epi-

132 2592 242 2648 3131337
258 2592 381 2653 diximus,
399 2592 467 2646 banc
481 2609 536 2646 uon
552 2592 627 2646 aliam
643 2592 783 2665 epistolam
798 2593 942 2666 putandam
954 2595 998 2654 311,
1015 2611 1092 2666 quam
1109 2610 1176 2667 quae
1191 2593 1393 2667 pcrUrsicinum

132 2679 287 2752 episcopum
303 2676 390 2732 delata
406 2677 433 2747 (i.
451 2693 474 2731 e.
493 2676 589 2731 Gelasii
606 2678 685 2751 epist.
704 2677 742 2747 t).
765 2677 818 2733 Nec
829 2677 980 2751 negarrdum
993 2687 1043 2741 331,
1060 2681 1124 2734 33113
1141 2679 1204 2733 13331
1220 2696 1300 2752 posse
1315 2680 1392 2733 istam

131 2764 305 2824 sententium,
332 2779 491 2835 quamquam
517 2769 659 2835 propterea
686 2779 798 2835 prorsus
815 2764 938 2818 omittere
962 2765 1082 2818 notitiam
1105 2762 1176 2819 illius
1192 2763 1321 2837 epistolae
1339 2777 1394 2832 per

134 2848 313 2922 Tryphonem
329 2846 431 2903 delatae
448 2845 591 2901 noluimus.

721 2957 794 3022 VII.

131 3088 207 3127 nano
222 3067 284 3126 494
307 3075 375 3124 ante
395 3084 483 3124 mens.
507 3069 595 3124 Mart.
626 3070 768 3124 lobannis
789 3070 968 3125 Rauennatis
989 3071 1118 3142 episcopi
1136 3071 1176 3124 ad
1197 3069 1340 3124 Gelasium
1358 3069 1393 3123 de

282 3156 432 3226 deficiente
458 3157 573 3210 seruitio
594 3157 775 3210 sacerdotum
797 3161 824 3209 31
841 3157 1029 3227 legitimorum
1052 3157 1266 3209 interstitiorum
1294 3156 1392 3209 remis-

282 3242 362 3295 sione
376 3243 552 3295 intercessio.

213 3341 288 3397 Girca
303 3339 373 3396 idem
390 3349 495 3414 tempus
510 3341 644 3396 loluumes
661 3341 795 3397 ssaveuuas
811 3343 953 3415 episcopus
970 3340 1103 3396 Gelasium
1119 3341 1239 3414 repetitis
1256 3339 1393 3395 relationi·

132 3424 178 3483 bus
194 3427 376 3488 commonuit,
397 3426 422 3480 in
446 3427 522 3481 variis
543 3427 631 3482 ltaliae
652 3428 795 3501 provinciis
816 3429 967 3499 deficiente
987 3430 1101 3483 servitio
1122 3429 1313 3483 ministrorum
1339 3441 1393 3479 non

130 3515 186 3569 3133
202 3513 287 3586 ipsius
309 3519 384 3566 reatu
406 3512 487 3566 sacris
504 3511 641 3567 ordinibus
658 3513 778 3568 funditus
794 3512 978 3569 destituendus
995 3528 1054 3567 esse
1070 3511 1161 3584 plures
1178 3510 1320 3573 ecclesias,
1342 3510 1393 3565 uisi

128 3599 297 3654 remittendo
316 3599 469 3669 pardisper
490 3600 695 3654 ecclesiasticis
713 3599 937 3670 promotionibus
958 3600 1117 3670 antiquitus
1131 3598 1285 3652 interualla
1304 3609 1392 3667 prue-

45 3716 53 3725 ·
126 3686 193 3752 fiae
210 3683 272 3738 13313
293 3681 362 3737 malo
384 3683 462 3737 citius
484 3681 648 3738 sulmoniret.
680 3682 707 3737 Ei
729 3700 812 3756 porro
835 3684 973 3757 prospexit
989 3682 1109 3737 Gelasius
1125 3681 1237 3755 epistola
1256 3680 1303 3744 14,
1327 3695 1394 3753 quae

122 3767 170 3826 die
193 3767 225 3823 lX
248 3767 332 3822 blartii
355 3766 498 3823 3331494
521 3770 705 3842 consignatur.
736 3768 810 3824 Unde
826 3776 853 3823 31
869 3776 983 3842 tempus.
1007 3784 1060 3841 quo
1082 3767 1226 3822 relationes
1247 3765 1308 3821 illae
1330 3780 1394 3820 con-

120 3855 245 3929 scriptae
260 3861 333 3914 sunl,
350 3851 424 3907 nullo
441 3855 551 3926 negotio
568 3853 721 3928 collegeris.

718 3981 807 4047 VIII.

112 4106 206 4151 anno
226 4092 289 4150 494
311 4099 379 4149 anie
399 4108 485 4149 mens.
508 4093 596 4149 Mart.
626 4094 739 4150 Relatio
765 4109 804 4148 ear
819 4092 926 4148 Piceno
956 4092 995 4146 ad
1015 4091 1157 4147 Gelasium
1178 4092 1213 4146 de
1238 4090 1395 4146 inhonestis

280 4181 468 4251 plurimorum
485 4181 658 4235 clericorum
674 4178 911 4252 negotiationibus
925 4180 1020 4233 missa.

214 4279 311 4336 Eadem
333 4282 359 4335 in
376 4280 489 4354 epistola
511 4280 580 4335 idem
602 4298 669 4354 papa
690 4279 846 4336 relationem
863 4279 937 4334 aliam
954 4287 1144 4333 commemorat
1161 4277 1191 4332 ad
1213 4294 1243 4332 se
1259 4276 1291 4331 de
1307 4275 1394 4330 Piceni

96 4365 251 4432 partibus
267 4367 383 4428 missam,
407 4383 457 4440 qua
473 4366 604 4440 plurimos
620 4366 732 4422 clericos
754 4362 982 4439 negotiationibus
998 4363 1148 4418 inhonestis
1164 4371 1191 4418 et
1206 4362 1287 4417 lucris
1310 4361 1394 4433 turpi-

98 4437 179 4508 bus
196 4452 335 4507 imminere
351 4450 543 4507 admonebatur
558 4450 626 4522 (Gel.
645 4468 688 4525 ep.
706 4450 743 4507 14
760 4469 783 4506 3.
805 4449 864 4521 15),

738 4578 795 4644 ΙΧ.

95 4700 208 4750 urano
222 4688 285 4749 494
300 4707 395 4748 mense
411 4689 481 4764 dap.
514 4690 622 4747 Gelasii
636 4692 675 4746 ad
689 4694 839 4762 episcopos
856 4687 1063 4745 Dalmatiarum
1087 4689 1122 4744 ric
1137 4685 1253 4743 uitanda
1269 4684 1393 4738 Acaciu-

283 4795 385 4834 aorum
401 4781 595 4833 communione
610 4779 779 4832 auctoritas.

216 4880 365 4955 Scripserat
380 4878 500 4936 Gelasius
515 4881 625 4935 ineunte
642 4880 764 4954 Augusto
781 4876 917 4936 3331494
937 4875 969 4932 ad
991 4877 1132 4951 episcopos
1155 4872 1339 4928 Dalmatiarum
1361 4869 1395 4927 de

168 4992 323 5030 3333333333
337 4993 440 5030 nomn.
454 4992 566 5029 ronrrr.
586 4979 608 5030 Ι.
1152 4975 1191 5035 39
