3450 5678
544 352 739 404 saissonis
763 341 909 400 27-29.

603 541 784 647 Epistola
810 541 855 624 29
958 549 960 555 ’

704 695 753 734 Seu

96 787 298 845 Hormisdae
319 802 428 859 papae
451 789 712 848 commonitoria
739 790 783 846 ad
805 788 980 845 universos
1002 786 1178 857 episcopos
1201 785 1361 843 Orientis.
1378 757 1500 897 {m

132 921 274 977 Antistites,
293 923 337 988 qui
351 924 462 986 propria
475 922 527 986 fide
547 938 577 972 oc
589 922 694 985 justitia
711 922 824 973 contenti
837 928 940 985 patrum
957 920 1095 971 constituta
1111 919 1211 983 impune
1229 918 1260 969 ab
1272 919 1331 969 otiis

131 1005 285 1070 labefactari
299 1007 429 1066 sinebant,
452 1024 468 1057 a
486 1009 561 1073 maipa
579 1007 672 1059 liberor
690 1023 740 1058 non
758 1022 813 1058 esse
831 1007 954 1068 ostendit,
985 1020 1078 1071 eosque
1099 1005 1136 1055 ad
1153 1005 1229 1067 fldem
1250 1002 1330 1055 libere

149 1094 150 1097 ’
546 1094 664 1143 tuendum
681 1094 778 1143 acriter
794 1093 913 1142 stimulat.

249 1223 459 1290 Hormisda
481 1225 682 1291 universis
705 1225 904 1311 episcopis
926 1224 966 1288 in
982 1223 1163 1290 Orientis
1181 1222 1364 1308 partibus

343 1328 595 1393 constitutis.

185 1448 213 1511 1.
250 1446 322 1511 Etsi
344 1447 571 1512 admonitionis
599 1469 688 1513 meae
711 1469 787 1512 cura
809 1448 991 1530 desisteret,
1028 1468 1084 1512 vos
1106 1451 1216 1511 tamen
1242 1444 1363 1531 proprii

97 1570 253 1614 memores
276 1550 461 1614 conveniret
489 1550 602 1634 officii,
636 1572 703 1615 non
730 1549 934 1636 negligenter
963 1532 1126 1633 omittere,
1160 1570 1243 1635 quae
1272 1550 1365 1613 enixe

98 1673 207 1716 omnes
230 1651 322 1716 decet
343 1674 401 1735 pro
424 1653 550 1717 animae
572 1675 647 1716 suae
670 1651 773 1718 salute
795 1674 937 1717 servare:
959 1655 996 1717 ut
1017 1652 1242 1717 mandatorum
1265 1651 1365 1716 coele-

98 1754 195 1817 stium
223 1752 393 1837 disciplina
419 1776 486 1818 non
512 1755 618 1818 alieno
646 1754 766 1838 studio,
800 1755 856 1819 sed
883 1755 953 1839 ipso
982 1753 1070 1818 vobis
1099 1753 1234 1819 clareret
1260 1754 1365 1819 inesse

97 1855 271 1940 proposito.
316 1855 400 1919 Nam
422 1855 498 1921 licet
519 1855 613 1921 laude
633 1878 700 1922 non
723 1860 831 1921 careat
857 1857 912 1941 qui
934 1855 1027 1921 bonis
1050 1856 1191 1921 consiliis
1212 1855 1366 1921 obsecun-

99 1956 164 2039 dat,
188 1960 281 2022 tanto
304 1961 352 2021 est
373 1961 483 2022 tamen
505 1959 609 2043 potior
630 1959 665 2023 in
679 1959 800 2023 honore
820 1959 999 2042 sapientiae
1014 1958 1068 2043 qui
1083 1959 1251 2043 praevenit
1264 1961 1364 2043 recta,

98 2080 194 2142 quam
209 2058 264 2143 qui
279 2060 421 2144 sequitur
436 2060 596 2144 instituta,
620 2065 740 2145 quanto
756 2065 805 2126 est
823 2060 979 2126 illustrius
994 2061 1107 2126 docere
1122 2082 1217 2146 quam
1233 2061 1364 2126 discere.

97 2159 295 2225 Recordetur
316 2162 543 2247 unusquisque,
567 2163 602 2227 in
624 2186 687 2248 qua
709 2163 875 2227 vocatione
897 2185 916 2227 a
937 2162 1076 2226 Domino
1098 2162 1142 2226 sit
1163 2166 1306 2247 vocatus,
1334 2165 1367 2228 et

98 2261 173 2347 quid
196 2262 296 2327 abeo
319 2266 520 2348 exspectetur
543 2266 698 2329 advertat.
736 2265 889 2329 Miserum
911 2267 960 2329 est
981 2265 1068 2329 intra
1089 2265 1238 2329 meritum
1256 2265 1366 2348 jacere

98 2364 270 2449 propositi,
294 2387 392 2449 quum
413 2366 445 2429 id
468 2367 552 2451 quod
573 2367 755 2451 praefertur
775 2366 915 2450 nomine,
939 2387 1006 2431 non
1027 2366 1206 2431 ostenditur
1228 2366 1364 2431 actione.

97 2464 221 2552 Magna
242 2467 426 2551 meruimus,
450 2469 477 2531 si
499 2469 583 2552 quod
605 2469 731 2533 indulta
740 2469 763 2554 ¹)
786 2468 953 2551 postulant
968 2468 1166 2553 impleamus.
1200 2466 1262 2545 Qui
1277 2489 1311 2533 se
1326 2468 1367 2532 ad

97 2569 275 2653 pascendas
303 2569 455 2635 dominici
483 2570 592 2656 gregis
620 2592 693 2634 oves
721 2569 840 2655 gaudet
862 2570 1035 2653 adscitum,
1068 2571 1189 2656 cogitet
1217 2572 1256 2636 de
1284 2591 1366 2635 com·

97 2671 196 2735 missa
223 2671 284 2735 sibi
311 2672 544 2758 gubernatione
568 2672 735 2756 judicium.
784 2670 926 2756 Pervigil
960 2671 1141 2737 adhibenda
1172 2673 1274 2737 tutela
1306 2674 1365 2756 cst,
1463 2654 1467 2666 ⁴

99 2772 318 2839 continuanda
341 2775 498 2839 custodia:
522 2796 588 2838 non
609 2775 731 2838 dandus
752 2773 837 2858 lupis
860 2773 1029 2858 rapacibus
1050 2774 1149 2857 locus,
1172 2796 1238 2838 non
1260 2773 1366 2860 ullis²)

99 2875 226 2940 casibus
253 2875 496 2961 relinquendus3
533 2877 608 2961 quia
636 2877 803 2961 neglectus
832 2897 919 2940 error
946 2877 1053 2940 ovium
1081 2875 1176 2960 culpa
1203 2879 1368 2961 pastorum

94 2979 158 3052 est.
192 2976 321 3061 Veniet,
345 2978 400 3063 qui
421 2979 563 3042 rationes
587 2978 726 3042 creditae
741 2977 989 3062 dispensationis
1005 2977 1176 3043 examinet.
1215 2977 1367 3042 Omnium

98 3079 226 3165 quidem
250 3082 376 3144 constat
397 3101 465 3144 esse
483 3080 661 3164 justitiam,
695 3102 755 3145 nec
777 3079 834 3144 ulli
856 3080 1049 3164 impunitam
1069 3079 1235 3144 licentiam
1256 3082 1368 3164 patere

98 3180 270 3266 peccandi3
293 3182 348 3245 sed
370 3182 440 3266 quis
463 3181 581 3266 gradus
596 3182 720 3246 nesciat
735 3203 803 3246 esse
818 3181 1014 3265 meritorum,
1039 3184 1071 3245 et
1086 3182 1169 3246 sicut
1185 3202 1367 3266 nonaeque

99 3282 253 3367 praemia,
277 3282 324 3346 ita
340 3283 464 3348 diversa
479 3305 547 3347 esse
562 3282 744 3368 supplicia?
770 3282 1029 3367 Multiplicentur
1044 3283 1218 3349 scientibus
1233 3282 1367 3369 plagae:

99 3406 203 3469 pauca
225 3384 355 3471 flagella
376 3386 529 3471 leguntur
550 3385 707 3450 inscitiae.
753 3383 851 3468 Quid,
886 3385 913 3450 si
940 3385 987 3450 ita
1009 3390 1058 3451 est
1085 3385 1179 3450 sicuti
1207 3407 1274 3450 esse
1301 3407 1367 3449 non

100 3486 232 3551 dubium
260 3489 327 3569 est,
361 3487 612 3570 aestimandum,
646 3487 722 3572 quid
748 3488 784 3551 in
812 3508 849 3552 θο
878 3488 989 3552 deceat
1018 3509 1087 3553 esse
1109 3487 1279 3573 propositi,
1317 3487 1368 3551 cui
1406 3500 1408 3506 '

25 3633 29 3638 -
100 3588 223 3652 alienos
243 3610 367 3673 quoque
389 3611 511 3654 errores
533 3611 662 3655 necesse
678 3591 726 3653 est
740 3590 916 3674 imputari?
945 3589 1072 3656 Clamat
1086 3593 1215 3654 sanctus
1230 3588 1369 3674 Spiritus

100 3711 157 3775 per
171 3689 378 3775 prophetam:
396 3695 420 3757 O
433 3704 571 3773 pastores
584 3697 698 3757 Iacet:
720 3699 867 3782 numquid
879 3700 1049 3774 semetpsos
1067 3703 1199 3772 poscunt
1209 3698 1368 3772 pastores?
1381 3672 1478 3796 {pepp

101 3791 232 3858 Certum
253 3795 317 3876 est,
352 3793 423 3877 plus
451 3793 492 3857 ab
515 3815 568 3877 ec,
603 3794 652 3859 cui
680 3793 752 3879 plus
780 3793 934 3878 creditam,
969 3793 1177 3879 exigendum3
1214 3796 1247 3859 et
1275 3795 1368 3858 tanto
1419 3781 1456 3808 ”’

100 3894 205 3980 magis
227 3916 285 3959 nos
307 3895 460 3960 obnoxios
482 3896 568 3981 fieri,
591 3898 712 3980 quanto
735 3896 880 3960 effusiore
896 3896 1003 3981 gratia
1018 3895 1192 3981 contigerit
1206 3894 1367 3960 honorari.

101 3997 258 4084 Magister
291 3997 393 4061 bonus
427 4001 459 4061 et
493 3999 609 4062 docens
638 4020 696 4081 per
723 3998 857 4062 obscura
883 3998 1004 4082 lucem,
1038 4020 1095 4083 per
1123 3998 1368 4064 similitudinum

102 4099 288 4184 aenigmata
308 4100 494 4183 veritatem,
524 4122 650 4164 servum
671 4099 787 4165 talenti
809 4123 829 4163 a
850 4121 885 4163 se
906 4100 1017 4164 traditi
1044 4103 1173 4185 praeter
1195 4102 1369 4186 augmenta
1380 4074 1480 4205 {gaggi

103 4202 265 4266 custodem
297 4223 363 4265 non
391 4201 499 4287 arguit
526 4202 703 4285 infidelem,
738 4201 793 4265 sed
821 4202 1046 4267 condemnavit
1072 4203 1230 4268 inutilem.
1274 4201 1369 4267 Unde
1415 4191 1422 4216 '
1462 4191 1468 4203 ⁸

102 4303 136 4367 in
159 4305 270 4386 aperto
293 4306 350 4386 est,
374 4304 409 4367 in
424 4325 486 4388 quo
500 4308 588 4368 metu
610 4324 678 4367 esse
700 4303 812 4367 deceat
827 4325 909 4386 eum,
932 4303 987 4388 qui
1002 4304 1195 4369 dominicum
1209 4304 1369 4369 numisma

101 4404 292 4491 perdiderit,
317 4405 345 4469 si
368 4406 514 4489 culpatus
537 4409 585 4469 est
607 4405 677 4488 illa,
701 4405 755 4489 qui
778 4407 946 4489 acceptum
968 4405 1037 4471 sine
1059 4406 1283 4471 imminutione
1305 4427 1369 4469 ser·
1399 4416 1402 4421 ’

101 4507 200 4572 ravit.
234 4506 350 4572 Nullus
372 4511 543 4572 contentus
566 4507 608 4571 sit
629 4507 816 4571 innocentia
830 4530 898 4591 sua,
922 4507 997 4593 quia
1012 4506 1081 4573 Deo
1095 4511 1205 4573 nostro
1220 4507 1369 4572 universa

102 4753 135 4802 29
172 4749 191 4815 ¹)
210 4744 314 4817 Supple
333 4753 476 4817 pastoralis
499 4752 631 4817 dignitatis
654 4752 745 4802 munic.
781 4744 849 4802 bcc
870 4745 907 4802 ad
929 4762 1019 4818 marg.
1036 4753 1147 4815 indicta,
1178 4745 1254 4816 quod
1275 4745 1370 4800 tamen

101 4831 193 4886 minus
209 4834 314 4903 aptum.

170 4921 191 4987 ²)
209 4917 260 4973 Ed.
279 4925 352 4973 attius
423 4925 466 4990 qui
479 4926 578 4989 modus
650 4921 722 4985 Quod
737 4926 762 4974 si
777 4926 814 4974 itu
831 4929 879 4977 est.

138 5021 292 5060 seraranan
307 5023 409 5064 sonan.
422 5024 536 5063 courir.
555 5008 577 5066 1.
1128 5011 1166 5071 51
