3450 5678
200 306 242 370 96
548 318 684 366 nomm
706 316 860 365 eoseum
882 317 920 364 nr
942 316 1124 366 sruuscm

173 528 179 543 .
198 481 318 557 pleribus
333 480 466 555 synodum
479 488 545 553 post
561 482 742 537 comulatam
758 481 877 536 Paulini
889 477 971 552 (aurio
987 476 1059 552 499)
1083 477 1200 534 habitam
1221 478 1344 553 proxime
1360 478 1474 553 excipit.

199 569 250 623 etsi
264 569 322 642 ipsa
336 569 382 623 die
396 567 476 623 XIV
489 566 549 623 Cat.
564 565 677 622 Octobr.
690 565 818 621 Messala
834 585 859 621 a.
877 581 902 620 c.
919 566 1037 621 consule
1052 562 1134 636 (anno
1149 562 1223 635 506)
1238 561 1331 620 oblata
1346 572 1473 621 notetur.

199 652 262 709 ldeo
276 652 348 708 sorte
363 650 462 707 librarii
477 651 524 707 illo
539 650 600 706 loco
616 667 674 706 eam
689 658 849 725 posuerunt,
878 650 941 723 quia
961 648 1176 724 subscriptiones
1197 648 1286 705 dictae
1306 648 1408 723 synodi
1424 666 1475 707 uo·

200 739 269 793 mine
283 739 426 794 Iohannis
440 739 556 793 diaconi
569 739 694 810 rcyionis
710 737 737 790 B
752 735 923 798 clauduntur,
946 736 992 808 qui
1012 752 1077 790 sane
1091 734 1163 791 idem
1178 742 1273 791 auctor
1288 734 1371 805 hujus
1387 732 1475 791 libelli

198 822 350 879 censendus
366 830 417 877 est.
463 820 549 889 Quare
566 821 707 877 Vaticanus
723 820 841 894 Reginae
864 821 913 876 hae
928 821 1105 894 inscriptione
1120 819 1239 877 inducit:
1262 819 1336 876 ltem
1357 820 1475 878 libellus

199 909 343 965 lobannis
357 910 475 964 diaconi
491 923 573 981 qoem
589 907 689 962 obtolit
709 922 759 963 sco
774 907 878 978 Papae
893 906 1074 978 Symmacho.
1096 905 1250 962 Fornulam
1269 904 1375 962 scilicet
1394 908 1475 963 satis·

200 993 324 1049 factionis
340 991 456 1056 exhibet,
473 1008 553 1066 quam
568 990 685 1047 Romana
700 990 821 1065 synodus
837 1007 907 1047 anuo
923 990 983 1048 501
997 990 1089 1065 (supra
1104 991 1212 1065 epist.5
1228 1007 1256 1047 n.
1271 989 1322 1062 11)
1337 1006 1353 1047 a
1367 990 1474 1048 clericis

200 1078 375 1134 schismaticis
391 1077 423 1133 ad
435 1077 622 1152 Symmachum
637 1074 813 1132 redeuntibus
828 1077 992 1151 praestituit.
1019 1075 1104 1132 Simul
1115 1076 1231 1132 schisma
1245 1074 1396 1132 infaustum
1410 1085 1475 1151 post

199 1163 295 1219 dictam
310 1162 445 1238 synodum
460 1180 509 1237 per
523 1162 616 1236 plures
632 1164 712 1218 etiarn
728 1179 813 1217 aornos
828 1161 992 1236 productum
1008 1177 1069 1217 esse
1084 1160 1183 1217 indicio
1198 1168 1251 1218 est.

493 1321 532 1383 In
552 1320 727 1398 Symmachi
748 1321 908 1397 epistolem
930 1321 949 1381 9
972 1315 1169 1403 (.‚Natttra⁴‘).

63 1459 114 1527 [n¹.
129 1458 191 1528 sq]
285 1443 363 1519 hpud
378 1443 530 1500 Ennodium
546 1451 633 1498 exstat
648 1444 727 1516 epist.
745 1442 786 1504 li,
801 1443 851 1501 39.
882 1441 1005 1499 Proxime
1020 1445 1120 1517 scripta
1135 1450 1186 1506 est,
1202 1450 1348 1516 postquam
1364 1442 1473 1519 reliqua

200 1530 264 1586 cleri
279 1537 443 1603 senatusque
455 1529 565 1585 Romani
582 1528 699 1583 rrrerubra
715 1529 859 1584 schismate
875 1528 982 1583 taudem
998 1529 1095 1584 relicto
1108 1528 1268 1603 Symmacho
1280 1528 1362 1602 capiti
1372 1528 1473 1586 cobae-

200 1632 261 1671 rere
276 1624 434 1689 coeperunt.
466 1613 502 1668 Ex
518 1615 660 1688 superiore
676 1623 764 1669 auteur
779 1614 909 1669 lobannis
930 1612 1035 1670 diaconi
1055 1614 1158 1688 scripto
1173 1612 1358 1683 conjecturam
1373 1629 1473 1689 capere

200 1701 272 1764 licet,
289 1710 346 1756 tunt
361 1698 428 1756 illud
443 1699 475 1754 ab
491 1716 524 1755 eo
540 1701 631 1754 datum
646 1715 715 1761 esse,
732 1716 815 1772 quum
828 1699 919 1773 plures
932 1698 1001 1753 idern
1014 1707 1153 1772 praestare
1167 1699 1331 1772 coepissent,
1347 1697 1474 1774 adeoque

200 1802 292 1859 pacem
307 1786 379 1841 illam
394 1784 426 1840 ad
442 1801 541 1840 aunum
557 1784 618 1841 500
635 1801 689 1839 nou
706 1792 806 1839 teruere
821 1783 926 1839 referri.
967 1783 1015 1839 Cui
1032 1785 1151 1858 apprime
1166 1785 1302 1840 consentit
1318 1798 1473 1859 anonymus

202 1871 418 1934 Blanclriuiauus‚
452 1887 513 1925 mou
535 1877 598 1943 post
619 1868 752 1942 synodum
773 1868 918 1925 Romanam
940 1871 1002 1925 aurii
1018 1870 1078 1927 501
1100 1870 1290 1926 Laurentium
1311 1870 1353 1927 od
1369 1870 1473 1927 urbem

201 1959 357 2012 venientem
371 1972 427 2027 per
441 1971 535 2012 annos
550 1958 669 2010 circiter
684 1962 809 2027 quatuor
824 1956 984 2011 Romanam
1001 1958 1127 2011 tenuisse
1142 1957 1304 2023 ecclesiam,
1321 1960 1349 2010 et
1360 1953 1473 2013 demum

200 2041 289 2096 edicto
305 2041 377 2115 regis
393 2039 425 2095 ad
440 2039 549 2096 l'estum
565 2039 637 2109 dato,
656 2048 684 2094 ut
700 2056 795 2096 omrrcs
810 2043 952 2096 ecciesiae
967 2043 1042 2097 titali
1048 2040 1218 2113 Symmacho
1232 2040 1475 2113 reformarentur

201 2134 228 2182 ct
244 2144 329 2182 anam
342 2126 452 2182 Romae
464 2133 618 2198 pateretur
633 2128 881 2199 essepontificcm
898 2126 926 2181 in
940 2124 1012 2181 bonu
1027 2125 1091 2182 dicti
1106 2124 1181 2182 Festi
1194 2125 1364 2182 concessisse
1379 2123 1474 2201 ibique

201 2212 345 2267 terminum
361 2212 428 2267 ritae
443 2213 572 2268 sortitum
589 2227 658 2267 esse.

443 2370 482 2432 In
502 2369 676 2447 Symmachi
697 2369 862 2448 epistolam
883 2369 921 2430 10
943 2365 1024 2451 (.‚Aa
1036 2365 1223 2451 angustac“).

167 2502 177 2532 ³
307 2535 314 2549 .
345 2493 415 2549 llaec
434 2509 449 2548 e
469 2492 562 2553 istola.
605 2495 701 2547 uorrrh
723 2491 838 2547 obardus
859 2494 887 2548 in
909 2501 1025 2549 tractatu
1046 2492 1079 2548 de
1100 2492 1136 2549 do
1201 2499 1229 2548 te
1249 2490 1346 2549 Felicis
1367 2490 1451 2550 lauda

134 2498 161 2566 [a
178 2499 186 2567 l
202 2496 317 2634 basileia
338 2594 408 2635 anno
426 2509 825 2649 1355arrabeaxoyfaynnae
845 2578 932 2633 tomi
953 2597 980 2652 p.
994 2579 1055 2636 903
1078 2508 1214 2634 5058ξί155
1234 2575 1338 2634 mendis
1359 2500 1475 2653 vulga:

201 2673 252 2719 est.
283 2662 383 2720 Exinde
399 2665 426 2718 in
442 2662 559 2718 Romana
575 2660 772 2736 pontificiarum
793 2663 967 2736 epistolarum
983 2663 1111 2726 editione,
1133 2680 1184 2719 nec
1198 2678 1254 2719 non
1268 2664 1341 2719 inter
1354 2662 1475 2721 ecumbe

200 2758 227 2804 et
249 2748 319 2822 apud
341 2749 482 2804 Baronium
502 2749 535 2803 ad
555 2765 653 2803 aunum
670 2747 731 2804 503
751 2764 844 2803 recusa
866 2748 926 2804 iuit.
970 2748 1027 2804 lam
1049 2749 1207 2823 castigatior
1232 2746 1323 2822 prodit
1344 2747 1474 2805 subsidio

201 2834 301 2889 coelicis
316 2832 378 2889 olim
395 2833 535 2889 cardinalis
552 2833 676 2902 Grirrrani
699 2850 770 2888 nuuc
785 2834 964 2889 institutionis
980 2834 1136 2889 parisiensis
1159 2834 1280 2897 oratorii,
1299 2849 1333 2889 ex
1348 2850 1406 2907 quo
1420 2832 1475 2891 Pe·

201 2919 321 2975 sehasius
337 2917 498 2986 Quesnellus
520 2925 562 2974 tot
583 2920 659 2974 novis
680 2917 804 2974 Leonisl
825 2919 948 2992 epistolis
975 2919 1114 2975 eeclesiam
1135 2918 1319 2992 locupletarit.
1364 2915 1396 2974 lu
1417 2918 1475 2975 boc

201 3004 294 3061 codice
308 3004 477 3061 inscribitur:
494 3005 625 3076 Epistola
641 3005 744 3059 beatae
758 3009 911 3060 memoriae
923 3004 1088 3077 Symmachi
1100 3020 1199 3076 papae
1210 3004 1360 3060 Romanae
1376 3006 1473 3061 eccie-

201 3095 262 3146 siae
277 3091 506 3146 adAnastasiam
520 3093 722 3161 imperatorem
735 3090 939 3161 Eutychianos
953 3091 1085 3145 haeresis
1099 3090 1292 3161 defensorem.
1323 3087 1372 3144 Ubi
1385 3105 1474 3163 qutrm

201 3175 299 3231 dicitur
313 3177 366 3231 hoc
381 3192 449 3249 opus
465 3177 567 3231 heatae
582 3178 736 3231 memoriae
748 3175 919 3246 Symmachi,
936 3191 991 3230 uon
1006 3183 1163 3248 postumum
1178 3189 1239 3230 esse
1253 3190 1303 3230 seu
1317 3174 1474 3249 postSyrn

201 3261 287 3315 machi
304 3269 419 3315 mortem
435 3260 541 3315 demum
556 3259 690 3333 prodiisse
705 3257 882 3332 significatur,
897 3260 944 3315 sed
960 3260 1146 3334 apographum
1162 3276 1195 3316 eo
1208 3258 1264 3329 jann
1274 3257 1407 3315 deiuncto
1421 3259 1474 3316 de·

201 3346 331 3417 scriptum
348 3344 431 3399 tuisse
446 3345 587 3399 indicatur.
623 3344 724 3417 Nempe
739 3345 796 3416 ipse
812 3346 988 3418 antiquarius,
1011 3346 1056 3418 qui
1072 3346 1099 3400 in
1114 3345 1193 3400 allata
1208 3344 1384 3419 inscriptione
1398 3346 1474 3402 Ans·

201 3429 311 3482 stasiurn
327 3430 516 3501 imperatorem
534 3430 735 3500 Eutychianae
750 3430 882 3484 haeresis
896 3430 1079 3503 descensorem
1095 3438 1179 3495 vocat,
1203 3439 1308 3504 tempus
1324 3428 1473 3504 designare

202 3512 303 3573 voleus,
319 3528 374 3585 quo
390 3512 539 3585 Symmachi
556 3530 624 3587 opus
640 3511 815 3576 exscribebat,
831 3513 907 3570 illurn
923 3516 1026 3572 beatae
1040 3519 1194 3572 memoriae
1209 3516 1382 3590 nuncupavit.
1413 3513 1472 3571 Sed

201 3614 232 3652 er
249 3597 299 3651 hac
313 3596 442 3669 loquendi
463 3599 566 3653 ratione
587 3597 613 3653 id
634 3597 789 3659 conficitur.
812 3600 936 3663 crimina,
963 3600 1060 3674 quibus
1077 3601 1148 3658 huuc
1163 3617 1257 3676 papam
1273 3600 1401 3657 infamare
1415 3602 1472 3657 nisi

149 3698 153 3707 “
201 3691 265 3738 suut
281 3680 339 3752 ejus
355 3681 507 3745 adversarii,
524 3699 691 3757 nequaquam
709 3683 855 3748 obstitisse,
879 3687 1023 3758 quominus
1039 3687 1142 3743 beatae
1157 3689 1310 3743 memoriae
1325 3684 1405 3741 titulo
1421 3685 1473 3743 de-

201 3776 348 3837 coraretur,
367 3761 451 3844 [sicut
466 3769 493 3823 in
507 3769 826 3841 antiquissimoh'uticano
839 3768 956 3845 lleginae
968 3772 1050 3832 1997
1066 3773 1094 3827 in
1110 3773 1287 3845 inscriptione
1303 3768 1472 3845 epistoleess

201 3852 324 3908 eumdem
347 3861 479 3909 sanctam
502 3855 589 3909 vocari
611 3848 749 3930 vidimus}
781 3854 870 3928 lpsurn
886 3873 996 3930 quoque
1012 3857 1125 3914 beatum
1141 3866 1168 3913 et
1183 3855 1343 3931 hgobardus
1364 3856 1392 3912 in
1413 3863 1473 3913 tre·

201 3946 274 3994 ctatu
294 3939 390 4001 citato.
413 3947 441 3994 et
461 3939 608 4013 Cyprianus
629 3939 790 3995 Toloneusis
815 3941 842 3996 in
864 3943 918 3996 rita
938 3959 961 3997 s.
978 3943 1093 3998 Caesarii
1108 3940 1297 3999 arelatensis!
1319 3958 1346 3998 n.
1359 3938 1399 3997 22
1413 3956 1472 4020 ‘ap-

201 4023 312 4096 pellaut.
1403 4020 1412 4027 ”

286 4109 314 4169 2.
343 4110 444 4172 burrus,
461 4127 515 4184 quo
530 4110 727 4184 apologeticam
745 4111 812 4167 lianc
826 4111 969 4185 epistolam
984 4112 1155 4186 conscripsit,
1177 4121 1268 4169 certus
1283 4127 1339 4168 non
1353 4120 1406 4168 est.
1438 4110 1471 4171 Its

200 4210 233 4249 eo
250 4202 352 4249 tantum
369 4194 496 4251 bardinus
512 4194 626 4269 ejusque
640 4213 738 4252 censor
750 4195 848 4270 lugius
863 4199 1046 4262 consentiunt,
1062 4197 1135 4273 quod
1152 4197 1224 4254 illam
1234 4196 1340 4272 syuodo
1352 4195 1470 4255 ramat

200 4277 270 4334 dicta
285 4280 463 4352 posteriorem
480 4297 540 4336 esse
555 4298 611 4337 uou
626 4280 758 4338 dubitent.
789 4281 841 4338 Sed
857 4293 883 4338 et
896 4284 948 4340 boc
959 4283 1039 4342 valde
1051 4285 1155 4339 incerto
1167 4290 1327 4359 argumento
1337 4280 1468 4357 probant.

201 4364 247 4419 llis
263 4366 334 4420 euim
351 4365 410 4419 unis
427 4367 550 4422 nituntur
565 4364 660 4429 serbis,
677 4367 774 4441 quibus
786 4368 960 4441 Symmachus
972 4370 1026 4426 n.7
1043 4371 1184 4426 Anastasio
1199 4370 1287 4443 ipsum
1302 4384 1357 4425 non
1369 4366 1471 4427 ordine

200 4459 387 4506 consecratum
403 4467 463 4505 esse
479 4450 615 4521 objicienti
631 4453 793 4526 respondet:
815 4454 899 4510 Inter
917 4458 1023 4513 imbres
1036 4456 1166 4527 lapidum
1182 4461 1260 4511 totns
1274 4457 1367 4513 evasi:
1381 4456 1469 4526 judi·

200 4540 276 4593 rutil
292 4537 380 4594 Dens.
418 4535 471 4591 Pro
487 4546 562 4593 certo
579 4538 702 4593 nimirum
718 4547 832 4612 ponunt,
856 4539 921 4595 illud
937 4541 972 4597 ibi
994 4540 1097 4597 iacintus
1113 4541 1265 4602 memorari,
1287 4537 1361 4614 quod
1381 4556 1470 4615 supra

200 4621 314 4696 epistola
330 4622 349 4679 5
366 4622 422 4679 nb
439 4631 570 4686 narratur,
586 4640 636 4678 seu
652 4623 770 4679 refricari
786 4626 838 4680 rim
854 4626 1013 4699 Symmacho
1030 4626 1138 4688 illatam.
1160 4625 1224 4680 ‹lurn
1239 4624 1272 4680 ad
1286 4623 1424 4698 synodum
1439 4626 1469 4683 in

200 4706 306 4763 basilica
321 4707 470 4764 Sessoriaui
490 4707 580 4782 palatii
600 4718 793 4784 congregatam
815 4711 979 4784 procedens,
1007 4720 1119 4786 repente
1140 4709 1171 4766 ab
1192 4708 1356 4766 irruentibus
1377 4709 1470 4768 turbis

200 4802 241 4848 est
257 4794 404 4867 impetitus.
437 4797 470 4849 ht
485 4810 567 4867 quum
584 4796 798 4868 responsionem,
822 4814 890 4869 quae
911 4799 942 4854 ad
963 4798 1175 4855 consecrationis
1191 4795 1341 4870 Symmachi
1356 4803 1470 4871 tempus

199 4879 325 4944 attineat.
356 4894 400 4937 res
421 4878 525 4951 objecta
546 4880 680 4955 postulet.
712 4900 741 4938 uc
762 4880 870 4937 bientrio
892 4893 953 4957 post
976 4884 1205 4940 consecrationem
1227 4881 1300 4938 illius
1315 4881 1470 4959 contigerit
