3412 5664
310 304 374 365 264
767 316 794 358 s.
814 312 947 359 remens
973 312 997 357 n
1020 310 1133 357 mern

207 496 292 545 esest
311 470 509 553 submittere,
533 469 585 553 qui
610 491 682 532 enni
704 489 770 543 non
792 466 970 530 timuerunt
993 464 1165 553 abnegare.
1216 464 1347 548 Quodsi,
1373 468 1495 549 utpote
1517 486 1598 529 mor-

203 562 298 614 tim·
312 574 405 655 tales,
434 573 521 636 intra
548 574 651 635 metas
680 568 869 652 praescripti
897 567 1050 650 temporis
1077 566 1219 650 ccreperit
1245 567 1332 631 vitae
1358 566 1438 631 finis
1466 588 1597 653 urgere,

312 674 564 741 subveniendum
587 675 636 735 est
658 670 855 754 imploranti,
886 673 918 733 et
945 691 1001 733 seu
1024 669 1248 753 abepiscopo,
1275 668 1329 754 qui
1352 668 1598 754 poenitentiam

312 779 446 859 dederit,
470 784 525 839 s'eu
548 776 588 838 ab
611 774 684 855 sliu,
711 773 765 856 qui
787 776 897 837 tamen
920 772 1029 835 dutmn
1051 760 1334 855 esse'probaverit,
1359 774 1419 835 aut
1442 770 1600 837 similiter

313 905 332 944 a
353 879 539 966 presbytero
562 877 713 940 viaticum
736 874 866 939 abeunti
889 874 928 937 de
950 873 1077 937 saeculo
1098 895 1165 938 non
1187 876 1334 959 negetur.

866 1044 948 1109 Car.
972 1043 1029 1108 IV.

399 1171 428 1233 7.
467 1168 578 1233 l'ueris
602 1172 720 1247 autem,
750 1165 874 1249 quibus,
904 1163 987 1248 quod
1010 1163 1113 1227 adhuc
1136 1163 1324 1251 investes³⁰)
1347 1168 1440 1248 sunt,
1466 1184 1488 1227 a
1512 1164 1600 1249 puri·

259 1286 263 1293 '
311 1278 379 1338 tate
403 1270 592 1336 vocabulum
615 1271 674 1351 est,
699 1289 753 1332 seu
771 1266 894 1331 clericis
909 1288 964 1331 seu
980 1266 1082 1349 laicis,
1100 1270 1157 1330 aut
1175 1265 1273 1330 etiam
1286 1266 1451 1331 similibus
1468 1248 1610 1351 puellis,

314 1374 428 1459 quibus
459 1372 645 1457 ignorantia
671 1371 867 1454 suffragatur
894 1369 1021 1451 aetatis,
1050 1367 1246 1454 aliquamdiu
1268 1368 1327 1433 sub
1348 1390 1473 1433 manus
1496 1368 1601 1453 impo-

312 1477 428 1541 sitione
459 1475 597 1538 detentis
626 1472 788 1536 reddenda
819 1471 998 1536 communio
1027 1476 1085 1535 est.
1137 1470 1206 1534 Nec
1233 1492 1342 1535 eorum
1371 1470 1602 1555 exspectanda

313 1577 524 1664 poenitentis,
553 1598 632 1659 epiros
662 1574 781 1657 excipit
809 1596 827 1636 a
857 1573 1048 1637 coercitione
1072 1561 1217 1637 censura.
1262 1572 1353 1648 Quod
1382 1578 1483 1639 esta
1507 1572 1604 1639 nobis

313 1680 444 1766 procide
468 1678 688 1758 constitutmn,
712 1697 753 1739 ne
769 1675 813 1757 hi,
837 1675 952 1760 quibus
975 1675 1009 1738 in
1029 1676 1152 1740 terreni
1175 1676 1248 1740 labe
1271 1676 1416 1761 contagii
1442 1674 1523 1759 plns
1545 1675 1605 1741 mi·

314 1804 414 1847 nusve
445 1783 545 1845 restat
573 1779 612 1842 ud
636 1779 746 1861 vitam,
776 1778 851 1840 dum
874 1776 976 1840 adhuc
999 1776 1033 1841 in
1056 1777 1257 1861 poenitentia
1278 1781 1366 1862 sunt,
1394 1776 1606 1863 poenitende

315 1885 398 1948 forte
422 1882 634 1946 committant.
678 1879 797 1955 Quodsi
820 1883 896 1943 ante
918 1879 1123 1963 praefinitum
1145 1880 1366 1964 poenitentiae
1387 1884 1530 1967 tempus
1552 1880 1607 1947 de·

316 1986 493 2070 spect-usn)
517 2008 536 2046 a
558 1982 689 2047 medicis
712 1986 767 2045 ent
790 1982 990 2046 evidentibus
1012 1982 1124 2045 mortis
1146 2004 1273 2065 pressus
1295 1982 1442 2067 indiciis,
1468 1988 1607 2069 recepte

316 2088 483 2173 (piusquam
506 2084 738 2149 communionis
760 2084 868 2169 gratia
891 2083 1095 2166 convalescit,
1119 2105 1280 2149 servemus
1302 2060 1412 2168 ideo,
1438 2084 1535 2171 quod
1549 2084 1608 2151 Ni·

317 2190 408 2254 caeni
437 2209 576 2253 canones
597 2187 842 2251 ordinaverunt:
857 2191 905 2257 ,ut
929 2186 1085 2250 habeatur
1107 2187 1192 2251 inter
1214 2208 1277 2267 eos,
1306 2186 1362 2270 qui
1389 2187 1429 2251 in
1454 2188 1608 2253 oratione

316 2292 386 2356 sols
410 2289 658 2371 communicant,
683 2289 783 2351 donec
806 2288 978 2372 impleatur
1000 2289 1139 2372 spatium
1162 2289 1315 2372 temporis
1336 2287 1451 2353 eidem
1468 2290 1609 2375 praesti·

317 2395 430 2458 tntum.
476 2390 545 2457 Nec
574 2391 819 2455 catechumenos
849 2394 983 2467 nostros,
1013 2390 1067 2473 qui
1095 2390 1154 2453 sub
1183 2390 1240 2454 tali
1263 2389 1478 2475 professione
1502 2392 1610 2479 bapti·

317 2495 381 2560 zati
409 2499 495 2577 sunt,
525 2494 750 2578 praeterimus,
783 2492 858 2576 quia
886 2514 951 2555 non
980 2496 1028 2555 est
1056 2515 1152 2557 caiuss
1180 2492 1354 2575 dissimilis,
1386 2492 1481 2559 sieut
1510 2494 1611 2561 iideu

317 2598 421 2662 saneti
438 2618 577 2660 canones
592 2596 830 2677 ordinaverunt,
855 2595 933 2679 ejus,
950 2594 1003 2677 qui
1026 2595 1169 2678 quolibet
1190 2594 1282 2658 niodo
1296 2592 1490 2681 Christum,
1514 2618 1612 2684 quem

317 2700 415 2764 semel
444 2698 607 2763 confessus
630 2700 689 2779 est,
719 2696 891 2780 abjurarit:
919 2696 1021 2759 tribus
1044 2696 1138 2760 annis
1160 2696 1246 2760 inter
1267 2695 1445 2763 audientes
1471 2699 1557 2783 sint,
1579 2704 1613 2765 et

318 2806 429 2887 postea
452 2823 523 2864 cunn
552 2798 788 2864 catechumenis
811 2798 1040 2882 permittantur
1048 2797 1088 2881 ³²)
1112 2820 1213 2881 orare,
1245 2820 1302 2882 per
1323 2820 1451 2865 uranus
1477 2800 1613 2887 imposi-

317 2905 438 2969 tionem
462 2901 693 2967 communionis
717 2901 892 2982 catholicae
915 2900 1056 2983 gratiam
1078 2901 1247 2985 recepturi.

403 3007 432 3072 8.
478 3004 632 3089 Exceptis
660 3026 737 3067 sane
765 3001 986 3067 tantummodo
1015 3002 1184 3087 episcopis,
1213 3002 1430 3088 presbyteris,
1464 3004 1615 3073 diacom-

318 3111 387 3193 bus,
417 3108 544 3193 quosl³l
571 3108 638 3171 solo
662 3106 773 3170 mortis
795 3127 871 3169 suae
894 3108 1037 3188 tempore
1059 3104 1312 3169 reconciliandos
1334 3126 1410 3171 esse
1430 3107 1512 3192 jam
1534 3108 1615 3175 dixi-

317 3280 422 3333 lsribns
441 3277 489 3331 ll'
508 3283 588 3331 else
600 3278 629 3329 et
643 3283 699 3338 135,
718 3292 790 3343 quse
808 3294 842 3329 cx
860 3275 959 3329 Felicis
977 3274 1069 3330 verbis
1087 3275 1207 3329 conflata
1223 3274 1295 3339 sant,
1312 3273 1428 3343 legitur
1445 3286 1570 3349 popum,
1586 3278 1615 3335 in

320 3379 394 3417 conc.
413 3362 471 3415 Nic.
493 3384 514 3415 c.
533 3368 558 3414 ΙΙ
585 3365 681 3415 dicotur
702 3367 776 3413 renuis
796 3366 852 3414 sine
870 3364 996 3415 oblatione
1020 3360 1113 3426 (corb.
1131 3371 1238 3429 praeter
1260 3362 1430 3429 oblationem)
1460 3370 1568 3435 populo
1589 3372 1615 3419 tn

320 3454 436 3501 oratioue
455 3454 623 3500 communicet.
973 3432 978 3440 ¹

388 3534 421 3597 ³⁰)
438 3531 500 3585 Mss.
521 3531 642 3583 tl11¹⁰e²
665 3533 849 3591 iucderbes‚,c¹
867 3535 1022 3599 impuberes,
1050 3548 1082 3584 uc
1101 3529 1201 3583 deinde
1218 3529 1282 3583 000
1299 3550 1317 3583 o
1333 3534 1496 3599 pubertate.
1534 3532 1615 3601 Qun

320 3615 402 3670 lectio
420 3618 528 3684 pugnat-
546 3634 606 3669 cum
625 3615 815 3670 antecedente.
845 3616 950 3669 Nostra
968 3618 1009 3669 est
1027 3616 1153 3669 veterum
1171 3614 1364 3684 exemplorum
1382 3614 1467 3673 ΗΙΤ
1487 3620 1520 3673 et
1531 3618 1614 3693 Capi·

320 3700 451 3754 talariam
475 3701 491 3753 l.
509 3719 530 3753 e.
576 3701 616 3753 ilc
639 3700 750 3768 quidem
779 3708 961 3755 voxu'uaestes
989 3702 1113 3754 rietatem
1136 3703 1286 3768 iiupuberaru
1309 3702 1410 3757 aetate
1440 3700 1613 3761 interiorem

321 3789 414 3843 sonat.
438 3784 563 3854 quamvis
584 3785 667 3853 vulgo
686 3788 804 3853 utraque
827 3786 859 3838 ut
877 3801 1030 3854 synonyma
1052 3783 1213 3854 accipiatur.
1250 3784 1384 3839 Irenaeus
1402 3802 1529 3857 quoque
1547 3788 1612 3845 ede.

320 3871 396 3925 haer.
416 3870 450 3933 ll,
460 3877 492 3923 ‘22'
510 3878 565 3925 n3
583 3888 683 3939 pueros
701 3877 809 3925 investes
827 3871 972 3923 memorat.
1002 3870 1059 3923 Nec
1077 3869 1222 3938 negotium
1238 3870 1332 3923 faeere
1351 3868 1497 3941 cuiquam
1516 3874 1613 3937 debet.

321 3955 395 4025 quod
414 3955 448 4009 de
465 3962 554 4023 pueris
572 3960 707 4009 inuenitur
724 3956 840 4024 loquens
859 3954 936 4008 Felix
954 3954 1092 4023 adjunget
1108 3974 1152 4008 eeu
1170 3960 1270 4007 eteritis
1285 3974 1332 4007 reu
1350 3961 1440 4019 triete,
1469 3958 1543 4029 quin
1560 3976 1613 4013 neu

321 4044 387 4095 tune
405 4042 547 4109 receptum
566 4043 639 4103 erut,
663 4042 693 4093 ut
710 4039 869 4109 hujusmodi
886 4039 965 4108 pueri
988 4039 1016 4093 in
1038 4038 1175 4093 lectorum
1197 4054 1345 4092 numerum
1363 4030 1616 4099 adsciscerentur.

321 4126 457 4191 Quocirca
475 4124 588 4179 Siricius
607 4124 685 4194 epist.
693 4122 714 4178 '1
734 4144 760 4178 n.
777 4132 807 4178 13
826 4123 962 4178 decernit:
987 4128 1133 4195 Qaterrnque
1149 4144 1178 4179 ee
1197 4126 1330 4179 Ecclesiae
1349 4130 1423 4179 weit
1441 4130 1580 4199 obsequiis
1595 4150 1613 4183 e

319 4234 366 4267 sira
385 4221 410 4265 in
425 4218 503 4267 aretia.
522 4222 580 4264 ante
598 4214 740 4279 pubertatis
757 4230 839 4264 annos
856 4213 985 4278 baptizari
1002 4220 1027 4263 et
1045 4216 1165 4264 tectorum
1183 4212 1257 4263 debet
1269 4228 1374 4264 numero
1384 4218 1501 4267 murt.
1530 4212 1611 4269 Cous.

321 4297 406 4351 etiarn
426 4299 483 4349 not.
503 4294 595 4349 Cocrst.
616 4296 644 4349 in
661 4296 680 4349 h
701 4297 718 4349 l.

390 4386 421 4433 ³¹·
440 4381 501 4434 llss.
521 4398 624 4450 inriguo
643 4398 784 4437 corrsensu.
801 4382 835 4435 ut
853 4384 881 4435 et
897 4381 926 4435 in
939 4378 1091 4450 Cupitular.
1104 4379 1121 4433 l.
1137 4396 1169 4446 c,
1188 4384 1316 4447 dispectus
1333 4378 1379 4432 rel
1397 4384 1559 4451 despectus,
1576 4400 1611 4439 ex

321 4465 552 4536 interpretutione
575 4465 653 4519 serbi
677 4460 922 4535 cirroprwattrtc
946 4466 984 4535 (in
1007 4464 1066 4518 Nic.
1086 4481 1108 4518 o.
1125 4468 1175 4531 13).
1221 4463 1245 4516 T
1267 4469 1426 4532 desperatus
1454 4488 1474 4519 a
1501 4474 1611 4523 mediate

321 4557 352 4605 ob
370 4558 496 4606 euidentia
514 4557 600 4605 retortis
619 4556 721 4603 uerticis.

390 4624 421 4673 ³²}
440 4620 484 4673 ltu-
507 4637 569 4672 nrss.
593 4618 683 4683 th'
698 4618 729 4681 i²;
753 4619 801 4673 alii
818 4619 887 4674 editi
911 4618 1010 4673 omisso
1031 4624 1214 4687 perstittentur
1236 4637 1314 4673 orare
1337 4616 1444 4673 deinde
1468 4634 1538 4675 cum
1560 4620 1611 4675 11¹⁸

323 4711 479 4773 percepturi.

391 4792 422 4856 ³³)
440 4789 569 4857 Plerique
582 4808 644 4842 mss.
659 4789 755 4855 (ctiam
767 4789 803 4842 ll·
814 4790 860 4847 Hs,
880 4795 968 4860 quites
1030 4793 1211 4843 conciliandum
1224 4789 1249 4855 (1
1258 4787 1297 4842 Ηι
1305 4786 1343 4841 H⁸
1356 4794 1609 4859 recoeetttasrtanjs

323 4888 378 4925 non
397 4872 556 4943 displiceret
575 4880 807 4928 corauuruicendum.
