3450 5678
718 315 890 366 nmsrons
914 306 984 364 129.
1425 303 1488 369 943

216 469 478 556 religiosissimae
498 470 685 553 memoriae,
709 473 834 534 vestrae
852 469 978 535 culmen
993 469 1162 554 ecclesiae,
1191 471 1299 555 palam
1314 475 1486 557 aperteque
1498 491 1591 541 1111.

217 572 398 656 1111111111,
421 595 519 659 quum
540 573 628 659 ob¹⁶)
651 572 712 636 hoc
733 572 818 637 idem
840 571 994 637 scriberet
1010 573 1178 657 negotium
1192 573 1349 639 decessori
1362 576 1485 658 nostro,

214 675 296 740 satis
317 696 387 740 esse
408 697 520 760 pacem
543 675 785 758 affectmtibus,
814 674 842 738 si
867 695 986 739 nomen
1013 677 1142 739 tantum
1168 674 1342 740 reticeatur
1363 676 1485 741 Aeacii

213 775 306 862 Ergo
327 777 436 861 priora
456 779 582 843 vestrae
605 776 688 841 sedis
711 776 888 841 constituta
909 777 1062 861 sequitur,
1086 777 1140 862 qui
1161 798 1229 842 non
1244 799 1354 843 omnes
1368 800 1487 844 memo-

213 879 280 944 rias
301 881 498 945 mortuorum
516 879 643 964 judicat
664 878 925 962 contemnendas,
948 882 985 943 ut
1012 877 1183 965 indignum
1204 878 1362 946 habeatur
1383 883 1418 945 et
1438 881 1486 946 in-

215 1001 394 1066 congruum
401 982 451 1068 ¹⁷),
475 981 502 1045 si
517 1001 584 1045 non
605 981 762 1065 placidior
776 980 923 1046 omnibus
943 1002 1009 1045 non
1024 980 1127 1046 solum
1141 980 1303 1045 defumctis
1318 980 1374 1046 sed
1389 982 1487 1046 etiam
1544 1038 1551 1051 .

215 1083 441 1168 superstitibus
456 1086 563 1149 vestra
577 1081 761 1168 divulgetur
775 1082 913 1147 inomni
930 1082 995 1147 fine
1017 1086 1174 1147 terrarum
1194 1082 1322 1147 lenitas.
1360 1083 1406 1147 Et
1426 1082 1487 1148 hoc

215 1185 344 1271 quidem
365 1207 432 1251 non
454 1185 704 1250 dubitaverimus
726 1185 773 1250 ita
795 1185 973 1270 gratiosum
993 1184 1083 1249 vobis
1105 1184 1265 1269 futurum,
1293 1188 1331 1249 ut
1351 1185 1487 1270 pacifico

213 1288 328 1352 statim
347 1308 501 1372 responso
521 1287 636 1352 laetior
655 1287 792 1351 mundus
813 1286 974 1351 reddatur.

300 1391 332 1455 4.
370 1389 525 1454 Retineat
552 1391 659 1454 autem
685 1391 791 1453 vestra
816 1389 988 1472 sanctitas,
1023 1389 1106 1475 quod
1134 1386 1253 1453 dudum
1286 1389 1482 1474 scripsimus,
1496 1378 1607 1474 aplos.

215 1514 256 1556 er
282 1491 415 1557 Oriente
450 1489 700 1575 supplicationes
731 1491 824 1556 nobis
852 1513 921 1556 esse
953 1492 1146 1574 destinatas,
1177 1491 1376 1556 voluntatem
1403 1492 1486 1576 ipso

214 1616 286 1658 rum
314 1594 518 1659 continentes
543 1596 577 1656 et
603 1592 785 1676 arbitrium,
814 1594 850 1658 in
878 1615 939 1679 quo
966 1615 1035 1658 sese
1045 1592 1084 1679 ¹⁸)
1114 1593 1281 1658 duraturos
1312 1592 1487 1658 ostendunt

214 1696 362 1780 firmiter,
386 1700 419 1761 et
439 1717 502 1780 quo
523 1693 614 1759 nulla
635 1695 759 1759 ratione
781 1695 998 1760 desistendum
1019 1695 1214 1760 existimant.
1259 1694 1355 1760 Hanc
1377 1695 1486 1780 itaque

215 1797 396 1864 chartulam
418 1796 592 1862 secundum
613 1799 725 1861 nostra
746 1797 949 1884 promissat)
978 1819 1036 1881 per
1056 1796 1240 1862 Johannem
1268 1798 1372 1861 virum
1399 1819 1485 1862 reve-

210 1984 319 2054 judicio
337 1985 500 2050 abhorreat3
523 1983 660 2052 siquidem
677 1982 746 2037 nihil
767 1982 850 2053 petit,
873 1982 925 2038 nisi
948 1982 1024 2052 quod
1040 1984 1077 2039 ab
1095 1983 1243 2038 Anastasio
1262 1984 1323 2053 jam
1342 1984 1484 2039 definitum

214 2071 300 2138 atque
319 2069 499 2125 constitutum
517 2068 679 2125 arbitratur.

283 2155 315 2219 ¹⁸)
333 2152 384 2208 Ed.
404 2154 493 2209 omitt.
514 2159 559 2215 ot,·
575 2152 661 2208 iidem
677 2159 882 2222 praedecessori.
918 2154 1158 2219 Quemadmodum
1169 2154 1342 2208 iustinianus
1359 2153 1389 2206 in
1402 2153 1482 2222 epist.

215 2245 277 2305 120,
299 2239 341 2293 ita
358 2239 443 2294 etiam
464 2239 493 2292 in
514 2239 568 2293 hac
583 2237 708 2293 Justinus
729 2239 791 2293 loco
808 2239 887 2293 verbi
904 2246 1065 2308 specialiter,
1089 2255 1144 2306 quo
1161 2238 1325 2293 damianus
1347 2255 1412 2291 usus
1431 2241 1483 2304 111,

213 2322 365 2378 substituto
383 2335 491 2394 tantum,
513 2324 587 2377 hunc
603 2340 708 2393 papam
725 2323 814 2390 aliud,
837 2341 920 2392 quam
939 2324 1014 2392 quod
1030 2341 1129 2379 revera
1145 2324 1245 2392 voluit,
1269 2325 1297 2377 et
1316 2322 1434 2378 voluisse
1456 2325 1484 2377 et

215 2408 390 2464 concubuisse
407 2408 461 2463 sibi
477 2411 681 2479 persuasenmt.

283 2496 315 2563 ¹⁷)
332 2493 370 2548 Η8
387 2500 546 2564 incopnitum.

283 2581 314 2649 ¹⁸)
331 2578 369 2632 Η8
385 2598 414 2634 se
431 2584 538 2634 sedatur
605 2585 772 2634 resistendum
790 2585 930 2636 aestimant.

283 2665 315 2733 ¹⁹)
332 2663 376 2717 Ab
393 2663 473 2719 initio
491 2663 557 2718 anni
573 2663 656 2733 hujus
672 2662 796 2718 Justinus
814 2664 894 2734 epist.
916 2671 963 2718 108
981 2664 1142 2733 scripserat:
1166 2669 1224 2719 Non
1235 2670 1310 2719 multo
1323 2671 1408 2735 itaque
1424 2675 1485 2734 post

214 2769 231 2803 a
248 2752 320 2802 notis
338 2754 439 2819 1111111111
456 2752 624 2803 destinabitur
641 2755 677 2803 ad
693 2754 858 2803 insinuandas
875 2753 947 2803 vobis
964 2756 1178 2818 supplicationes,
1198 2769 1262 2819 quae
1275 2754 1346 2804 nobis
1359 2749 1407 2817 (ab
1419 2749 1485 2804 Eois

213 2832 352 2905 partibus)
370 2838 472 2888 oblatae
488 2845 554 2888 sunt.
585 2834 706 2888 Rursum
723 2850 817 2889 mense
835 2835 852 2888 J
854 2833 909 2889 ulio
928 2834 1007 2905 epist.
1023 2839 1072 2887 116
1089 2833 1217 2889 eamdem
1234 2835 1404 2904 legationem
1421 2853 1484 2905 pro-

213 2917 303 2972 mittit
319 2917 363 2973 his
382 2918 484 2974 verbis:
504 2923 547 2973 sa
564 2924 674 2989 1111111111,
692 2940 738 2974 nec
755 2940 805 2975 non
817 2926 940 2990 quaedam
952 2924 1207 2974 commemorabuntur
1219 2926 1334 2987 apertius
1349 2940 1400 2989 per
1416 2925 1484 2989 lepa-

214 3015 264 3058 tum
282 3015 405 3065 nostrum,
424 3011 468 3074 pai
481 3011 560 3073 paulo
576 3016 636 3073 post
653 3008 828 3059 destinabitur.
858 3004 930 3058 Tum
943 3005 1037 3059 autem
1053 3004 1179 3074 legatum
1196 3003 1362 3058 nominatim
1379 3002 1485 3059 indicat

215 3087 295 3159 epist.
316 3094 364 3143 126
386 3105 486 3159 nempe
503 3088 659 3144 Johannem
677 3088 842 3156 antistitem,
865 3105 948 3158 quem
971 3105 1034 3144 ase
1055 3089 1181 3159 proxime
1204 3091 1269 3160 post
1290 3089 1399 3159 legatos
1418 3088 1484 3144 Ger·

213 3189 342 3242 manum,
364 3172 515 3241 Blandum,
538 3173 659 3230 Felicem
681 3181 709 3229 et
731 3173 905 3242 Dioscorum,
928 3174 1028 3241 quibus
1051 3191 1115 3229 mox
1138 3175 1241 3233 dictam
1264 3173 1411 3244 epistolam
1435 3179 1484 3227 126

214 3257 383 3325 tradiderat,
401 3257 569 3313 mittendum
581 3259 735 3313 decrevisse
747 3259 884 3321 declarat,
903 3259 952 3313 sed
969 3258 1054 3329 longa
1065 3259 1240 3328 aegritudine
1253 3258 1379 3314 detineri.
1406 3256 1483 3311 Idem

214 3342 298 3397 simul
315 3344 344 3398 et
359 3342 531 3399 iustinianus
549 3344 630 3414 epist.
650 3351 698 3398 127
720 3345 840 3399 testatur
861 3344 891 3397 in
913 3344 986 3398 1111111
1003 3344 1129 3398 modum:
1159 3350 1208 3398 Vir
1226 3364 1332 3414 meque
1349 3349 1483 3412 reiipiosus

213 3432 345 3484 iomanes
362 3435 509 3498 epsicopus,
532 3437 575 3499 qui
595 3441 715 3484 centanas
737 3441 776 3484 est
799 3433 913 3496 Roman,
937 3434 1065 3483 detinetur
1086 3435 1254 3498 aspritudine.
1294 3428 1375 3482 Nunc
1395 3427 1483 3497 igitur

214 3512 338 3568 Jnsnns
353 3519 418 3568 111111
435 3520 535 3568 mitens
552 3519 690 3569 Johannem
705 3521 832 3583 pronum
850 3520 972 3573 exsoluit:
989 3513 1038 3568 sed
1055 3513 1118 3569 ideo
1137 3514 1199 3584 quis
1216 3513 1264 3569 ille
1281 3513 1317 3567 sit
1333 3512 1482 3580 iohannes,

214 3598 287 3666 isne,
309 3598 357 3668 qui
378 3600 415 3654 ab
438 3598 587 3653 Hormisda
609 3615 670 3653 cum
692 3599 832 3654 Germano
855 3616 888 3654 ac
910 3598 992 3653 sociis
1017 3599 1047 3652 in
1069 3598 1212 3654 Orientem
1233 3599 1343 3668 legatus
1365 3615 1427 3653 cum
1449 3597 1483 3651 iis

214 3684 334 3738 Romam
352 3683 466 3738 rediisse
484 3683 597 3739 minime
614 3684 729 3754 legitur,
748 3703 785 3740 an
803 3686 886 3750 alins,
904 3701 976 3738 nunc
994 3684 1213 3754 expendendum.
1250 3683 1279 3737 Si
1298 3683 1358 3753 ipse
1376 3684 1431 3751 est,
1453 3684 1483 3737 id

215 3768 291 3838 quod
308 3768 343 3823 de
360 3769 408 3823 illo
426 3768 561 3824 Batonius
579 3769 613 3824 ad
633 3787 736 3824 annum
754 3778 847 3825 1201.
868 3777 900 3824 ’12
917 3769 1025 3825 scribit:
1049 3777 1088 3825 De
1105 3777 1232 3839 susceptis
1246 3792 1297 3840 pro
1311 3777 1375 3840 fidei
1392 3776 1482 3839 desen·

213 3859 286 3909 111111
303 3858 446 3909 canentes
462 3859 600 3924 1111911111
616 3861 706 3910 meruit
723 3862 844 3911 coronari
860 3863 988 3922 nartprr'i,
1013 3873 1068 3911 non
1085 3855 1127 3910 ita
1142 3855 1357 3925 intelligendum
1374 3859 1428 3924 est,
1451 3859 1483 3911 ut

213 3937 302 3993 vitam
320 3938 345 3993 ei
362 3939 477 3995 vulnera
498 3939 547 3994 illa
568 3940 741 3995 abstulerint.
782 3941 819 3994 Et
839 3941 897 4010 ipse
921 3940 1034 4009 quidem
1055 3941 1197 3996 iohannes
1220 3958 1305 4010 quum
1328 3942 1408 4011 epist.
1434 3947 1482 3996 102

215 4040 250 4077 ex
266 4025 336 4079 urbe
354 4023 593 4080 Thessalonicensi
614 4026 738 4082 scribens
755 4025 839 4095 petit,
863 4032 895 4079 ut
916 4026 939 4080 si
956 4025 997 4080 eui
1014 4025 1101 4096 ipsius
1118 4025 1272 4081 adversarii
1289 4026 1482 4082 Constantino·

214 4108 302 4179 polim
318 4109 457 4176 venerint,
475 4110 583 4165 nonnisi
601 4128 630 4166 se
647 4111 794 4180 praesente
813 4110 974 4177 audiantur,
993 4128 1083 4165 suase
1095 4112 1211 4166 vulnera
1228 4111 1344 4167 lethalia
1361 4128 1416 4166 non
1433 4130 1482 4182 pu-

214 4196 289 4261 tare,
306 4195 392 4250 immo
414 4196 450 4249 ab
472 4195 506 4248 iis
530 4196 699 4250 convaluisse
721 4213 749 4250 se
767 4212 823 4250 non
841 4196 956 4251 obscure
975 4195 1121 4265 significet.
1161 4197 1249 4250 Immo
1268 4214 1331 4251 eum
1353 4196 1402 4251 ubi
1420 4214 1482 4251 con-

215 4279 315 4347 valuit,
339 4297 402 4334 cum
420 4279 518 4334 ceteris
535 4281 637 4350 legatis
654 4281 772 4335 Romam
790 4280 949 4348 revertisse,
965 4281 1102 4336 Batonius
1120 4281 1156 4336 ad
1175 4282 1303 4336 eumdem
1320 4299 1424 4336 annum
1443 4281 1482 4335 di-

214 4366 303 4432 serte,
324 4364 399 4418 haud
421 4365 552 4435 scioque
569 4366 750 4432 auctoritate,
768 4365 872 4421 scribit.
912 4366 1012 4422 Censet
1035 4367 1122 4436 igitur
1139 4366 1237 4421 doctus
1260 4367 1307 4422 ille
1325 4365 1482 4432 cardinalis,

215 4451 288 4503 hune
304 4448 491 4518 Johannnem,
510 4450 544 4505 de
557 4467 611 4519 qno
624 4450 745 4519 agimus,
763 4451 800 4506 ab
818 4451 981 4506 Hormisdae
998 4451 1093 4521 legato
1106 4451 1192 4506 alium
1206 4469 1274 4507 esse.
1303 4452 1345 4505 Be
1362 4450 1424 4521 ipsa
1435 4450 1481 4505 Ju-

214 4534 303 4588 stinus
321 4535 401 4606 epist.
422 4541 470 4589 116
489 4534 612 4605 capitula
628 4541 778 4590 missurum
795 4553 825 4590 se
843 4553 903 4591 esse
920 4537 1087 4607 promiserat
1101 4558 1152 4606 per
1163 4545 1271 4607 tepatun
1283 4546 1406 4598 nostrum,
1425 4553 1481 4591 non

214 4636 266 4690 per
283 4619 408 4690 legatum
425 4620 595 4674 Homrisdae.
636 4619 741 4675 Deinde
763 4620 787 4675 si
808 4638 859 4691 per
876 4621 998 4692 aliquem
1014 4621 1179 4677 Bormisdae
1200 4622 1326 4691 legatum
1344 4638 1378 4675 ea
1398 4621 1483 4676 desti-

215 4721 283 4760 nare
300 4705 444 4772 voluisset,
463 4725 510 4762 cur
527 4724 578 4777 per
596 4724 726 4776 aegrum,
745 4722 793 4760 cur
810 4722 865 4761 non
882 4725 934 4777 per
951 4723 1011 4776 eos,
1032 4710 1080 4778 qui
1098 4709 1159 4778 jam
1176 4707 1261 4777 paulo
1279 4707 1344 4761 1111
1363 4707 1482 4775 regressi

216 4792 320 4858 essent,
342 4791 461 4846 maxime
484 4808 568 4859 quum
589 4791 714 4858 timeret,
736 4807 771 4846 ne
795 4791 892 4845 dilatio
914 4792 962 4847 1111
984 4792 1115 4848 affectata
1133 4796 1217 4862 atque
1239 4793 1368 4861 suspecta
1389 4807 1481 4861 papae

216 4875 374 4931 videretur?
403 4876 500 4944 Neque
517 4895 583 4932 vero
602 4876 686 4933 alium
703 4877 749 4931 hic
767 4876 907 4945 designari
926 4877 1126 4946 existimamus,
1145 4877 1197 4932 nisi
1209 4883 1349 4932 Johannem
1364 4881 1481 4932 011111111-
