3450 5678
636 112 806 160 nersronn
831 106 858 161 1.
1320 108 1382 173 (345

199 263 423 329 Acclamatum
445 267 494 328 est
522 265 563 328 ab
591 264 737 330 omnibus
766 267 923 352 episcopis
952 274 984 335 et
1011 272 1223 356 presbyteris:
1256 280 1487 345 Exaudiant).

109 371 245 446 canate,
270 369 449 447 Symmacho
470 373 551 432 uita!
579 365 702 432 dictum
724 372 773 433 est
795 370 909 436 decies.
955 377 1048 454 Cusas
1068 381 1184 453 sedern,
1214 387 1244 440 ei
1266 390 1382 446 annos!

107 467 235 535 dictum
256 467 367 533 octies.
414 473 453 534 Ut
470 472 576 546 sarias
597 479 759 548 r'opamas!
781 471 903 537 dictum
925 476 974 538 est
996 474 1111 540 decies.

724 623 767 688 H.

195 725 226 790 3.
261 721 471 808 Symmachus
487 723 654 809 episcopus
669 725 822 791 ecelesiae
844 727 1020 793 catholicae
1037 729 1124 794 urbis
1140 729 1262 797 Rornae
1284 735 1382 802 dixit:

195 825 401 912 „Concilium
423 824 603 890 dilectionis
625 830 751 892 vestrae
773 830 924 914 neglecta
938 830 1052 895 hiemis
1069 833 1242 916 asperitate
1265 835 1381 901 sollici-

105 928 188 994 tudo
209 930 321 993 nostra
342 927 641 1014 pro,ecclesiastica
663 928 875 995 indemnitate
897 931 1080 1016 specialiter
1100 937 1320 1020 congregavit,
1344 942 1382 1003 ut

107 1030 325 1115 episcopalem
346 1029 503 1094 ambitum
525 1031 559 1094 et
580 1030 776 1096 confusionis
798 1031 958 1097 incertum
983 1034 1033 1098 vel
1055 1036 1242 1118 popularem
1264 1039 1380 1103 tumul-

105 1135 195 1217 tum,
217 1153 313 1218 quem
334 1154 392 1216 per
413 1131 653 1216 subreptionem
674 1133 841 1219 diapolim)
869 1135 1077 1219 usurpatione
1100 1137 1279 1221 aliquorum
1300 1141 1378 1205 tem·

107 1255 185 1319 pore
200 1234 413 1299 ordinationis
427 1255 518 1299 meae
534 1237 661 1299 constat
676 1238 831 1318 exortum,
853 1237 1088 1301 communicato
1102 1239 1223 1321 pariter
1237 1242 1379 1306 tractatu

107 1334 140 1402 in
168 1337 316 1402 futurum
341 1335 500 1420 possimus
526 1336 656 1401 robuste
690 1358 729 1401 ac
755 1336 910 1402 vivaciter
944 1342 1120 1422 amputare.
1172 1341 1279 1426 Atque
1308 1342 1379 1408 ideo

110 1458 279 1504 caveamus
299 1438 535 1524 inposterum,
568 1459 610 1502 ne
638 1437 801 1504 subversio
829 1439 1019 1525 disciplinae
1048 1444 1104 1505 aut
1131 1442 1265 1507 audacia
1286 1449 1378 1530 prae·
1464 1526 1466 1533 Α

106 1540 350 1627 sumentium²⁷)
372 1541 493 1626 gestiat
514 1543 640 1605 tentare
662 1539 796 1623 similia,
826 1545 859 1605 et
879 1541 950 1625 pari
972 1541 1167 1606 adunatione
1189 1546 1375 1629 tractemus,

105 1641 266 1729 expressis
288 1641 411 1707 scilicet
432 1642 602 1707 sententiis
624 1642 823 1725 sancienteS,
855 1641 931 1726 quid
960 1643 1045 1708 circa
1067 1643 1206 1709 Romani
1235 1647 1377 1734 episcopi

99 1744 343 1810 ordinationem
364 1744 480 1809 debeat
502 1744 691 1809 custodita.

190 1846 344 1913 Universi
376 1846 517 1931 episcopi
549 1846 600 1909 vel
632 1845 810 1930 presbyteri
844 1846 1010 1912 dixerunt:
1045 1855 1083 1914 Ut
1107 1857 1179 1927 fiat,
1214 1860 1376 1930 ropamus!

86 1945 227 2016 dictum
255 1950 305 2012 est
332 1947 447 2013 decies.
495 1954 533 2013 Ut
557 1955 709 2012 scandala
737 1960 947 2029 amputentur,
976 1959 1138 2029 ropamas!
1177 1950 1297 2016 dictum
1327 1957 1377 2018 est

76 2049 274 2136 noviesss).
322 2054 360 2115 Ut
381 2053 509 2114 ambitus
530 2058 745 2133 extirpantur,
778 2059 940 2129 ropamus!
972 2051 1093 2123 dictum
1121 2055 1171 2116 est
1197 2052 1373 2119 duodecies.

72 2155 237 2220 Examen
258 2156 390 2230 Christe,
424 2146 602 2233 Symmacho
629 2151 647 2216 a
702 2160 711 2196 ¹
746 2152 869 2216 dictum
900 2155 951 2216 est
978 2153 1090 2218 sexies.
1143 2159 1237 2235 Cujus
1263 2162 1372 2235 sedem,

65 2269 122 2322 et
148 2261 273 2320 annos!
305 2253 426 2320 dictum
453 2256 502 2317 est
529 2254 707 2339 quinquies.
761 2259 798 2319 Ut
826 2258 864 2318 de
887 2263 1045 2334 praesenti
1068 2263 1142 2332 fiat!
1178 2254 1376 2322 dictumest
1439 2279 1443 2286 ·

63 2353 222 2424 decies.

188 2456 399 2544 Symmachus
423 2457 589 2541 episcopus
611 2457 708 2521 dixit:
731 2456 913 2541 „Quoniam
935 2458 1122 2524 fraternitas
1138 2463 1245 2524 vestra
1265 2484 1374 2527 curam

57 2559 295 2644 provisionis
316 2561 446 2624 nostrae
476 2559 541 2622 suis
564 2558 840 2624 exhortationibus
867 2560 1030 2645 incitavit,
1066 2564 1099 2625 et
1125 2562 1260 2645 parilem
1288 2564 1373 2629 circa

56 2656 268 2730 Ecclesiae
290 2659 558 2745 tranquillitatem
573 2660 634 2725 Dei
650 2661 753 2725 nostri
770 2661 1040 2746 contemplatione
1057 2663 1200 2728 animum
1216 2669 1370 2750 praestat,

59 2767 187 2832 sicut
209 2762 349 2849 praefati
371 2784 490 2845 sumus,
514 2762 743 2827 deliberatione
765 2766 800 2829 in
815 2764 978 2848 praesenti
994 2764 1116 2848 habita,
1141 2766 1217 2850 quid
1232 2767 1370 2852 placeat,

60 2888 134 2934 ex
161 2865 314 2933 omnibus
336 2865 450 2930 vestris
471 2865 644 2929 informate
666 2865 846 2948 sententiis,
871 2856 1009 2950 quaein
1025 2866 1086 2930 hoc
1104 2868 1281 2932 venerabili
1298 2890 1371 2934 con-

63 2970 177 3037 eilio
199 2990 259 3054 per
281 2967 497 3033 ecclesiastica
519 2968 696 3032 recitentur
717 2967 860 3033 officiat

186 3071 220 3135 4.
265 3068 430 3155 Quumque
463 3070 676 3134 surrexissent
707 3072 740 3133 et
771 3069 866 3154 paulo
896 3071 969 3152 post
995 3070 1112 3135 iterum
1140 3072 1369 3158 consedissent,

64 3172 306 3242 Aemilianus
326 3171 472 3236 notarius
494 3172 607 3256 synodi
629 3172 758 3236 decreta
778 3171 932 3257 vulgavit.
942 3171 982 3257 ²⁹)

707 3325 765 3389 III.

187 3428 349 3513 „Propter
369 3426 554 3512 frequentes
576 3428 714 3492 ambitus
737 3428 993 3516 quorumdam³⁰)
1017 3433 1049 3493 et
1063 3429 1227 3495 Ecclesiae
1243 3432 1369 3497 nudita-

168 3654 203 3720 ”)
221 3649 316 3705 Verba
339 3651 435 3703 metati
451 3654 670 3704 -ordinationis
691 3669 761 3707 meae
778 3650 808 3704 in
825 3648 905 3704 editis
923 3651 953 3704 et
969 3667 1034 3704 mss.
1054 3650 1088 3704 Ει
1099 3650 1125 3704 Η
1138 3650 1160 3706 0
1173 3650 1201 3704 h'
1215 3651 1245 3705 h²
1267 3652 1369 3707 omissa

74 3737 264 3810 supplemus
281 3733 448 3790 auctoritate
465 3733 498 3787 B¹
512 3732 560 3787 K¹²
573 3751 615 3789 cc.

168 3825 203 3891 η)
221 3821 260 3874 11⁸
275 3826 488 3890 praesumendam
504 3829 591 3888 perta,
609 3819 643 3872 Ε*
659 3830 732 3888 perta
750 3826 923 3890 adtemptare,-
952 3835 1071 3890 moxque
1088 3821 1123 3874 13²
1134 3821 1162 3874 h¹
1176 3821 1206 3875 h'
1224 3828 1368 3890 donatione,

80 3911 122 3964 0¹
143 3912 321 3976 adfirmatione,
339 3905 387 3959 ΚΗ
405 3910 604 3966 adnnentiatione,
624 3904 710 3959 ceteri
727 3910 890 3959 adunatione.

169 3995 203 4061 ²⁸)
221 3991 258 4044 Η8
275 3994 360 4047 VIII.
395 3989 461 4045 Mox
479 3989 592 4056 quidam
610 4007 674 4044 mss.
694 3994 722 4045 X
725 3994 756 4050 V.
775 3992 804 4044 et
820 3990 850 4044 h¹
864 3990 894 4044 h²
912 3996 944 4045 de
960 3996 1118 4058 praesentia.

168 4078 204 4146 ²⁸)
220 4074 270 4130 ΗΒ
282 4078 308 4130 c⁷
321 4078 346 4130 0⁹
359 4077 396 4130 0¹⁰
412 4075 458 4129 hic
475 4073 612 4129 inserunt:
631 4078 763 4129 Sententia
780 4081 878 4144 synodi.
911 4079 945 4129 lli
962 4081 986 4128 ei
1003 4080 1058 4145 qnia
1070 4081 1146 4144 Papa
1163 4083 1301 4146 superstite
1316 4097 1367 4146 pro

85 4170 215 4220 Bouiano
232 4166 383 4230 pontificata
399 4166 487 4230 cuique
507 4163 616 4230 quolibet
627 4166 700 4216 modo
710 4164 825 4228 sanorem
835 4171 972 4228 praestare
984 4166 1146 4223 conuincitur,
1165 4167 1265 4217 taciani
1277 4167 1366 4216 ordine

88 4251 151 4317 (uei
167 4248 348 4314 conmunione)
370 4251 493 4314 privetur.
533 4245 610 4300 Idem
633 4243 755 4299 miniatis
776 4244 876 4299 litteris
892 4245 937 4298 ΚΗ
951 4249 977 4299 Γ
992 4244 1044 4300 hoc
1061 4245 1135 4313 loco,
1158 4246 1192 4299 Ει
1205 4245 1266 4314 jam
1284 4263 1367 4315 supra

89 4334 168 4405 pest
184 4338 278 4386 dietim
297 4335 323 4384 X
339 4329 506 4386 indiderunt.
544 4329 619 4384 Nihil
636 4345 703 4385 vero
721 4330 797 4385 aliud
814 4331 890 4396 sunt,
912 4328 965 4384 nisi
988 4329 1106 4399 subjecti
1130 4330 1234 4386 decreti
1251 4347 1366 4397 summa,

86 4418 160 4487 jam
178 4417 208 4470 in
224 4417 317 4471 fronte
335 4433 397 4470 cum
416 4415 514 4470 ceteris
532 4415 685 4485 praemissa
703 4432 736 4470 ac
754 4415 844 4470 denuo
861 4414 907 4470 hic
924 4414 1053 4485 repetita.

169 4504 203 4571 ³⁰)
220 4502 265 4556 Ita
283 4505 309 4556 ,p
321 4504 346 4555 (θ
360 4504 405 4555 0¹⁰.
441 4502 470 4554 h¹
483 4501 513 4555 h²
530 4514 605 4571 atque
624 4506 755 4563 ecciesiae,
773 4501 805 4554 B'
819 4501 853 4554 13²
866 4522 968 4571 quomnn
986 4512 1011 4555 et
1029 4507 1159 4563 ecciesiae,
1178 4501 1213 4554 al.
1226 4517 1290 4553 mss.
1304 4520 1366 4569 qno·

95 4608 155 4642 nm
173 4593 306 4642 eeclesiae.
341 4586 406 4641 Mox
424 4590 450 4642 θ’
462 4590 499 4644 c¹⁰
516 4593 620 4641 molesto
637 4597 663 4640 et
680 4591 766 4656 iniquo
787 4591 996 4655 incompetenter,
1024 4589 1048 4641 c¹
1066 4592 1171 4641 molesta
1192 4597 1218 4639 et
1238 4591 1366 4654 incompe-

100 4684 193 4731 tenter.
