3412 5664
682 325 877 375 EPISTOLAE
901 315 1026 374 8-10.

725 512 907 616 Epistola
935 514 990 596 lt.

263 660 400 736 Peneis
420 685 532 753 papae
553 667 597 734 ad
620 667 758 734 olorum
781 668 819 733 ot
841 667 981 750 plooom
1001 667 1449 754 constantinopolitanum.
1494 658 1645 791 diiii>

173 771 211 828 ις’·
262 801 302 854 Ne
321 808 448 860 tudem
470 809 501 860 od
522 790 771 874 paramentidnem
793 809 935 873 iepoioruui
957 808 1050 858 Vitatis
1072 815 1097 858 ei
1117 810 1213 860 Miseni
1231 812 1264 874 (a.
1280 810 1317 869 1),
1340 818 1417 877 alque
1434 820 1461 862 ai

264 889 354 946 Aeacii
368 913 384 946 a
399 897 461 947 sede
477 896 621 960 apostolica
639 895 753 945 damaim
775 896 966 944 communionem
985 896 1094 945 devitent
1112 893 1148 958 (u.
1161 895 1197 959 2).
1234 897 1346 947 Clericoo
1364 896 1396 946 ab
1414 897 1461 947 hoc

538 981 654 1044 deJecios
673 984 699 1029 io
717 982 772 1031 loeo
790 995 892 1030 maere
907 982 1074 1044 pronuntient
1093 980 1127 1045 (a.
1142 980 1177 1045 3).

376 1114 485 1179 Felix
521 1114 631 1178 clero
664 1116 702 1176 et
736 1111 843 1196 plebi
875 1112 1106 1177 orthodoxis
1135 1114 1494 1200 Constantinopoli

468 1214 707 1280 constitutis
734 1215 1019 1279 dileetissimis
1046 1216 1151 1311 filiis
1180 1217 1356 1282 salutem.

326 1338 349 1401 1.
382 1336 553 1401 Probatam
576 1336 699 1400 eunctis
721 1338 846 1398 vestrae
869 1335 942 1399 fidei
964 1336 1150 1400 firmitatem
1176 1336 1294 1402 Vitalis
1317 1341 1412 1423 atque
1434 1340 1493 1403 lli-

244 1434 317 1499 ‘eni
339 1460 391 1503 non
421 1437 687 1503 nratioonabiliter
721 1437 889 1522 opinamur
916 1438 1191 1521 praevaricatione
1223 1440 1402 1504 turbatam:
1440 1443 1492 1526 qui

250 1535 387 1625 llnirena,
413 1562 496 1627 quae
523 1540 587 1604 illis
615 1540 768 1605 mandata
796 1543 888 1622 siant,
918 1562 984 1603 non
1006 1543 1133 1604 tantum
1162 1542 1357 1627 negligendo
1385 1565 1493 1608 verimi

252 1632 337 1705 Qfiru
352 1642 562 1728 impugnando
583 1643 741 1726 fecerunt,
765 1646 801 1706 nt
823 1642 958 1706 ecclesia
973 1641 1120 1706 Romana
1138 1645 1318 1709 consentire
1334 1646 1494 1710 damnatis

253 1722 394 1810 blecticis
415 1745 644 1830 crederetur¹);
672 1745 800 1830 quando
823 1747 935 1808 contra
956 1745 1091 1809 vetitum
1113 1745 1174 1829 his,
1204 1748 1258 1830 qui
1281 1770 1299 1810 a
1321 1746 1416 1811 Petro
1438 1749 1494 1813 illo

255 1826 396 1932 henin
422 1847 689 1934 parricidarum²)
718 1847 803 1911 socio
831 1846 907 1910 olim
926 1847 1076 1931 justeque
1099 1847 1223 1931 dejecto
1246 1852 1278 1912 et
1300 1851 1396 1914 toties
1420 1872 1494 1914 ana-

254 1932 442 2035 timuisses,
466 1950 614 2036 directe)
637 1952 732 2034 atque
756 1949 795 2012 ab
818 1950 938 2013 Acacio
961 1950 1099 2033 suscepti
1123 1953 1209 2029 sunt,
1232 1956 1415 2015 nostrorum
1438 1952 1494 2016 im-

250 2056 380 2118 memores
406 2052 640 2135 mundatorum,
675 2051 910 2116 communicare
939 2052 1077 2116 coirvicti
1105 2055 1190 2135 sunt,
1219 2053 1309 2116 nulla
1337 2057 1494 2118 contesta-

248 2140 318 2212 tone
342 2156 525 2239 praemissa,
555 2176 650 2239 quam
679 2158 800 2237 tamen,
830 2154 913 2217 sicut
934 2153 985 2218 his
1007 2157 1214 2239 praeceptum
1236 2156 1352 2239 fuerat,
1382 2156 1495 2242 religio

246 2251 351 2319 latiae
372 2257 552 2323 sanctitatis
576 2256 714 2340 audiret3
737 2259 906 2342 actumque
929 2260 987 2339 est,
1012 2260 1058 2339 ut,
1083 2257 1178 2321 sicuti
1192 2258 1418 2342 praediximus
1443 2282 1493 2323 ex-

244 2366 332 2419 oeoeus
363 2361 488 2426 illorum
516 2363 626 2424 noster
654 2359 835 2424 crederetur
863 2381 1019 2423 assensus,
1065 2357 1149 2434 Quos
1163 2374 1166 2380 ’
1179 2363 1211 2423 et
1237 2360 1403 2424 ordinibus
1429 2361 1494 2425 suis

241 2454 465 2528 etseneranda
493 2462 593 2527 (lirim
615 2463 758 2546 mysterii
786 2462 992 2546 perceptione
1022 2462 1227 2545 privavimus.
1272 2462 1388 2527 Nullus
1417 2485 1493 2548 ergo

242 2555 368 2631 rethom
392 2587 450 2651 per
479 2563 545 2630 tale
568 2564 770 2630 commissum
793 2565 835 2628 sit
856 2565 1023 2628 immemor
1044 2566 1103 2648 sui,
1127 2586 1267 2629 nocuos
1291 2566 1438 2630 aestimet
1459 2565 1494 2630 in

173 2678 179 2687 '
242 2662 417 2739 amelinae
438 2667 622 2732 traditionis
645 2667 830 2732 defensione
853 2668 997 2750 delicere,
1026 2689 1103 2752 quos
1125 2666 1213 2730 videt
1234 2668 1307 2732 fidei
1332 2672 1493 2734 contume-

242 2757 309 2825 lirin
327 2765 361 2834 in
380 2770 557 2856 proditores
580 2773 612 2834 et
634 2770 775 2855 perditos
797 2770 986 2834 vindicasse.

315 2865 343 2933 2.
377 2872 463 2939 Scire
485 2895 541 2937 vos
563 2894 686 2959 quoque
708 2872 815 2936 decuit
830 2871 942 2935 Aeacii
966 2871 1125 2956 quondam
1147 2872 1288 2956 episcopi
1303 2873 1493 2937 varietatem

248 2968 536 3061 momentumque
559 2974 727 3040 detectam.
774 2972 835 3049 Qui
858 2997 955 3058 cpuum
977 2975 1015 3037 de
1031 2972 1126 3037 Petro
1146 2975 1218 3057 isi-0,
1243 2975 1326 3038 sicut
1340 2975 1494 3058 probatur

255 3060 371 3163 aduena,
392 3100 457 3144 non
479 3078 613 3144 ferenda
629 3077 786 3160 retulerit,
811 3069 905 3160 aidus
922 3075 997 3139 olim
1014 3076 1163 3161 dixerit⁴)
1179 3077 1278 3140 fuisse
1294 3077 1491 3161 damnantem,

173 3222 177 3233 ι
253 3189 304 3263 ptr
317 3173 427 3266 legatos
454 3185 580 3247 nostros
602 3180 712 3244 multis
734 3178 880 3244 laudibus
903 3183 1099 3261 prosecutus,
1129 3183 1241 3243 contra
1264 3181 1493 3245 conscientiam

254 3274 330 3362 iecit
351 3286 452 3350 utrum
480 3283 509 3349 ei
538 3283 709 3369 quidquam
738 3281 929 3346 eredendum
955 3281 1007 3363 sit,
1027 3275 1148 3345 'omnes
1176 3282 1229 3365 qui
1257 3283 1403 3347 timorem
1432 3282 1492 3348 Dei

250 3384 317 3449 aaa
332 3386 430 3452 oeulos
446 3385 656 3469 constituunt,
677 3384 879 3469 judicabunt.
913 3383 1104 3448 Alienarum
1118 3405 1241 3468 quoque
1257 3385 1494 3468 provinciarum

247 3480 302 3551 sili
316 3484 381 3571 jora
401 3488 622 3576 defendens⁵)‚
646 3491 830 3552 sanctorum
851 3489 1068 3551 trecentorum
1091 3487 1200 3551 decem
1223 3491 1255 3551 et
1277 3491 1348 3551 octo
1365 3485 1493 3572 patrum

301 3710 319 3777 Ἰ
334 3708 481 3780 symeones
502 3696 703 3765 Acoe‘mitensis
727 3709 878 3764 monachus
899 3709 1018 3763 Romam
1042 3707 1153 3763 veniens
1175 3708 1339 3764 testificatus
1363 3713 1436 3778 erat,
1464 3713 1495 3765 ut
1509 3714 1566 3785 [a']

231 3793 321 3859 serbis
336 3795 447 3866 Evagrii
463 3797 490 3851 ln
511 3814 534 3850 e.
554 3796 605 3862 ΙΙΙ,
623 3801 655 3849 21
674 3797 749 3861 utar,
772 3801 808 3848 iio
830 3802 919 3850 melios
936 3815 972 3849 en
988 3799 1182 3864 siinplicioribus
1200 3801 1225 3848 in
1241 3800 1361 3863 fraudem
1378 3801 1494 3851 inductos

223 3902 286 3942 ene
306 3884 338 3936 et
354 3886 500 3944 limacis,
524 3886 743 3952 pervademus,
768 3885 870 3935 Petrum
888 3901 904 3933 a
923 3884 1036 3935 domena
1058 3885 1134 3934 eiiam
1150 3886 1212 3935 rede
1233 3892 1375 3950 susceptam
1394 3901 1449 3937 esse
1468 3888 1493 3936 ia

219 3974 423 4028 amionem

294 4055 316 4120 ¹)
333 4052 361 4107 h.
381 4070 403 4108 e.
423 4052 565 4108 Timothei
583 4051 687 4108 Aelun'.

292 4140 314 4207 ¹)
338 4136 393 4192 Seu
417 4130 465 4208 qui
487 4137 562 4192 Petri
588 4137 832 4208 apocrisiariorum
854 4154 968 4193 munero
996 4137 1221 4206 defungeliantur
1244 4137 1492 4209 Constantinopoli,

211 4232 248 4282 ui
270 4222 383 4295 planius
400 4223 558 4279 declaratam
573 4222 654 4293 epist.
674 4229 734 4278 811.
756 4230 783 4290 1,
801 4240 925 4292 quosque
943 4222 1059 4277 Aeacius
1076 4223 1222 4278 confovere
1240 4224 1320 4294 epist.
1335 4230 1358 4278 6.
1377 4243 1403 4278 n,
1420 4232 1432 4277 1
1451 4242 1493 4279 ar-

209 4310 329 4383 guitur.

291 4396 313 4459 ⁴)
334 4391 427 4465 Suppl.
447 4415 508 4450 ewa.
538 4393 645 4449 Deinde
661 4414 711 4463 per
728 4402 826 4461 lepuios
844 4407 946 4450 nostros
963 4394 1038 4448 idem
1056 4395 1099 4449 est
1116 4412 1149 4450 ae
1164 4402 1333 4465 pertineres
1351 4402 1441 4465 lepesin
1453 4415 1493 4450 re·

208 4484 359 4539 deusdona
379 4486 496 4537 aarum

290 4567 314 4631 ⁸)
334 4564 439 4636 Nempe
456 4582 482 4620 a.
501 4571 551 4622 476
570 4566 747 4636 antencycliis
764 4565 890 4620 Basilisci
909 4566 1020 4636 (Evagr.
1032 4566 1059 4620 h.
1073 4586 1096 4623 e.
1110 4568 1163 4634 ΙΙΙ,
1182 4572 1207 4635 7)
1225 4568 1295 4623 haec
1314 4565 1397 4620 inseri
1417 4584 1493 4621 cura-

208 4654 317 4709 verat:
339 4656 486 4707 Ρνουίπείω
497 4672 608 4722 quoque,
628 4673 733 4722 quarum
750 4658 934 4708 ordinationem
951 4658 1026 4708 sedes
1043 4657 1119 4720 lujat
1136 4659 1224 4722 repiuc
1242 4665 1268 4706 ct
1283 4658 1412 4720 ploriosue
1424 4656 1494 4706 ordia

208 4742 362 4797 Μυσοί,
382 4742 592 4792 merendirrimo
610 4759 642 4791 ac
658 4744 816 4793 sanctissimo
839 4743 1005 4807 patriarchae
1023 4749 1048 4793 ei
1066 4743 1259 4806 archiepiscopo
1278 4743 1375 4791 Acacio
1393 4744 1495 4792 restitui

202 4827 346 4895 jabenus.
376 4821 445 4891 Ejus
458 4822 543 4877 etiam
561 4840 647 4893 opera
664 4823 739 4878 haud
758 4823 841 4877 dubio
860 4823 958 4878 eodem
976 4841 1048 4879 anno
1067 4824 1125 4878 luta
1142 4841 1160 4878 a
1171 4825 1280 4878 Zenona
1298 4821 1407 4877 fuitlcx
1420 4823 1447 4890 (l.
1463 4829 1494 4876 lo

210 4907 289 4965 eod
304 4906 375 4961 rose
394 4908 415 4973 l,
428 4912 469 4977 i),
487 4926 543 4979 qua
560 4907 634 4963 idem
648 4908 696 4978 jus
713 4909 766 4980 ipsi
784 4907 966 4964 conlimitavit.
997 4908 1104 4966 Exinde
1117 4907 1315 4968 calendionem
1333 4907 1493 4979 episcopum
