3450 5678
688 347 900 396 raucarum
923 337 1070 395 41-44.
1449 336 1510 401 507

214 497 461 568 Venefranam
486 501 670 587 confugisse
685 502 857 587 suggessit,
882 503 965 567 sicut
979 502 1122 588 petitorii
1138 506 1231 568 tenor
1246 526 1392 568 annexru
1407 507 1513 570 osten-

215 605 306 687 dit,
329 627 381 689 eo,
405 604 489 689 quod
511 604 643 690 dicat2),
673 604 734 668 sibi
763 604 804 668 ab
825 604 966 670 infantia
989 605 1172 671 Christiano
1200 627 1304 690 nuper
1326 629 1346 670 a
1367 607 1514 690 praefato

216 707 370 772 domino
398 706 601 791 signaculum
636 706 886 772 circumcisionis
914 708 1058 772 infixum.
1109 705 1310 792 Quapropter
1342 708 1515 793 diligenter

214 812 348 874 vestra
369 808 456 873 inter
478 811 647 894 utrumque
670 807 850 874 sollicitudo
872 831 978 874 reruni
1000 809 1137 874 fideliter
1157 809 1319 875 examinet
1333 811 1512 895 veritatem,

213 914 399 996 quatenus
426 932 486 975 nec
513 911 627 995 religio
654 913 811 976 temerata
835 911 996 996 videatur,
1030 934 1090 977 nec
1118 933 1227 976 servus
1249 911 1311 978 hae
1332 913 1513 998 objectione

213 1012 395 1080 mentitus
418 1014 630 1101 competentis
647 1014 723 1101 jura
746 1013 878 1080 dominii
886 1014 913 1101 3)
936 1014 1097 1081 declinare
1121 1016 1306 1082 contendat.

691 1187 975 1289 Fragmentum
1001 1187 1061 1271 44.

290 1327 324 1378 llt
343 1327 441 1391 injuria
458 1327 544 1389 iliata,
561 1329 585 1375 si
601 1328 707 1377 remissa
725 1333 751 1375 et
768 1327 913 1377 condonata
931 1328 977 1386 sit,
997 1342 1046 1378 non
1064 1328 1220 1383 cindicctnrs
1237 1329 1260 1377 si
1278 1345 1327 1379 nan
1345 1330 1460 1391 renebera,

592 1428 641 1477 qua
658 1412 752 1463 idonea
769 1412 947 1473 satisfactione
965 1413 999 1461 sit
1015 1415 1160 1477 plectenda.

393 1526 580 1593 Gelasius
613 1527 823 1609 Gerontio,
860 1526 1055 1610 iohanni,
1095 1528 1290 1593 Germano
1320 1532 1359 1593 et
1391 1528 1512 1594 Petro

487 1629 734 1714 episcopis¹).

325 1748 359 1814 Si
380 1748 463 1832 illic,
493 1749 548 1813 ubi
570 1748 651 1814 haec
672 1751 745 1813 acta
773 1751 866 1831 sunt,
896 1750 1119 1832 praesentibus
1147 1751 1289 1836 utrisque
1318 1752 1510 1833 constiterit,

235 1856 272 1917 et
302 1851 496 1916 satisfecisse
519 1851 718 1935 Stephanum
748 1854 781 1916 et
808 1850 1043 1935 supplicatione
1071 1856 1220 1936 suscepta
1248 1876 1320 1917 eum
1347 1855 1401 1939 qui
1429 1854 1512 1918 male

235 1956 398 2018 tractatus
421 1956 470 2018 est
491 1954 670 2038 ignovisse,
698 1953 795 2017 semel
818 1953 886 2037 in²)
910 1953 1083 2018 abolitione
1106 1955 1204 2018 missa
1225 1956 1351 2038 punitio
1372 1956 1512 2021 recidivo

239 2055 348 2120 dolore
382 2078 448 2120 non
482 2055 577 2120 debet
607 2056 734 2138 iterari,
778 2054 905 2119 divinae
939 2056 1063 2120 scilicet
1095 2056 1275 2122 imitatione
1310 2059 1510 2142 clementiae,

240 2180 321 2243 quae
344 2153 476 2223 dimissa
496 2162 631 2243 peccata
652 2157 687 2221 in
711 2157 864 2223 ultionem
887 2158 989 2222 redire
1012 2180 1077 2223 non
1099 2160 1232 2244 patitur.
1267 2160 1325 2226 Sin
1341 2183 1415 2224 vero
1430 2160 1510 2224 nihil

240 2260 289 2324 vel
312 2259 351 2324 de
372 2260 593 2325 satisfactione
616 2259 804 2344 probabitur
833 2260 882 2324 vel
911 2260 949 2324 de
978 2260 1166 2327 remissione
1188 2264 1405 2346 transactum,
1435 2261 1510 2327 dile-

240 2362 357 2427 ctionis
385 2365 510 2427 vestrae
538 2385 683 2427 sermone
718 2366 929 2429 monstretur:
966 2366 1140 2448 quatenus,
1179 2365 1245 2429 sive
1279 2387 1365 2430 nunc
1397 2365 1511 2430 saltem

239 2464 359 2550 poterit
381 2467 566 2549 competens
589 2466 768 2530 satisfactio
791 2465 968 2549 pervenire,
992 2463 1070 2529 illud
1092 2461 1199 2549 potius
1222 2470 1387 2532 exseratur
1395 2469 1432 2553 ³),
1456 2468 1510 2532 ubi

239 2568 383 2632 animum
405 2588 520 2631 sanare
548 2567 650 2650 possit
677 2567 806 2652 afflicti3
840 2568 906 2632 sive
933 2567 1162 2633 irremissibilis
1190 2572 1312 2652 perstet
1340 2570 1509 2654 acerbitas

238 2668 358 2734 ibidem
380 2668 590 2734 nihilominus
611 2668 808 2753 vindicetur,
838 2669 892 2733 ubi
921 2668 1094 2754 plectibilis
1116 2673 1187 2734 orta
1211 2673 1260 2736 est
1281 2673 1509 2756 praesumptio.

308 2876 330 2942 ²)
348 2872 460 2927 Scilicet
476 2876 635 2943 praefatum
653 2873 743 2929 Judae
760 2874 938 2944 mancipium.
974 2873 1130 2928 Identidem
1149 2875 1178 2928 et
1195 2874 1321 2944 proxime
1339 2876 1375 2929 ab
1393 2875 1512 2946 impera-

239 2959 351 3014 toribus
368 2957 492 3013 Honorio
511 2960 540 3013 et
557 2957 715 3014 Theodosio
734 2975 806 3013 anno
824 2965 874 3013 417
891 2962 937 3013 sat
955 2965 1061 3028 capitati
1080 2978 1165 3028 poena
1183 2958 1362 3013 interdictum
1380 2962 1454 3028 arat,
1477 2979 1512 3015 ne

237 3050 354 3099 Iudaeus
370 3064 460 3099 serras
478 3048 636 3098 Christianos
654 3063 700 3096 nec
723 3050 812 3098 incitas
831 3064 876 3097 nec
894 3050 1005 3098 calentes
1023 3063 1102 3097 coena
1122 3050 1248 3112 propriae
1266 3054 1352 3098 sectae
1370 3050 1510 3112 confunde-

235 3142 291 3191 ret,
315 3130 344 3184 et
361 3128 498 3199 ejusmodi
515 3145 610 3183 servus
627 3129 689 3197 jam
707 3145 741 3181 ex
759 3129 820 3197 lege
839 3127 1014 3182 Constantini
1031 3126 1191 3182 libertatem
1210 3130 1351 3183 assecutus
1369 3132 1410 3184 est
1428 3132 1509 3196 (conl.

235 3215 253 3268 l.
272 3220 300 3280 t,
318 3220 334 3267 2
352 3215 381 3267 et
398 3219 414 3268 4
433 3212 499 3268 Cod.
519 3214 625 3268 Theod.
643 3213 715 3279 XVI,
728 3218 761 3280 9).
799 3212 870 3268 Hinc
888 3212 961 3267 servi
978 3212 1057 3267 istius
1074 3212 1151 3266 nisus
1170 3214 1199 3267 ct
1216 3213 1321 3268 Gelasii
1338 3216 1509 3285 praecautio.

305 3301 328 3366 ²)
346 3299 365 3352 Z
385 3304 486 3352 darant.
516 3298 575 3353 Etsi
592 3298 692 3353 Judaci
710 3304 837 3366 inancipr'a
855 3303 1002 3352 Christiana
1019 3318 1170 3367 comparare
1193 3298 1303 3368 legibus
1320 3300 1511 3371 imperialibus

234 3382 319 3439 vetiti
343 3384 437 3449 erant,
460 3385 556 3438 tamen
578 3384 601 3437 si
626 3400 682 3452 qua
704 3388 873 3437 acaecitate
893 3403 939 3436 sen
957 3389 1145 3451 fideicommissi
1162 3390 1259 3438 nonense
1277 3387 1358 3439 erant
1375 3393 1510 3449 camerati,
1559 3412 1564 3419 ·

234 3474 373 3540 possidere
391 3466 627 3538 permittebantrn
646 3469 728 3534 (conf.
746 3467 763 3521 l.
784 3474 850 3523 a-5
868 3466 935 3522 cod.
955 3466 1060 3521 Theod.
1079 3467 1156 3534 XVI,
1169 3472 1204 3535 9).
1236 3468 1369 3524 Similiter
1383 3469 1449 3540 jura
1465 3471 1511 3525 Ju-

234 3555 373 3609 daeorum
391 3551 567 3607 donrinerum
585 3570 740 3621 agnoscens
759 3552 905 3607 concilium
923 3551 1122 3608 Aurelianense
1140 3553 1179 3607 ΠΙ
1197 3571 1270 3609 anno
1289 3560 1339 3610 538
1358 3573 1380 3610 c.
1399 3561 1431 3611 13
1449 3572 1511 3610 eon-

234 3638 342 3704 sunit,
360 3639 393 3692 ut
409 3643 565 3692 Judaeorum
586 3644 713 3707 anancipia
732 3643 889 3702 Christiana,
913 3644 945 3708 si
959 3643 996 3691 cis
1014 3660 1030 3692 a
1047 3644 1153 3694 dominia
1171 3645 1315 3709 imponatur
1333 3646 1400 3710 qnod
1421 3648 1512 3710 religia

237 3728 386 3780 Christiana
408 3734 490 3789 cetat,
562 3731 702 3784 arntiatenue
720 3745 736 3778 a
754 3729 890 3779 sacerdote
911 3729 1055 3778 reddantur
1078 3721 1126 3779 sed
1149 3723 1329 3779 redimantur.
1366 3726 1443 3780 idom
1466 3726 1512 3782 de-

235 3808 329 3865 cernit
346 3807 493 3864 concilium
510 3808 710 3863 Aurelianense
728 3808 767 3863 IV
785 3826 807 3862 c.
821 3816 854 3864 30
872 3809 907 3863 de
926 3808 1054 3864 omnibus
1078 3810 1178 3876 servia,
1198 3809 1370 3865 iudaeorum
1391 3811 1511 3866 servitiis

234 3892 418 3964 mancipatis,
436 3892 485 3963 qui
502 3893 539 3948 ad
557 3893 702 3948 ecclesiam
721 3893 764 3948 vel
782 3894 877 3948 fideles
896 3909 1020 3962 quosque
1039 3894 1222 3963 confugerint.
1253 3895 1308 3950 Pro
1326 3896 1448 3951 arcenda
1465 3915 1511 3951 au·

233 3983 297 4035 nm
312 3979 342 4033 in
359 3979 414 4034 hac
430 3995 461 4033 re
478 3977 666 4033 fraudulentia
679 3978 740 4047 jam
752 3979 891 4033 Honorius
908 3978 1062 4049 imperator
1074 3983 1199 4048 caverat,
1216 3981 1249 4034 ut
1259 3985 1365 4044 iudaei,
1383 3990 1427 4051 qai
1437 3994 1511 4037 reatu

235 4071 323 4134 aliquo
341 4069 382 4119 nei
399 4068 490 4119 debitis
506 4069 612 4131 satipati
628 4069 744 4118 sissiniant
762 4084 790 4118 ae
810 4069 970 4118 Christianae
988 4070 1038 4133 tegi
1055 4071 1116 4119 celle
1135 4070 1269 4133 conjungi,
1292 4078 1319 4120 nt
1336 4072 1373 4121 ad
1390 4074 1511 4122 ecclesias

233 4153 414 4216 consapientes
431 4155 513 4203 citare
529 4153 630 4217 possint
647 4154 752 4202 crimina
770 4155 808 4203 ret
823 4156 943 4218 pondera
960 4154 1111 4214 debitorum,
1130 4161 1268 4205 arceantur
1286 4171 1332 4204 nec
1344 4162 1421 4206 antea
1432 4157 1510 4206 susci-

234 4240 355 4303 pianr,
379 4255 453 4303 quasa
473 4237 560 4288 debita
577 4240 693 4288 tininensi
710 4239 886 4300 reddiderint,
908 4241 947 4289 oct
964 4240 1064 4302 suerint
1086 4241 1231 4290 innocentia
1254 4242 1428 4291 demonstrata
1447 4257 1509 4304 pur-

232 4324 294 4388 gati
310 4319 367 4384 (ia
387 4318 452 4373 God.
468 4318 574 4373 Theod.
588 4318 633 4385 IX,
649 4322 702 4387 tt).
730 4318 775 4373 Ad
793 4335 920 4374 normam
937 4319 1097 4389 hujusmodi
1114 4319 1184 4390 legia
1197 4322 1381 4392 compositum
1399 4322 1441 4376 est
1457 4320 1510 4374 hoc

234 4402 343 4459 Gelasii
359 4402 501 4472 judicium.

234 4494 271 4543 44
307 4491 327 4557 ¹)
345 4488 380 4541 D¹
395 4491 432 4543 Π1
452 4487 585 4543 omittunt
602 4495 740 4558 episcopis.

306 4574 328 4641 ²)
346 4574 365 4627 Z
384 4579 410 4627 in
428 4577 557 4628 ablatione
569 4581 688 4638 remeia,
707 4592 827 4644 moxque
846 4575 882 4630 ad
900 4592 988 4645 marg.
1002 4582 1121 4632 rediviae.
1151 4577 1314 4646 Legendum
1326 4577 1399 4631 forte
1410 4583 1436 4630 ia
1448 4579 1508 4631 ato·

234 4664 348 4713 tutona
365 4664 453 4725 nasa,
476 4657 547 4712 adeo
566 4666 596 4712 ut
618 4658 761 4727 librarius,
783 4660 859 4729 quod
876 4676 960 4731 saepe
978 4660 1092 4730 accidit,
1110 4679 1144 4717 cx
1162 4662 1269 4718 duabus
1290 4662 1390 4717 litteris
1408 4682 1430 4715 m
1449 4677 1509 4716 sese

233 4742 419 4812 sequentibus
436 4760 522 4799 unam
539 4744 766 4813 praetermiserit.

305 4830 328 4895 ⁸)
346 4828 365 4881 Z
385 4840 540 4882 exerceatur
612 4834 820 4886 irrestaasibiiiter
837 4844 937 4900 perstet
954 4833 1001 4901 (De
1014 4835 1051 4889 11¹
1069 4835 1207 4903 praestat).
1244 4833 1332 4891 Porro
1349 4836 1509 4889 irremissibi-

232 4919 267 4968 lis
286 4911 332 4967 hio
348 4912 424 4969 idem
442 4914 525 4969 sorsat
542 4914 618 4985 quod
635 4921 765 4971 irremissa
783 4933 832 4972 seu
850 4936 899 4973 non
916 4923 1030 4976 reneca
