3450 5678
213 103 275 168 142
682 117 724 194 ,⁸·
740 115 864 165 arnsar
886 116 1001 164 esraa

103 295 129 332 a.
137 282 199 332 sec.
211 271 332 348 Quibus
354 271 441 336 enim
448 319 457 353 ,
487 270 570 334 sicut
591 270 689 333 etism
716 290 772 333 vos
794 269 954 352 probatis,
988 269 1147 356 factumi)
1174 271 1304 334 constat
1327 270 1484 355 exemplis

212 378 245 438 et
265 394 329 458 qua
350 394 416 436 non
444 371 668 457 objurgatione
695 369 920 456 dignissimum
947 374 1006 455 est,
1034 371 1118 457 quod
1145 376 1331 437 sanctorum
1353 375 1483 456 patrum

212 475 348 539 decretis
371 478 403 538 et
429 475 508 558 ipsis
538 476 697 557 repugnat
726 494 886 537 canonum
911 473 1084 555 institutis,
1115 495 1209 558 quum
1232 474 1304 538 ideo
1325 496 1359 539 se
1381 473 1485 539 frater

208 577 277 661 jam
305 580 339 641 et
366 577 569 659 coepiscopus
601 578 710 638 noster
737 573 873 639 Hermes
901 597 920 639 a
951 574 1156 640 Narbonensi
1184 575 1320 641 ecclesis
1348 575 1486 640 eredidit

207 680 280 763 jure
302 679 430 762 suscipi,
454 677 529 761 quia
550 674 683 761 indigne
706 698 725 739 a
747 675 997 760 BiterrensibuS,
1021 677 1136 761 quibus
1157 674 1323 742 ordinatus
1346 681 1408 761 est,
1438 677 1485 743 di·

145 792 152 807 ¹
213 782 307 846 cebat
334 778 485 844 excludi?
528 778 589 853 Qui
617 777 645 841 si
672 798 746 842 vere
772 777 834 842 hoc
865 779 900 842 in
929 801 962 843 se
990 778 1111 842 factum
1139 779 1261 844 doleret
1283 781 1316 843 et
1337 778 1486 864 legitimo

212 882 351 947 remedio
373 880 540 945 subvenire
556 879 703 963 propriae
726 881 851 944 sciisset
871 880 1019 964 injuriae,
1044 880 1221 945 vindictam
1243 882 1349 967 magis
1372 880 1487 946 debuit

210 1005 339 1068 sperare
360 982 519 1067 perpessis
541 1003 637 1065 quam
660 982 786 1046 veniam
808 982 1011 1066 perpetratis.
1049 981 1196 1068 Denique
1217 984 1244 1047 si
1265 1004 1354 1047 nunc
1368 982 1485 1047 saltem

211 1085 370 1150 communi
403 1084 545 1148 omnium
572 1081 703 1147 Domini
736 1084 939 1148 sacerdorum
971 1088 1081 1148 utatur
1115 1085 1239 1168 animo,
1277 1085 1304 1149 si
1338 1084 1487 1149 imitetur

211 1186 402 1270 exemplum,
425 1187 452 1250 si
475 1185 626 1269 adhaec,
650 1207 732 1270 quae
754 1185 989 1250 ecclesiasticae
1011 1186 1127 1269 quietis
1148 1187 1422 1271 contemplatione
1437 1190 1487 1251 ut-

213 1311 336 1373 cunque
362 1288 468 1372 sopita
496 1290 587 1370 sunt,
616 1287 717 1352 oculis
745 1288 849 1351 cordis
875 1287 1040 1372 intendat,
1070 1292 1103 1353 et
1123 1311 1182 1372 pro
1203 1288 1302 1353 totins
1317 1288 1488 1353 Ecclesiae

212 1412 290 1475 pace
322 1388 373 1454 vel
399 1389 461 1453 fide
488 1411 568 1474 quae
598 1392 674 1453 sunt
694 1389 917 1473 multipliciter
943 1391 1067 1476 rata⁴),
1105 1390 1300 1455 consideret:
1329 1389 1414 1454 nihil
1436 1392 1489 1455 cst

212 1492 367 1577 profecto,
396 1492 479 1576 quod
492 1481 566 1556 ”non
589 1492 686 1556 etiam
707 1492 777 1576 ipse
804 1490 1019 1576 reprehendat
1042 1495 1075 1555 et
1096 1492 1265 1557 erubescat
1286 1492 1347 1556 sibi
1370 1491 1486 1574 annui,

212 1585 296 1679 quod
318 1594 352 1659 in
381 1594 482 1658 sltero
509 1592 713 1657 laudabiliter
740 1592 938 1677 improbarit.
985 1591 1110 1657 Scimus
1138 1594 1224 1658 eninr
1246 1597 1280 1658 et
1296 1593 1423 1678 jamdiu
1446 1592 1488 1658 de

212 1696 379 1760 memorati
401 1695 512 1759 fratris
536 1695 777 1760 conversatione
798 1694 880 1758 nihil
896 1694 1050 1758 habemus
1065 1696 1261 1780 ambiguum,
1284 1718 1384 1780 quum
1395 1699 1488 1760 ante

213 1803 304 1861 actae
331 1798 416 1862 vitae
438 1797 538 1881 ipsius
561 1819 687 1862 cursum
709 1800 742 1861 et
763 1800 848 1861 retro
871 1818 965 1861 omne
991 1796 1190 1882 propositum
1198 1798 1224 1882 ⁵)
1252 1801 1363 1862 nostro
1384 1798 1488 1863 revol-

86 1892 94 1904 ‘
170 1900 189 1925 ‘
212 1903 324 1963 ventes
339 1899 457 1981 animo,
481 1898 654 1981 tosillam,
678 1921 756 1984 quos
778 1900 812 1962 in
833 1920 870 1962 eo
886 1899 1059 1983 arguimus,
1083 1900 1255 1964 incurrisse
1270 1899 1488 1988 potiusquam

211 2000 325 2065 fecisse
348 2001 552 2065 aestimamus
574 2022 731 2065 excessus.
1100 1994 1110 2012 '

296 2103 328 2167 2.
365 2102 414 2167 De
436 2103 549 2188 quibus
572 2103 775 2185 praesidente
809 2103 945 2166 fratrum
967 2125 1136 2168 numeroso
1159 2103 1294 2169 concilio
1321 2105 1417 2169 etex
1441 2104 1487 2169 di·

212 2207 312 2268 versis
339 2205 512 2288 provinciis
545 2204 586 2268 ad
614 2203 698 2268 diem
724 2204 843 2268 natalis
871 2206 973 2270 nostri
1001 2205 1036 2269 in
1044 2206 1071 2292 6)
1098 2205 1253 2271 honorem
1280 2205 1369 2271 beati
1396 2204 1487 2271 Petri

384 2380 521 2389 ——..—-

281 2480 302 2545 ³)
320 2478 352 2531 [ι’
366 2481 394 2532 e¹
410 2483 502 2545 sacris,
522 2476 597 2545 quod
610 2475 732 2530 retinens
742 2475 879 2530 Batonius
898 2494 960 2530 eum
976 2477 1157 2547 praecedenti
1169 2477 1256 2532 verbo
1266 2482 1385 2548 protasis
1402 2494 1486 2551 copu-

212 2563 260 2617 lat.
297 2563 403 2617 Deinde
423 2565 451 2617 el
470 2581 591 2617 canonum
614 2568 763 2616 constitutis.
802 2560 832 2614 si
855 2561 999 2629 quaeritur
1021 2562 1178 2631 exemplum
1200 2560 1336 2633 episcopi,
1366 2563 1417 2632 qni
1437 2564 1486 2619 uni

213 2648 344 2703 ecclesias
366 2647 509 2702 ordinatus
532 2647 568 2701 ab
590 2663 679 2715 eaque
700 2646 821 2716 rejectus
842 2646 1022 2716 postmodum
1044 2647 1205 2717 praefectus
1230 2645 1314 2702 alteri
1335 2647 1401 2715 ruit,
1429 2664 1487 2705 non

213 2750 297 2787 unum
315 2750 382 2788 sane
393 2733 593 2803 praecesserat.
620 2731 696 2785 Nota
706 2736 771 2785 sunt
782 2730 936 2800 eademque
949 2730 1069 2800 insignia
1080 2730 1225 2800 Perigenis
1242 2733 1272 2786 et
1283 2730 1376 2786 Procli
1393 2748 1488 2789 exem·

212 2819 267 2887 pla,
285 2820 317 2871 ut
334 2819 390 2873 alia
407 2818 544 2883 omittam,
562 2817 758 2887 plerorumque
777 2817 978 2886 cpiscoporum,
1002 2831 1120 2885 quorum
1138 2814 1335 2872 translationes
1353 2815 1489 2875 Socrates

212 2903 272 2970 Vll,
285 2910 318 2959 36
335 2905 469 2969 recenset,
488 2919 613 2972 quosque
631 2901 771 2969 conjectat
783 2900 977 2954 'tillemontius
995 2900 1059 2955 ideo
1077 2900 1157 2955 sedes
1175 2902 1298 2955 mutasse
1316 2918 1389 2968 suas,
1408 2902 1489 2972 quod

213 2988 350 3059 episcopis
371 2988 423 3042 sibi
445 2989 605 3057 subrogatis
627 2985 725 3040 cedere
752 2984 841 3040 coacti
864 2985 926 3039 sint.
973 2985 1005 3042 ld
1027 3001 1093 3039 vero
1115 2987 1176 3039 tum
1202 2985 1322 3040 maxime
1348 2985 1490 3043 accidisse

213 3075 314 3137 censet,
332 3089 417 3140 quum
436 3071 658 3126 communionem
676 3088 755 3125 suam
770 3069 945 3124 Innocentius
964 3086 998 3125 ea
1016 3069 1174 3125 conditione
1191 3070 1285 3125 Attico
1302 3068 1436 3140 restitnit,
1455 3076 1491 3128 nt

212 3156 240 3208 in
264 3174 357 3211 sacras
379 3157 490 3211 tabulas
512 3156 646 3209 Johannis
667 3172 768 3209 nomen
795 3156 951 3209 referretur.
993 3155 1071 3208 Tunc
1099 3155 1173 3209 enim
1186 3154 1232 3209 «ut
1254 3171 1321 3210 suae
1344 3154 1492 3229 episeopis

212 3243 328 3309 propter
345 3239 501 3295 Johannem
519 3239 639 3309 expulsis
657 3238 784 3294 redditse
802 3239 944 3305 ecclesiae,
962 3239 1003 3293 ita
1017 3238 1120 3306 stillis,
1140 3239 1188 3309 qui
1199 3239 1229 3293 in
1241 3239 1491 3311 easirrepserant,

214 3323 388 3392 quaerendae
406 3325 477 3379 aliae
494 3324 614 3379 fisenrnt.
645 3323 800 3394 Propterea
816 3340 883 3377 sane
895 3323 1017 3378 Hermen
1028 3324 1140 3379 Hilarus
1157 3324 1187 3378 in
1202 3322 1378 3393 Narbonensi
1397 3326 1491 3383 eecle-

213 3408 255 3462 sia
272 3408 393 3477 reliquit,
411 3426 462 3464 aec
480 3411 574 3464 tamen
592 3409 650 3463 sine
668 3407 769 3463 idonea
787 3408 961 3479 correptione
979 3427 1012 3464 sc
1023 3426 1124 3480 poena,
1141 3426 1176 3464 ne
1195 3408 1257 3478 quis
1274 3409 1390 3464 daretur
1407 3410 1493 3469 loeus

212 3492 402 3562 perfringendi
419 3495 464 3547 tot
481 3494 633 3549 consfitnts
650 3495 679 3548 et
695 3494 779 3550 toties
796 3494 918 3564 repetita
935 3494 1057 3561 decreta,
1080 3492 1181 3563 quibus
1199 3492 1335 3550 avaritiae
1353 3496 1384 3549 et
1399 3494 1493 3553 lieen-

213 3577 270 3631 tiae
288 3578 367 3632 treas
384 3577 497 3648 injicere
514 3579 609 3648 patres
628 3578 720 3633 conati
738 3583 814 3644 srmt3
833 3580 866 3633 cf.
880 3579 939 3634 Nic.
959 3597 982 3647 c.
998 3586 1037 3645 1t‚
1054 3578 1181 3633 Antioeh.
1202 3595 1224 3633 c.
1238 3584 1280 3646 21,
1302 3577 1412 3634 Sardio.
1432 3598 1457 3636 e.
1476 3591 1490 3639 ι

213 3663 243 3715 et
256 3667 280 3716 2.
312 3663 463 3717 Praeterea
480 3679 531 3717 nec
549 3661 632 3732 culpa
649 3680 747 3718 vacare
760 3663 881 3720 Hermen
899 3664 989 3730 docet,
1008 3664 1056 3733 qui
1074 3665 1146 3718 hane
1164 3662 1493 3735 sibiillatssminjurisrn

213 3748 388 3816 expostulare
407 3765 469 3803 cum
487 3748 690 3803 Biterrensibus
707 3749 878 3819 neglexerat,
896 3766 982 3818 quum
999 3749 1103 3803 liceret.

280 3834 302 3900 ⁴)
321 3834 385 3886 οότ
397 3835 436 3888 c⁸⁰
452 3845 553 3895 mma,
576 3833 759 3889 renitentibus
780 3851 846 3888 mss.
882 3832 937 3887 Sed
960 3836 990 3888 et
1010 3833 1148 3889 sententia
1165 3831 1255 3888 Hilari
1275 3844 1336 3888 rats
1356 3836 1494 3904 postulat

213 3916 240 3971 b.
253 3933 277 3973 e.
298 3918 460 3984 constituta,
483 3916 685 3988 quae‘quidcm
705 3918 769 3974 ideo
787 3919 817 3972 in
833 3919 997 3974 memoriam
1014 3920 1140 3984 revocat,
1166 3920 1198 3972 ut
1214 3917 1259 3972 vel
1276 3917 1341 3973 inde
1358 3918 1491 3979 Hermen

213 4000 303 4070 egisse
320 4002 364 4055 rel
381 4002 495 4071 petiisse
512 4003 625 4073 pudeat,
644 4020 716 4073 quae
733 4006 793 4058 tam
810 4003 913 4058 sanctis
931 4002 1051 4058 decretis
1069 4003 1258 4058 adversentur.

280 4088 302 4155 ⁸)
321 4087 364 4141 lta
381 4089 411 4140 α’
423 4089 476 4158 βο*
494 4088 531 4142 ad
548 4105 651 4157 marg.;
668 4088 729 4141 L⁴b
740 4090 766 4142 0⁵
782 4098 855 4143 retro
867 4095 1042 4157 antepositum,
1060 4089 1139 4143 Ia³c¹¹
1157 4099 1230 4144 retro
1241 4098 1301 4143 asts
1310 4095 1489 4159 preposita,

213 4169 259 4225 Sic
276 4171 388 4226 Hilarus
405 4172 527 4227 Hermen
545 4173 647 4242 arguit
664 4175 696 4226 ut
712 4171 806 4242 ipsum
823 4173 905 4227 simul
923 4174 1044 4228 excuset.

279 4260 301 4326 θ)
319 4255 380 4322 Quo
397 4256 503 4311 seilicet
520 4256 664 4312 ordinatus
682 4261 732 4313 est.
755 4259 836 4314 Unde
854 4258 944 4312 denuo
962 4259 1116 4325 firmantur,
1134 4258 1259 4327 quaeda
1277 4257 1410 4314 sollemni
1426 4262 1491 4333 ept-

213 4357 361 4412 scopormn
378 4341 415 4396 sd
431 4341 505 4399 hune
522 4341 596 4397 diem
614 4359 747 4397 concursu
763 4344 793 4397 in
809 4343 891 4413 Xysti
902 4343 942 4397 111
960 4343 1135 4413 epistolamt
1153 4342 1333 4398 Constantius
1350 4344 1491 4403 observa·

186 4450 191 4465 =
213 4427 260 4482 vit.
289 4425 424 4492 Quocirca
440 4427 547 4481 nullum
560 4429 603 4481 est
615 4427 738 4495 dubium,
756 4428 823 4496 quin
834 4444 1012 4483 numerosum
1024 4428 1179 4496 concilium,
1195 4429 1231 4484 de
1243 4444 1299 4498 qno
1310 4428 1357 4482 hic
1368 4428 1490 4487 Hilarus

212 4511 344 4581 loquitur,
362 4511 407 4567 die
424 4511 489 4566 xlx
505 4511 671 4566 Novembris
689 4514 861 4569 celebratum
878 4514 923 4581 sit,
945 4515 1011 4569 licet
1032 4516 1102 4570 haec
1120 4514 1247 4584 epistola,
1270 4530 1327 4582 qna
1342 4512 1419 4569 illins
1437 4515 1490 4573 de·

213 4599 291 4651 creta
307 4599 335 4650 in
355 4597 461 4652 Gallias
479 4596 578 4663 mittit,
604 4596 650 4652 die
668 4598 706 4651 lll
723 4598 884 4654 Decembris
905 4599 1092 4668 consignetur.
1128 4599 1170 4652 lbi
1192 4599 1295 4668 quippe
1317 4615 1376 4653 non
1398 4598 1490 4671 diem,

213 4698 268 4748 quo
287 4682 400 4738 decreta
417 4682 525 4737 arsucita
542 4685 607 4735 srurt
629 4683 751 4751 seduno
774 4685 874 4752 legatis
893 4685 1047 4740 Galliarum
1070 4683 1249 4739 redeuntibus
1269 4683 1391 4753 tradita,
1411 4685 1488 4742 indi-
