3412 5664
263 282 325 346 912
703 296 732 345 s.
748 293 958 343 nonnnnsn
979 292 1096 341 emsa

156 477 182 515 a.
192 463 249 513 520.
263 450 425 533 nuntiare,
449 448 574 513 scilieet
587 448 773 532 pontificem
789 446 1169 532 Constantinopolitanae
1185 444 1337 510 ecclesiae
1349 445 1485 514 letamen

263 575 331 618 esse
353 552 574 637 superstitem,
604 553 637 615 et
659 550 893 616 confessionem
914 549 1022 614 libello
1045 549 1182 632 editam,
1211 549 1301 633 cujus
1327 549 1423 614 merita
1440 573 1485 617 nou

263 659 313 719 est
334 655 466 719 dubium
480 652 549 717 Deo
571 652 708 737 placere,
733 652 787 738 qui
809 652 895 717 inter
911 650 1086 716 catholicos
1101 654 1135 716 et
1150 650 1419 716 communicatores
1428 653 1485 718 sedis

263 756 458 841 apostolicae
480 754 597 819 meruit
618 755 659 819 ad
681 755 779 819 aliam
802 776 840 818 ex
862 754 923 819 hac
944 755 1013 819 vita
1035 753 1209 818 discedere.
1252 752 1293 817 ln
1319 753 1398 836 cujus
1415 753 1487 820 locun

263 857 498 944 Epiphanius²)
532 856 663 942 quidam
693 856 861 941 presbyter
888 855 1051 942 quondam
1078 855 1240 941 syncellus
1272 854 1339 939 ejus
1366 859 1486 940 encomii,

264 961 354 1044 cujus
376 959 471 1024 initia
493 959 579 1023 bona
600 958 764 1043 videntur;
791 981 869 1023 nam
896 957 1105 1023 rationabilia
1130 956 1288 1043 loquitur,
1317 962 1349 1021 et
1371 959 1488 1042 promitti

263 1065 391 1145 patrum
413 1083 446 1126 se
468 1059 596 1146 regulas
623 1053 837 1143 servaturum,
868 1082 982 1145 paoem
1009 1060 1233 1145 unitatemque
1259 1058 1425 1126 ordinatam
1443 1083 1487 1126 non

263 1163 418 1247 dissipare
440 1163 496 1227 sed
517 1163 622 1248 magis
644 1185 771 1248 augere.
815 1161 884 1226 Ista
907 1165 983 1228 sant
1009 1183 1091 1246 quae
1118 1160 1296 1244 promittit3
1322 1162 1391 1247 quid
1412 1165 1488 1228 tana

263 1286 358 1349 opere
380 1266 483 1350 possit
504 1264 648 1349 implere,
672 1265 778 1330 adbuc
791 1265 989 1351 ignoramus.
1027 1262 1097 1328 Has
1112 1261 1271 1348 siquidem
1284 1262 1489 1350 litterasquarts

263 1370 337 1451 post
358 1366 594 1431 ordinationem
616 1367 759 1452 ejusdem
781 1367 832 1431 die
853 1369 983 1452 reperta
1004 1365 1172 1430 occasione
1190 1365 1425 1450 transmisimus;
1440 1389 1490 1432 use

264 1470 339 1533 dum
361 1482 433 1534 cum
455 1490 492 1533 eo
514 1470 827 1553 communicavimus,
851 1491 917 1534 non
939 1467 1030 1553 quasi
1050 1468 1248 1551 resistentes,
1273 1467 1408 1553 sedquia
1418 1468 1490 1533 adhuc

264 1571 304 1635 ab
327 1593 451 1636 eonon
474 1593 582 1635 sumus
603 1571 743 1636 invitati.
783 1570 945 1654 Superest,
968 1573 1006 1635 ut
1027 1568 1238 1635 beatitudinis
1260 1573 1378 1635 vestrae
1396 1570 1491 1636 insidat

263 1673 381 1756 oratio,
411 1676 569 1759 quatenus
592 1673 718 1739 (livinae
741 1673 868 1759 gratiae
890 1672 1049 1758 adjutorio
1070 1672 1146 1737 talis
1168 1674 1409 1757 erumpat„per
1425 1694 1491 1758 quen

263 1776 301 1839 de
329 1775 473 1859 perfecta
500 1776 657 1858 possimus
682 1775 808 1839 unitate
838 1775 988 1863 gaudere.
1040 1776 1185 1859 Accepta
1211 1774 1277 1839 Vll
1288 1773 1369 1883 ,Idus
1392 1773 1490 1858 Aprilis,

263 1877 396 1941 Rustico
417 1877 485 1940 viro
509 1876 684 1942 clarissimo
707 1877 845 1942 consule.

756 2064 939 2168 Epistola
965 2064 1038 2148 112.

125 2197 161 2259 (a.
171 2200 221 2250 520
231 2212 253 2250 e.

118 2263 263 2332 tianae)
551 2218 764 2285 Hormisdae
787 2235 898 2302 papae
920 2218 963 2283 ad
986 2216 1248 2285 lastinianum.

300 2357 372 2407 litias
395 2373 457 2423 erpo
478 2373 507 2407 se
529 2360 699 2409 reverentiam
720 2359 817 2409 tondat.
852 2359 966 2422 Propter
983 2363 1092 2410 exortas
1113 2358 1288 2408 contentiones
1304 2358 1466 2423 mysteriav-
1495 2353 1537 2419 all

302 2441 436 2492 Trinitatis
451 2445 541 2508 pausis
558 2445 686 2508 explicat,
704 2444 785 2494 denec
801 2450 921 2508 suscepta
938 2459 1012 2510 quoni
1029 2449 1165 2508 exspectat
1181 2443 1308 2508 tepaaone
1323 2443 1411 2507 plenas
1422 2440 1469 2490 illut

832 2529 968 2581 edisserat.

415 2660 628 2725 Hormisda
648 2660 670 2726 J
677 2661 884 2725 ustiniano
906 2660 992 2725 viro
1012 2660 1180 2725 illustri.

155 2799 250 2862 apes.
352 2782 380 2846 1.
418 2780 509 2857 Quod
541 2780 695 2845 celsitudo
729 2782 836 2845 vestra
870 2780 969 2844 animi
993 2780 1078 2845 circa
1110 2802 1161 2845 me
1190 2781 1241 2845 sui
1277 2779 1492 2846 benevolentiam

264 2883 418 2968 dignatur
439 2884 622 2967 ostendere,
649 2883 756 2947 facitis
778 2903 846 2946 rem
868 2881 937 2947 Deo
958 2881 1113 2967 placitam
1134 2885 1168 2947 et
1188 2886 1296 2948 rectae
1318 2880 1492 2948 conscientiae

265 2989 511 3070 congruentem3
536 2983 592 3049 sed
614 3005 680 3049 non
701 3007 801 3069 parva
822 2987 899 3049 sunt
920 2984 1009 3048 vobis
1021 2985 1044 3071 ¹)
1067 2983 1163 3069 hujus
1185 2985 1394 3050 emolumenta
1411 3003 1493 3068 propo

264 3087 329 3152 siti.
374 3086 479 3171 Major
499 3087 534 3150 iu
557 3109 613 3151 vos
634 3086 759 3151 fructus
782 3087 820 3151 de
846 3077 906 3150 tali
934 3086 1078 3152 bonitate
1100 3087 1288 3170 revertitur,
1317 3084 1494 3172 nequeenim

263 3211 365 3253 vacua
386 3189 632 3254 honorificentia
655 3192 720 3272 est,
743 3211 825 3274 quae
847 3188 990 3253 defertur
1012 3189 1161 3254 antistiti.
1195 3189 1411 3256 Indubitatum
1427 3185 1495 3271 siqui·

264 3290 336 3355 dem
358 3294 423 3374 est,
452 3292 527 3376 quia
554 3289 657 3355 honor
678 3291 818 3355 ministri
847 3291 950 3356 cultus
979 3294 1028 3356 est
1055 3291 1192 3375 domini,
1221 3295 1255 3356 et
1284 3293 1339 3377 qui
1364 3309 1496 3377 personna

264 3392 437 3457 sacerdotis
459 3393 571 3479 magni
594 3391 702 3475 habet,
726 3392 881 3476 majorem
902 3394 1193 3458 remunerationem
1210 3394 1253 3457 ab
1267 3415 1305 3459 co
1321 3395 1370 3458 cui
1383 3390 1498 3458 saocrda

149 3490 249 3547 Matth.
262 3494 439 3559 famulatur
453 3495 600 3579 accipiet,
624 3494 751 3559 dicente
766 3493 905 3560 Domino
927 3494 949 3560 J
950 3517 1006 3560 esu
1024 3496 1076 3580 iis,
1100 3497 1155 3582 qui
1169 3495 1344 3581 prophetas
1358 3497 1390 3560 in
1408 3494 1498 3559 bonon

163 3565 249 3625 Μ’
264 3597 458 3682 suscipiunt,
487 3619 577 3662 suam
604 3597 782 3662 mercedem
805 3619 874 3662 esse
895 3597 1100 3663 reddendam.
1144 3597 1190 3662 Et
1217 3598 1303 3682 apud
1329 3620 1378 3663 me
1402 3594 1499 3682 quiden

263 3699 374 3784 magni
398 3703 447 3765 est
468 3699 575 3785 gratia
597 3703 704 3764 vestra
729 3700 900 3784 momenti,
930 3722 967 3765 eo
993 3703 1109 3764 tamem
1130 3700 1315 3784 pretiosior,
1343 3701 1413 3786 quis
1436 3693 1499 3782 quid

264 3918 298 3972 rii
315 3925 349 3973 25
367 3918 412 3974 die
431 3919 590 3976 ordinatum
608 3937 668 3976 esse
686 3919 782 3975 tradit.
824 3919 972 3976 Dioscorus
989 3936 1055 3997 vero
1077 3920 1128 3976 bas
1149 3919 1259 3976 litteras
1277 3933 1369 3991 quei-ta
1384 3931 1438 3990 pon
1450 3920 1500 3973 ort·

264 4010 389 4058 nationem
408 4011 465 4072 Qus
477 4011 518 4060 dte
535 4005 647 4061 mittere
666 4023 695 4060 sc
712 4004 859 4075 significat.
888 4005 929 4060 Ex
948 4021 1002 4076 quo
1021 4022 1192 4075 consequeus
1204 4008 1260 4073 est,
1278 4007 1311 4060 at
1322 4005 1438 4076 ejusdem
1448 4016 1500 4057 net-

264 4087 313 4156 sis,
332 4088 380 4158 qui
397 4089 451 4143 boc
469 4106 541 4144 anno
559 4089 695 4144 bisextilis
714 4091 783 4157 erat,
801 4097 834 4145 29
853 4089 898 4145 die
916 4091 1017 4146 missae
1035 4090 1098 4146 sint.

331 4177 352 4241 ²)
371 4172 412 4227 De
430 4173 587 4245 Epiphanio
610 4174 650 4230 sic
672 4175 802 4246 deinceps
819 4174 966 4230 Dioscorus
984 4175 1119 4244 loquitur,
1142 4177 1174 4230 ut
1195 4175 1261 4231 inde
1282 4175 1313 4230 in
1330 4174 1500 4230 dubitativam

263 4259 411 4313 inducatur
427 4259 527 4327 lector,
544 4278 610 4314 num
627 4259 674 4315 ille
691 4259 750 4330 ipse
768 4260 805 4314 sit
822 4259 1145 4332 Constantinopolitanae
1162 4260 1297 4317 eeclesiae
1312 4254 1500 4332 presbyterii

263 4343 343 4415 epist.
364 4350 412 4398 100
428 4361 454 4398 n.
476 4351 489 4398 1
509 4344 736 4400 Thessalonicam
758 4345 795 4400 ad
813 4345 965 4400 curandam
983 4344 1116 4402 ecelesiae
1137 4345 1221 4416 hujus
1239 4345 1389 4402 ublitatem
1404 4340 1501 4400 cunila

263 4429 354 4483 banne
372 4428 542 4500 apostolicae
564 4428 637 4484 sedis
659 4430 754 4501 legato
778 4437 891 4486 directus
908 4451 944 4486 ea
961 4437 1082 4486 conranni
1097 4437 1221 4487 electione
1244 4431 1353 4487 dicitur.
1386 4430 1422 4485 Ut
1438 4426 1502 4483 stim

263 4517 358 4570 tamen
381 4513 547 4585 cogitemus,
575 4531 631 4569 non
653 4515 719 4570 sinit
744 4516 935 4572 testimonium
957 4519 1112 4572 ceterorum
1135 4515 1303 4573 Hormiadae
1323 4517 1502 4588 legatorumt

264 4600 364 4669 quibus
382 4600 531 4656 Hormisda
547 4600 607 4671 ipse
626 4601 705 4672 epist.
726 4608 774 4657 113
791 4602 865 4657 hunc
876 4600 1064 4672 Epiphaniam
1082 4601 1157 4673 apud
1173 4618 1203 4657 se
1219 4623 1271 4671 pro
1288 4608 1503 4672 ὴμώίιψ

263 4691 298 4739 tio
314 4693 518 4755 propapnondoc
536 4692 640 4741 unitatis
658 4692 751 4754 officiis
768 4693 940 4757 multipliciter
956 4687 1100 4743 laudatum
1112 4686 1218 4743 scribit.
1237 4719 1270 4726 —
1288 4686 1389 4743 ibide·
1399 4687 1431 4742 G¹
1447 4701 1504 4756 μ’

264 4781 312 4824 tani
330 4784 389 4840 post
406 4779 519 4827 ordinem
536 4777 651 4840 ejusdem
668 4784 774 4842 recepta
792 4779 934 4829 occasione.

265 4861 312 4909 112
349 4859 368 4924 ¹)
386 4856 436 4910 Ed.
456 4861 540 4923 nobis,
560 4859 589 4911 et
605 4874 670 4911 mox
686 4862 771 4926 major
788 4865 813 4913 in
832 4879 886 4916 rios.
