3412 5664
693 332 942 390 1113101113.
968 331 996 387 4.
1422 330 1482 393 321

241 502 333 577 dolum
354 500 485 575 accipite,
510 515 631 575 quaese,
662 500 760 572 bibite,
792 502 890 578 invite,
915 503 983 560 nolo
1005 503 1179 559 moriamini
1185 519 1192 578 3
1221 519 1264 559 an
1292 519 1357 580 vOS,
1387 503 1441 584 qui
1464 507 1608 574 alala-2.)

243 595 327 661 uoxiis
345 596 501 683 prohibiti,
524 597 664 662 medicos
686 597 802 661 ducitis
825 598 1045 674 exsecrandos,
1068 598 1165 661 immo
1187 598 1240 682 qui
1264 598 1360 663 vultis
1384 603 1485 667 vobis-

186 696 196 707 '
245 719 300 760 eum
319 701 445 766 medicos
468 704 648 785 aegrotare,
673 723 770 786 quam
794 723 848 764 vos
871 702 1013 786 recipere
1035 700 1218 764 sanitatem.
1247 705 1363 766 Elatia
1377 726 1484 771 manu:

246 797 312 863 Deus
334 808 361 868 te
379 804 569 868 incolumem
592 805 786 880 emadan

175 992 179 1103 1
729 992 911 1096 Epistola
936 993 972 1076 4.
1501 1071 1527 1124 ,⁸
1541 1078 1574 1126 n
1583 1072 1637 1125 sn.

175 1124 179 1217 1
345 1144 470 1215 delasil
494 1163 605 1232 papae
627 1145 670 1212 ad
692 1147 895 1212 Honorium
916 1147 1120 1212 Dalmatiae
1144 1145 1360 1229 episcopum.
1500 1146 1621 1276 ὤζζξ)

175 1236 178 1257 Ι

175 1260 234 1369 μ·
293 1284 330 1335 Ut
344 1289 500 1354 Pelopidarum
516 1288 641 1338 paneam
659 1291 716 1337 olim
735 1295 787 1338 toto
805 1287 866 1337 orbe
883 1288 1056 1351 proscriptam
1074 1289 1100 1335 in
1120 1288 1244 1336 Dolrnalr's
1261 1292 1419 1340 revalescere

777 1390 827 1423 aon
844 1375 921 1422 oinct.

367 1507 646 1573 Dilectissimo
667 1506 790 1585 fratri
813 1505 1024 1590 H‘onori0¹)
1048 1505 1245 1571 Gelasius.
1283 1568 1287 1578 ,

313 1628 338 1691 1.
369 1627 458 1693 Licet
479 1629 567 1692 inter
588 1628 694 1691 varias
716 1630 897 1711 temporum
926 1625 1134 1691 difficultates
1167 1629 1328 1693 continuis
1352 1651 1486 1717 occupa-

236 1717 357 1795 l-iouibn
377 1730 534 1815 implicati
556 1731 611 1794 vix
632 1730 790 1815 respirare
812 1730 990 1813 valeamus,
1021 1750 1078 1813 pro
1107 1731 1191 1794 sedis
1221 1735 1330 1796 tamen
1360 1739 1485 1818 aposto-

233 1815 306 1894 lieae
325 1833 534 1899 moderamine
561 1834 660 1898 totius
688 1833 780 1896 ovilis
810 1832 961 1896 dominici
991 1855 1098 1897 curam
1127 1835 1197 1898 sine
1220 1837 1399 1900 cessatione
1422 1842 1486 1902 tra-

231 1926 354 2023 omas,
376 1958 456 2022 quae
479 1937 574 2001 beato
591 1936 689 2000 Petro
704 1935 880 2001 Salvatoris
903 1936 1002 2019 ipsius
1024 1936 1127 1999 nostri
1150 1957 1227 2001 voce
1251 1936 1400 2023 delegata
1422 1945 1486 2006 est:
1499 1894 1587 2029 *idid

228 2027 264 2091 Et
289 2049 324 2105 tu
349 2062 510 2106 conamus
535 2048 683 2117 confirmo
710 2043 831 2116 fratres
858 2051 941 2111 tuom
980 2042 1012 2102 et
1039 2040 1133 2103 item:
1168 2046 1271 2118 Perre,
1305 2063 1393 2106 amus
1421 2030 1580 2153 1112211θῇ

225 2128 319 2204 pesce
330 2164 392 2208 ores
405 2164 503 2208 meus:
521 2141 722 2207 dissimulare
737 2163 796 2206 nee
812 2162 978 2224 possumus
993 2162 1053 2206 neo
1070 2141 1230 2225 debemus,
1247 2164 1328 2227 quae
1343 2149 1487 2211 nostram
1534 2142 1540 2165 ’
1583 2142 1588 2153 ’

222 2231 463 2311 ⁸llllieitudinem
484 2246 589 2311 forma
611 2244 821 2330 perstringat,
848 2266 918 2308 cum
941 2244 1035 2308 beato
1058 2243 1157 2309 Paulo
1180 2246 1324 2330 apostolo
1347 2250 1486 2315 sentien-
1525 2305 1545 2361 C

221 2331 267 2400 3⁰⁸
291 2352 382 2432 atque
405 2348 565 2414 dicentes:
596 2353 665 2423 (lois
687 2355 869 2429 infirmalur,
893 2360 922 2411 et
944 2368 999 2426 epo
1022 2369 1081 2411 eron
1105 2355 1264 2425 infirmor?
1303 2354 1372 2425 Quis
1398 2374 1486 2419 scun-
1499 2312 1588 2440 indi:

219 2438 383 2530 ‘elizatam
407 2464 514 2532 clepo
535 2473 595 2517 noa
618 2456 716 2516 uror?
752 2449 802 2514 Ita
825 2451 942 2535 quippe
965 2472 1024 2514 nos
1046 2454 1179 2534 repente
1201 2451 1304 2516 tristis
1327 2453 1485 2520 horrenda

217 2541 248 2602 ‘i
271 2551 328 2617 vix
348 2554 507 2620 credibilis
531 2553 672 2619 confecit
699 2553 822 2638 opinio,
857 2557 893 2617 ut
920 2556 1062 2617 mentem
1091 2558 1234 2618 nostram
1265 2556 1485 2642 confunderet,

215 2654 386 2739 namnet,
409 2657 579 2743 affligeret.
623 2655 816 2722 Nuntiatum
839 2656 931 2720 nobis
954 2660 1002 2720 est
1026 2646 1121 2739 enim,
1145 2656 1180 2721 in
1203 2657 1388 2742 regionibus
1412 2659 1487 2725 Dal-

215 2754 388 2823 mstilorum
418 2760 573 2845 quosdam
606 2760 746 2824 recidiva
779 2759 976 2845 Pelagianae
1012 2758 1111 2843 pestis
1144 2759 1267 2825 zizania
1301 2762 1485 2846 seminasse,

214 2846 406 2946 tautumque
427 2862 494 2928 illic
517 2884 626 2928 eorum
648 2863 834 2948 praevalere
852 2861 1095 2945 blasphemiam,
1119 2865 1155 2924 ut
1170 2862 1331 2946 simplices
1347 2885 1488 2949 quosque

215 2963 375 3030 mortiferi
395 2965 513 3030 furoris
535 2965 753 3031 insinuatione
780 2964 953 3048 decipiant.
1000 2962 1060 3026 Est
1082 2962 1210 3047 quidem
1233 2985 1320 3028 error
1343 2964 1411 3048 ipse
1433 2988 1487 3030 ne-

216 3049 323 3130 fuine
341 3070 430 3133 tanto
452 3067 650 3154 perniciosor
671 3068 711 3133 ad
735 3067 985 3150 subripiendum,
1010 3068 1130 3150 quanto
1154 3065 1192 3128 ad
1217 3065 1391 3130 fallendum
1408 3069 1487 3132 veri·
1507 3128 1545 3180 η
1554 3124 1609 3181 ald

218 3156 436 3235 similitudinis
459 3170 563 3236 colore
586 3170 755 3236 versutior:
778 3169 989 3254 *praestante
1006 3167 1143 3256 Domino
1172 3167 1262 3232 adest
1284 3169 1357 3233 fidei
1380 3140 1508 3236 catha-i
1528 3201 1590 3263 ,epp
1613 3170 1617 3179 '

221 3255 310 3333 litae
327 3294 401 3357 pura
422 3273 552 3359 veritas,
582 3273 791 3340 concordibus
814 3273 1034 3337 universorum
1056 3275 1184 3356 patrum
1207 3270 1395 3357 deprompta
1410 3296 1487 3338 sen-

225 3364 379 3463 16111111),
405 3398 488 3462 quae
510 3381 544 3442 et
565 3377 682 3443 subtile
711 3377 796 3441 virus
824 3375 972 3440 funestae
1000 3375 1170 3460 pravitatis
1192 3379 1348 3458 exponat,
1378 3379 1410 3440 et
1432 3375 1489 3440 hu·

231 3482 324 3538 mmo
339 3479 447 3564 generi
469 3479 623 3546 salvando
646 3481 792 3546 conferat
819 3480 857 3544 de
880 3477 1116 3562 Scripturarum
1139 3475 1340 3542 confectione
1361 3478 1489 3544 medici·

235 3584 318 3638 mm.
343 3578 533 3670 Nullatenus
555 3582 656 3669 igitur
677 3584 869 3649 discretione
892 3603 997 3646 rerum
1020 3579 1162 3646 nondum
1178 3579 1377 3644 abundantia
1393 3582 1488 3647 corda

238 3680 400 3766 antona,
424 3684 526 3750 donec
556 3690 588 3749 et
610 3687 770 3751 occultum
793 3684 909 3748 vulnus
932 3688 1088 3768 appareat
1110 3687 1143 3747 et
1164 3681 1300 3747 salvatio
1315 3682 1488 3768 singularis

239 3771 361 3850 eluceat:
381 3787 533 3873 quoniam
556 3788 757 3874 quantalibet
778 3792 848 3851 arte
870 3785 1020 3850 fallaciae
1035 3785 1166 3870 spiritus
1184 3784 1374 3869 perditionis
1389 3807 1489 3852 arme-

239 3874 296 3955 i⁰¹2
318 3892 418 3954 anea
440 3889 549 3976 gladio
572 3889 710 3976 Spiritus
733 3888 921 3976 principalis
944 3894 977 3953 et
999 3888 1160 3974 detegitur
1183 3892 1215 3951 et
1237 3891 1382 3953 necatur.

314 3983 340 4050 2·
379 3990 582 4078 Quapropter
608 4014 666 4079 per
693 3992 898 4057 dilectionem
927 3994 1016 4056 tuam
1051 3993 1181 4055 cunctos
1214 3990 1332 4055 ibidem
1360 3989 1490 4058 Domini
1545 4014 1549 4021 ⁴

236 4085 400 4159 “oerdotoe
421 4094 566 4160 fraterno
589 4116 823 4161 commonemus
846 4093 979 4176 affectu,
1014 4099 1050 4157 ut
1076 4093 1131 4178 qui
1154 4113 1227 4158 curn
1249 4093 1412 4158 erudiente
1435 4110 1490 4158 ros

231 4164 361 4259 Domino
387 4200 501 4262 contra
530 4198 668 4263 novitios
695 4197 848 4284 pugnetis
872 4218 1009 4281 errores,
1044 4195 1121 4260 olim
1149 4195 1392 4280 perversitatem
1421 4198 1491 4259 toto

227 4268 296 4339 ⁰¹¹*
308 4287 495 4364 damnatam
507 4321 567 4364 nee
581 4300 668 4385 ipsos
683 4300 824 4384 recipere
840 4299 984 4363 debeatis
1000 4298 1203 4384 autores3).
1228 4295 1318 4372 Quod
1329 4297 1356 4361 si
1372 4301 1491 4361 temere

227 4381 526 4432 χ-

239 4531 245 4541 ,
281 4468 302 4531 'J'
326 4480 482 4543 Houorium
498 4488 741 4543 huncDalmatiae
754 4487 963 4558 metropolitam
981 4486 1107 4554 adeoque
1120 4484 1312 4540 Salonitanum
1331 4456 1492 4555 episcopum
1579 4526 1586 4538 .

214 4525 295 4626 ’με
316 4562 447 4627 Norisius
464 4572 530 4630 hist.
543 4573 637 4644 Pelag.
651 4573 688 4637 11,
702 4579 733 4627 l'l
752 4575 896 4639 observat,
914 4572 1045 4641 idemque
1063 4570 1180 4625 suadent
1197 4571 1289 4640 prima
1306 4570 1392 4640 ipsius
1409 4569 1492 4639 hujus

212 4625 358 4711 ’ΜΟῙΜ
374 4665 430 4711 nt
447 4659 542 4713 verba.

207 4716 300 4845 ω’)
326 4736 408 4813 vulg.
428 4749 555 4799 sententia
573 4743 618 4811 <0¹
631 4757 751 4815 prompta
763 4747 900 4812 sententia)
918 4758 1039 4813 moxque
1056 4748 1246 4808 dirererr‘ouem,
1264 4740 1394 4796 mendum
1415 4756 1493 4810 aper-

235 4888 315 5038 tri).
328 4909 371 4970 la
386 4914 572 4983 tantumn,
591 4915 666 4986 quoa
683 4915 759 4987 apua
777 4916 811 4970 a
826 4933 860 4970 ce
879 4915 907 4969 n
926 4914 999 4969 nunc
1015 4914 1130 4969 mosum
1147 4914 1300 4985 pronaum:
1319 4908 1493 4977 serenans

316 5012 409 5056 roura
423 5019 530 5059 nourr.
543 5018 658 5056 ronrrr.
677 5005 698 5059 1.
1251 5007 1289 5062 ‘21
