3450 5678
221 317 285 383 344
694 332 721 380 s.
740 330 879 378 GELAsn
904 329 1018 378 riusa

91 465 344 566 arusiensi
364 506 444 571 quos
476 483 537 550 hoc
564 484 634 569 ipso
662 484 771 547 venire
799 505 833 547 se
855 484 1006 568 produnt,
1044 483 1128 570 quod
1160 484 1284 570 primae
1316 486 1386 551 sedi
1420 509 1505 553 sana

222 593 374 674 rectaque
398 586 546 653 suadenti
568 608 681 670 parere
704 586 882 672 refugiunt.
915 586 984 671 Ipsi
1005 590 1082 651 sunt
1104 608 1255 669 canones,
1279 588 1334 673 qui
1356 587 1504 673 appella·

169 685 179 779 ,¹
222 692 327 757 tiones
354 690 455 756 totius
482 688 646 753 Ecclesiae
673 689 713 752 sd
746 688 841 773 hujus
863 688 947 753 sedis
969 710 1104 753 examen
1136 688 1265 754 voluere
1292 688 1426 774 deferri,
1461 690 1505 756 ab

166 784 172 821 ¹
167 796 294 883 ipsa
316 814 390 857 vero
411 813 569 875 nusquam
591 812 721 875 prorsus
744 790 901 875 appellari
923 790 1038 856 debere
1060 792 1248 856 sanxerrmt.
1286 791 1337 857 Ae
1358 814 1420 877 pei·
1440 792 1506 859 hoo

222 897 312 961 illam
333 895 372 959 de
386 897 464 1009 'tota
479 893 625 958 Ecclesia
636 892 826 977 judicares
817 915 919 976 ipsam
941 893 981 957 ad
997 894 1117 959 nullius
1133 884 1310 1008 commeare
1327 893 1504 1009 judicium,

222 1101 307 1166 illius
331 1099 569 1165 constituerunt
590 1119 658 1161 nou
679 1100 825 1180 oportere
847 1097 989 1179 dissolvi,
1019 1097 1109 1181 cujus
1132 1097 1240 1182 potius
1262 1098 1427 1183 sequenda
1449 1098 1505 1167 da·

223 1204 310 1268 oreta
337 1201 543 1265 mandarunt.
587 1198 628 1264 In
655 1197 757 1264 hac
749 1221 820 1283 ipsa
854 1220 950 1263 causa
981 1198 1169 1265 Timotheus
1198 1199 1443 1267 Alexandrinus
1471 1206 1506 1268 et

110 1300 119 1309 ’
222 1303 337 1370 Petrus
366 1302 605 1385 Antiochenus,
634 1299 816 1387 Petrus¹⁹J,
852 1299 986 1383 Paulus,
1021 1299 1188 1366 Johannes
1216 1306 1249 1366 et
1272 1302 1397 1385 ceteri,
1434 1326 1505 1370 nou

222 1406 325 1471 solum
346 1427 444 1487 unua,
478 1404 534 1469 sed
556 1403 663 1487 plures
684 1403 793 1487 utique
822 1410 940 1468 nom'eu
968 1403 1137 1468 sacerdotii
1159 1403 1398 1489 praeferentes,
1432 1406 1505 1473 suls

173 1573 180 1585 ,
222 1508 306 1574 sedis
329 1506 524 1592 apostolicae
546 1509 623 1570 sunt
645 1505 836 1570 auctoritate
857 1505 990 1589 dejectiJ
1014 1506 1104 1590 eujus
1125 1506 1172 1570 rei
1195 1507 1286 1571 testis
1308 1506 1410 1571 etiam
1432 1507 1505 1593 ipse

222 1610 355 1675 docetur
383 1608 532 1691 Aeacius,
563 1607 618 1692 qui
645 1607 882 1691 praeceptionis
909 1606 1004 1691 hujus
1033 1607 1158 1672 exstitit
1185 1614 1363 1675 exsecutor.
1409 1608 1505 1686 Quod

222 1713 333 1797 utique
355 1711 438 1776 sicut
460 1709 799 1794 apostolieaszedem
817 1710 913 1794 juxta
933 1709 1070 1774 formam
1092 1710 1278 1795 synodicam
1298 1711 1417 1778 fecisse
1434 1735 1504 1779 ma·

223 1814 378 1881 niiestum
400 1817 459 1896 est,
483 1813 530 1877 sic
552 1811 714 1878 neminem
736 1812 892 1876 resultare
914 1812 1056 1896 potuisse
1079 1812 1304 1879 certissmum.
1344 1813 1418 1881 Hoc
1441 1814 1504 1902 igi-

223 1921 276 1980 tur
297 1917 391 1981 modo
413 1915 559 1980 recidens
574 1914 609 1978 in
631 1914 827 1979 consortium
841 1914 1066 1978 damnatorum
1089 1916 1138 1979 est
1158 1915 1330 1981 damnatus
1345 1917 1503 2001 Aeacius,

224 2041 286 2104 quo
311 2040 419 2083 eorum
442 2017 690 2100 damnationem,
721 2020 893 2101 autequam
914 2017 1153 2100 praevaricator
1180 2017 1364 2102 exsisteret,
1395 2019 1507 2087 iuerat

225 2123 402 2186 exsecutus.

309 2222 339 2287 6.
384 2220 486 2286 Nobis
514 2221 583 2286 ausi
610 2223 688 2285 sunt
716 2243 874 2287 canonum
902 2221 1009 2287 facere
1037 2222 1234 2288 mentionem
1241 2273 1250 2306 ,
1280 2227 1398 2289 contm
1425 2248 1507 2313 quos

224 2345 351 2409 semper
360 2324 400 2409 ²⁰)
424 2323 663 2406 ambitionibus,
696 2345 822 2408 semper
843 2323 965 2388 illicitis
988 2325 1145 2390 studendo
1171 2325 1233 2390 isse
1265 2330 1505 2395 monstrantis.

225 2425 294 2503 Qua
316 2426 377 2511 ipsi
401 2425 522 2509 synodo
551 2426 600 2489 vel
623 2424 797 2491 secmrdruu
822 2426 910 2509 cujus
937 2427 1050 2511 synodi
1078 2426 1216 2493 formam
1243 2427 1507 2499 Alexandrinum

225 2528 455 2612 Johannem²¹J
472 2527 672 2609 deecclesia,
698 2549 748 2592 cur
741 2527 931 2592 ordinatus
947 2528 1054 2594 iuerat
1039 2529 1282 2614 ttexpuleruu
1267 2530 1305 2595 t?
1326 2529 1392 2606 Qui
1408 2532 1507 2599 nullis

226 2631 330 2695 causis
353 2629 481 2694 evident
467 2628 554 2692 tibus
577 2651 637 2694 nec
652 2634 727 2693 ante
744 2629 951 2727 conv1ncr²²J
975 2653 1035 2695 uec
1052 2635 1170 2745 postea
1192 2654 1382 2717 provocans,
1407 2635 1507 2701 etism

224 2732 403 2817 injudicio
433 2731 629 2814 competenti
656 2732 764 2816 potuit
792 2733 946 2796 accusari.
992 2722 1083 2809 Quod
1117 2734 1142 2797 si
1173 2734 1300 2821 dicunt:
1271 2738 1508 2818 timperutor

226 2842 282 2901 boc
300 2838 393 2917 [θείη
421 2833 518 2897 hoo
508 2855 614 2916 1psum
642 2833 756 2918 quibus
787 2805 973 2916 canonibus,
1002 2835 1118 2920 quibus
1148 2816 1268 2922 regulis
1296 2840 1347 2902 est
1375 2860 1507 2923 praeoe-

226 2938 341 3025 ptum‘?
364 2935 427 3002 Cur
449 2935 524 3000 huie
547 2938 615 2999 tum
637 2957 737 3019 pravo
759 2935 846 3001 iacto
863 2937 1027 3001 consensit
1044 2937 1313 3024 Aeacius-quum
1328 2942 1508 3007 auotoritas

296 3190 538 3261 18)2β(Ι)Ἰ)““ἰ)
557 3202 719 3259 receperant.
758 3190 884 3245 (talasius
907 3191 960 3246 hoc
981 3191 1043 3246 loco
1065 3191 1237 3248 sardicensis
1261 3193 1361 3262 synodi
1385 3213 1509 3255 cauom

228 3285 243 3331 t
262 3279 291 3331 et
309 3282 325 3332 t
342 3277 488 3331 memorat.

299 3365 328 3429 ¹“J
348 3361 375 3414 d'
394 3361 459 3414 hinc
477 3360 596 3414 removit
614 3378 696 3415 voces
714 3366 807 3415 Petrus
820 3366 927 3421 Paulus,
946 3361 1073 3429 quamtis
1091 3361 1228 3417 exsistant
1243 3362 1273 3418 in
1290 3364 1423 3422 omuibus
1439 3384 1507 3423 mss.

227 3448 280 3502 Hic
298 3447 419 3501 maxims
437 3445 574 3515 respicere
592 3444 703 3499 videtur
722 3445 847 3499 Gelasius
864 3445 901 3499 ad
920 3444 1054 3516 Simplicii
1077 3445 1157 3517 epist.
1177 3453 1191 3500 7
1210 3465 1236 3502 u.
1255 3455 1283 3515 2,
1305 3449 1355 3504 ubi
1377 3452 1508 3522 ponh'Iex

227 3532 329 3586 Acacio
347 3530 460 3585 nomina
479 3546 574 3584 eorum
592 3532 731 3594 recenset,
753 3546 822 3598 quos
840 3530 1019 3601 suggestione
1038 3530 1125 3600 ipsius
1142 3530 1237 3587 Aeacii
1253 3531 1283 3587 in
1301 3532 1432 3590 exsilium
1448 3537 1509 3607 psl·

228 3616 325 3672 leudos
334 3614 496 3685 judicabat,
514 3614 588 3669 inter
600 3631 669 3682 quos
680 3617 853 3669 memoratur
865 3614 967 3670 Paulus
978 3615 1104 3685 Ephesiis
1117 3616 1274 3681 ordinatus,
1291 3617 1365 3674 sicut
1376 3620 1407 3675 et
1418 3622 1508 3677 ueteri

227 3702 274 3756 hic
291 3700 429 3756 nominati
446 3700 560 3772 praeter
578 3700 697 3753 alterum
709 3697 836 3765 Petrum,
855 3701 927 3755 hunc
945 3702 1040 3755 autem
1057 3700 1239 3771 intelligimus
1256 3701 1399 3759 Timothei
1409 3704 1509 3761 Aeluri

228 3786 334 3844 socium
352 3804 385 3841 ac
402 3801 604 3851 successorem,
627 3800 710 3852 quem
732 3782 795 3839 ideo
814 3785 913 3840 ceteris
936 3784 1124 3854 adjiciendum
1147 3785 1258 3841 duxerit
1274 3786 1417 3857 Gelasiua,
1439 3790 1510 3861 quis

229 3875 260 3927 st
276 3872 368 3943 ipsum
386 3872 486 3943 postca
504 3869 620 3924 Aeacius
634 3867 768 3940 Simplicii
783 3869 867 3939 jussis
880 3871 1029 3925 obsecutus
1042 3869 1209 3940 ejiciendum
1222 3872 1338 3927 curauit.
1350 3902 1386 3914 -
1396 3874 1509 3933 Deinde

229 3958 262 4011 ῐ·“<Ι
275 3956 296 4010 F
298 3968 316 3992 ¹¹¹
329 3956 362 4009 V¹
378 3960 406 4011 ²³
425 3976 485 4026 quo,
505 3954 553 4008 ulii
571 3960 613 4022 qui
631 3976 715 4008 corum
734 3960 924 4011 dissertationem.
1143 3962 1151 3976 ‘

295 4045 328 4111 ²⁰)
346 4041 421 4096 Editi
444 4060 545 4108 semper·
567 4043 742 4095 ambitionibus
765 4045 859 4095 illicitis
879 4045 973 4107 fecisse
996 4040 1082 4103 tD²tl¹
1097 4041 1128 4094 <1²
1151 4046 1299 4109 tetendisse)
1321 4056 1510 4103 monstrantur.

228 4129 264 4182 Dl
277 4127 311 4181 ΙΝ
324 4126 365 4181 F'*
378 4127 416 4180 Nl
434 4143 496 4179 cum
515 4132 531 4178 5
548 4124 664 4179 vet-ustis
682 4143 745 4179 mss.
759 4146 859 4194 seraper
871 4130 1045 4180 ‹rinbltioaitus
1056 4146 1156 4195 semper·
1173 4138 1283 4198 (semper
1301 4128 1382 4185 deest
1399 4130 1429 4187 in
1441 4134 1462 4201 β
1473 4134 1511 4189 0²

230 4214 278 4267 Nil
290 4218 385 4268 iltis-itis
404 4217 507 4266 tenendi
524 4230 579 4265 esse
597 4223 777 4265 rueme-untur.
806 4212 839 4263 Ψ
854 4214 984 4281 corrupte
995 4231 1096 4280 seraper
1108 4217 1279 4269 illicistiuendi
1294 4216 1328 4282 (s)
1342 4215 1382 4277 e‘e,
1395 4216 1430 4271 ΟΙ
1443 4236 1511 4273 sen-

227 4317 276 4367 per
293 4302 396 4351 inlicitis
414 4301 518 4351 tenendi
528 4317 591 4350 csse.
624 4297 667 4349 0¹¹
688 4316 788 4365 semper·
806 4300 980 4351 stertitionibus
992 4317 1093 4367 seorper
1111 4303 1204 4353 illicitis
1221 4302 1346 4354 studendo
1363 4319 1424 4356 esse
1436 4322 1507 4359 nos·

228 4394 352 4437 couritur.
396 4380 485 4444 Quam
508 4380 656 4435 lectionem
678 4381 770 4451 prima
792 4383 901 4435 tantum
924 4382 1002 4435 vorbi
1026 4402 1081 4437 esse
1100 4384 1209 4438 mutata
1230 4381 1326 4439 littera
1348 4384 1511 4443 oemmmus

229 4466 415 4522 sinceriorem.
453 4464 598 4531 Quomodo
617 4467 690 4521 enim
709 4466 836 4522 Gelasius
853 4466 933 4521 initio
951 4484 1026 4521 num.
1046 4473 1062 4523 t
1080 4466 1163 4522 dixit:
1188 4472 1258 4524 sota
1276 4482 1410 4539 opponant
1426 4492 1509 4529 em-

230 4572 281 4617 ses,
302 4561 393 4606 contra
411 4570 474 4622 quos
490 4555 560 4605 boc
550 4571 606 4619 ipso
619 4559 704 4606 uenire
716 4572 744 4607 se
754 4558 880 4621 produnt,
900 4552 940 4606 isa
957 4570 1031 4607 nunc
1047 4552 1122 4608 idem
1140 4552 1245 4623 repetit
1260 4553 1304 4609 his
1321 4553 1386 4611 aiii!
1398 4556 1509 4613 verbis:

229 4647 320 4692 conas
339 4656 401 4706 quos
419 4643 469 4692 isse
487 4647 666 4692 ssonstrantur

303 4724 322 4757 ¹¹
327 4719 408 4788 >Qui
419 4721 519 4793 Talnja
536 4721 747 4791 cognominatus
766 4724 820 4788 est,
838 4722 886 4790 qui
905 4721 1046 4791 videlicet,
1065 4678 1234 4780 Alexandria
1245 4726 1392 4797 expulsus,
1409 4727 1509 4785 sedem

232 4805 416 4877 apostolicam
435 4807 577 4878 appelavit
595 4824 628 4861 ao
645 4806 730 4862 iclici
749 4807 873 4863 libellum
891 4807 1023 4864 adversus
1041 4810 1173 4865 Acacium
1191 4809 1301 4866 obtulit

299 4894 331 4960 ²¹)
350 4890 383 4946 0¹
399 4891 434 4947 0¹
447 4894 471 4948 οΙ
490 4905 624 4947 conuentus
643 4912 689 4946 nec
704 4904 797 4961 postea
813 4905 974 4962 provocatas.
1045 4956 1057 4973 ‘
