3450 5678
149 118 212 183 342
627 125 812 175 sennaser
836 122 951 171 naeus

33 306 136 365 anes.)
149 288 252 352 solum
279 285 411 350 minime
439 303 557 367 nomen
584 281 653 364 ejus
680 279 844 363 attigerit,
874 278 929 342 sed
951 277 1084 361 insuper
1108 275 1238 360 quando
1263 274 1462 363 principia-

151 390 285 473 adeptus
308 387 416 471 regiae
438 383 608 469 potestatis
632 381 815 465 exremis),
838 380 874 444 in
896 380 965 463 ejus
980 400 1015 443 se
1029 379 1195 463 rescripsit
1211 380 1342 464 imperii
1358 400 1431 464 pro·

150 492 293 557 motione
325 488 479 573 gaudere,
514 490 548 549 et
575 506 636 569 ego
669 484 757 547 inulla
787 483 887 567 ipsius
911 504 1052 566 unquam
1080 482 1202 567 scripta
1231 482 1430 567 percipiens,

151 592 336 658 honorificis
362 612 444 670 eum,
475 591 510 652 ut
531 588 650 667 nostis,
679 586 797 650 litteris
825 586 966 649 salutare
989 584 1191 649 curaverim?
1234 584 1431 650 Decessoros

151 696 214 760 mei
237 692 428 774 sacerdotes,
457 690 511 775 qui
527 689 837 773 praevaricatoribus
860 710 894 751 se
917 686 1169 752 communicasse
1196 686 1329 771 propria
1353 708 1431 753 voee

153 796 289 863 confessi
313 797 400 876 sunt,
424 814 443 855 a
466 791 690 857 communione
712 789 889 874 apostolica
911 788 1150 853 submoverunt.
1188 788 1257 873 Sil)
1280 788 1338 853 isti
1363 790 1432 874 pla-

153 902 205 963 cet
225 920 260 962 se
281 897 416 983 miscere
438 893 611 975 damnatis,
636 892 729 957 nobis
753 914 817 956 non
840 894 948 976 potest
969 891 1137 974 imputari,
1165 890 1193 955 si
1217 890 1259 954 ab
1281 891 1329 956 eis
1351 891 1433 957 velit

153 999 334 1079 abscedere,
357 1000 450 1061 tanto
471 996 576 1081 magis
599 994 728 1059 anobis
751 1016 816 1058 non
832 997 939 1078 potest-
954 1015 1022 1056 esse
1045 993 1226 1073 damnatus,
1249 992 1307 1057 ssd
1321 994 1434 1079 potius

154 1103 193 1167 ad
216 1101 356 1187 gratiam
379 1099 523 1163 sincerae
547 1097 778 1161 communionis
802 1096 968 1160 admissus.
1015 1095 1066 1158 Ad
1088 1096 1237 1159 senatum
1258 1116 1336 1159 vero
1360 1116 1434 1181 per·

153 1205 237 1269 tinet
258 1202 455 1282 Romanum,
485 1204 521 1263 ut
543 1220 664 1263 memor
685 1199 777 1281 fidei,
806 1220 902 1283 quam
930 1196 1159 1281 aparentibus
1188 1218 1221 1262 se
1249 1198 1436 1282 srrseepisse

132 1280 302 1372 'meminit
309 1356 317 1387 ,
347 1302 499 1387 contagia
527 1302 608 1365 vitet
636 1301 868 1365 communionis
897 1305 1060 1381 catenias,
1089 1321 1131 1364 ne
1158 1322 1178 1363 a
1205 1300 1436 1367 communione

155 1407 250 1493 hujus
272 1406 355 1471 sedis
378 1403 583 1489 apostolicae,
607 1403 689 1487 quod
714 1404 808 1483 absit,
832 1402 983 1466 reddatur
1006 1406 1167 1467 externus.

239 1510 270 1573 3.
316 1506 453 1571 Veniam
476 1506 538 1570 sibi
560 1506 629 1568 dari
652 1505 802 1573 debere⁷l
825 1508 1019 1588 proponunt.
1058 1504 1210 1589 legatur,
1234 1526 1273 1569 ex
1295 1528 1363 1590 qno
1386 1512 1439 1571 est

156 1612 269 1696 religio
292 1609 487 1691 Christiana,
512 1607 561 1672 vel
585 1612 671 1671 cert-e
694 1607 787 1670 detru·
810 1606 1001 1690 exernplurn,
1026 1607 1060 1670 in
1083 1606 1229 1672 Ecclesia
1245 1605 1306 1671 Dei
1328 1630 1350 1671 a
1366 1607 1438 1693 qui·

157 1713 296 1777 buslibet
317 1710 539 1795 pontificibus,
568 1710 611 1773 ab
638 1710 716 1794 ipsis
740 1709 904 1791 epistolia,
934 1708 975 1771 ab
1002 1708 1072 1792 ipso
1100 1709 1237 1795 denique
1264 1709 1440 1779 Salvatore

158 1806 284 1878 veniam
306 1812 368 1875 nisi
393 1812 662 1896 corrigentibue‘)
686 1812 784 1875 fuisso
816 1832 1010 1875 concessam.
1055 1811 1210 1875 Auditum
1237 1818 1347 1878 autem
1377 1814 1440 1879 snb

158 1918 220 1979 isto
243 1914 331 1978 coelo
354 1934 413 2008 nee
437 1914 554 1999 legitur
576 1914 708 1978 omnino
731 1936 789 1978 nec
813 1913 940 1994 dieitau,
970 1913 1055 1997 quod
1076 1934 1186 1977 eorum
1214 1935 1292 1978 voce
1320 1916 1440 2003 (lepre

158 2017 271 2082 mitur:
294 2020 372 2080 Date
394 2022 480 2081 nobis
502 2024 629 2095 verrium,
656 2029 801 2081 attamen
824 2038 878 2080 rios
893 2023 923 2079 r'a
946 2036 1052 2079 errore
1074 2021 1225 2081 damnus.
1249 2015 1287 2081 ld
1308 2038 1441 2105 quoque

158 2118 306 2204 peruml)
330 2122 389 2183 est.
421 2116 613 2200 Ostendant,
638 2118 690 2202 qui
714 2118 807 2181 nobis
832 2138 971 2181 canones
994 2116 1143 2181 nituntur
1165 2138 1344 2203 opponere:
1368 2122 1441 2207 qui-

162 2223 221 2285 bus
244 2218 304 2284 hoc
327 2221 514 2302 canonibus,
539 2221 654 2304 quibus
677 2221 807 2305 regalia,
837 2243 901 2304 qna
922 2219 1071 2302 lectione,
1100 2240 1201 2303 quove
1230 2220 1440 2305 documento,

159 2324 226 2387 sive
249 2344 268 2385 a
289 2321 466 2404 majoribus
488 2322 618 2403 nostrie,
648 2322 715 2385 sive
745 2323 785 2385 ab
808 2322 887 2406 ipsis
910 2319 1073 2406 apostolia,
1102 2342 1181 2406 quos
1202 2321 1345 2407 potiores
1373 2346 1441 2389 me-

162 2426 225 2489 rito
247 2424 346 2488 fuisse
368 2444 435 2487 non
457 2422 589 2487 dubium
612 2428 670 2506 est,
695 2446 750 2486 seu
773 2424 814 2487 ab
837 2425 906 2508 ipso
923 2422 1062 2487 Domino
1077 2422 1253 2505 Salvatore,
1276 2425 1330 2509 qui
1351 2426 1442 2511 judi-

161 2530 289 2591 caturus
318 2525 459 2589 ereditur
490 2526 581 2589 vivos
615 2531 646 2590 et
680 2530 832 2608 mortuos,
862 2526 928 2590 sive
961 2525 1083 2588 factum
1116 2526 1166 2589 est
1196 2546 1352 2611 unquam,
1388 2529 1442 2595 vel

159 2627 343 2693 faciendum
366 2647 434 2692 esse
457 2626 637 2692 mandatur.
683 2628 827 2692 Mortuos
849 2628 1020 2691 suscitasse
1042 2627 1179 2713 legimus
1202 2626 1381 2713 Christum,
1404 2632 1443 2697 in

161 2752 267 2795 errore
289 2734 430 2794 mortuos
454 2730 625 2794 absolvisse
649 2752 714 2795 non
736 2731 883 2815 legimus.
919 2728 962 2793 Et
984 2729 1038 2814 qui
1062 2730 1196 2815 certon)
1218 2730 1280 2796 hoc
1293 2730 1442 2799 faciendi

162 2831 247 2895 solus
269 2830 382 2895 habuit
405 2836 608 2915 potestatem,
638 2833 732 2896 beato
755 2831 850 2896 Petro
877 2831 1098 2917 principaliter
1120 2832 1253 2897 mandat
1274 2834 1442 2919 apostolo:

21 2932 149 3019 ,natan
166 2938 247 3011 (luae
268 2939 414 3012 reposera·
435 2958 528 3015 supter
550 2948 674 3011 terram,
698 2942 798 3013 liques
820 2948 911 2999 erun!
932 2946 961 2997 e!
983 2941 1012 2997 r'a
1035 2940 1141 3016 coelis,
1163 2948 1194 2999 e!
1215 2956 1294 3015 qaue
1313 2942 1445 3003 solemn

57 3008 256 3116 16’ωἐιιρθν
277 3048 402 3113 terrum,
425 3044 524 3102 selectu
546 3050 634 3101 erum
656 3048 685 3100 e!
706 3044 735 3100 r'a
759 3044 851 3101 coelo.
890 3040 1136 3117 superterram,
1160 3036 1281 3121 inquit,
1304 3058 1384 3103 nam
1406 3038 1443 3105 in

164 3138 224 3201 hae
252 3137 410 3223 ligatione
438 3139 625 3203 defunctum
654 3160 811 3222 nusquam
846 3138 928 3204 dixit
952 3138 1084 3204 absolvi.
1129 3138 1220 3214 Quod
1248 3160 1326 3225 ergo
1354 3162 1440 3206 nun-

164 3262 259 3323 quam
282 3239 405 3302 facturn
428 3246 487 3321 est,
511 3240 561 3303 vel
585 3244 693 3304 mente
716 3241 884 3325 concipere
911 3241 1135 3323 lormidamus,
1163 3240 1303 3305 seientes
1328 3240 1366 3307 in
1393 3242 1443 3307 (li-

166 3492 230 3547 rint.
261 3494 323 3563 lpse
341 3493 436 3563 potius
454 3492 617 3547 Anastasius
635 3512 665 3547 se
683 3495 829 3549 damnasse
848 3495 980 3550 dicendus
997 3498 1048 3560 est,
1066 3498 1204 3565 quatenns
1216 3496 1443 3555 communionem

167 3578 329 3633 &maetam
351 3578 504 3633 catholicae
527 3580 713 3633 communioni
735 3580 881 3649 praetulit,
905 3597 957 3635 nec.
979 3580 1014 3635 ab
1037 3580 1086 3635 ills
1107 3580 1170 3635 ullis
1191 3579 1306 3635 monitis
1329 3580 1445 3639 mauri

167 3662 346 3719 observantis
367 3662 456 3732 plenis
479 3663 613 3717 deterreri
637 3664 731 3718 ualuit.
768 3664 903 3719 Eamdem
925 3664 1092 3719 calumniam
1109 3666 1140 3720 et
1162 3664 1296 3721 advenas
1313 3664 1444 3737 Sym}-

168 3747 262 3816 clrmn,
289 3750 322 3802 ut
342 3748 371 3801 in
394 3748 509 3819 epistola
535 3748 594 3813 agina
621 3756 654 3802 10
676 3767 701 3802 n.
725 3758 754 3802 lu
782 3749 866 3803 visuri
893 3768 1030 3813 summus,
1062 3749 1138 3805 idem
1159 3749 1316 3821 imperator
1336 3750 1445 3809 habn-

167 3831 248 3887 ravit.

235 3920 257 3983 ι)
275 3918 319 3972 lta
334 3918 369 3973 D¹
383 3918 419 3973 1)δ
432 3918 467 3972 D'
480 3918 515 3972 D·
528 3918 562 3971 Ι1111
575 3918 615 3972 Γ1η
629 3919 656 3972 d·
671 3920 713 3985 (1²3
737 3920 783 3975 alii
803 3920 870 3974 editi
888 3938 950 3975 carm
968 3920 1004 3973 I)²
1016 3920 1053 3973 D‘
1065 3924 1099 3974 0¹
1113 3920 1148 3973 0¹
1164 3930 1289 3977 caereale.
1319 3920 1447 3994 Moxque

169 4002 196 4056 d'
217 4002 321 4059 delevit
337 4010 444 4072 imperii.

236 4092 258 4153 ⁸)
276 4088 311 4143 Ο*
330 4092 360 4141 Sr'
376 4094 446 4149 taeta·
464 4089 491 4142 d'
511 4090 539 4143 in
558 4107 646 4159 marg.
666 4098 689 4143 n·
707 4098 750 4143 r'eu.
786 4090 929 4145 Vocabulo
948 4096 991 4145 r‘atr'
1007 4090 1206 4161 intelligendus
1223 4094 1253 4145 et
1274 4092 1444 4165 impcntcr.

235 4176 258 4241 ἵ)
275 4172 400 4228 Verbum
417 4178 522 4235 debere,
545 4175 573 4228 iu
592 4192 626 4229 cc
646 4176 790 4239 onaissuni,
812 4176 959 4229 revocatur
977 4192 1010 4229 ex
1028 4193 1092 4230 mss.
1127 4176 1172 4231 Ab
1189 4176 1364 4247 imperatore
1382 4196 1446 4237 cos·

169 4260 234 4328 ptus
251 4274 342 4313 sermo
360 4275 432 4312 nuno
450 4258 487 4313 ad
504 4264 612 4314 ceteros
630 4260 824 4315 ‹lanrrurtorum
842 4260 1028 4315 communioni
1047 4260 1174 4315 addictos
1192 4262 1375 4319 convertitur.

238 4346 259 4411 θ)
277 4342 322 4397 Sic
340 4360 405 4397 mss.
441 4346 478 4397 At
495 4345 594 4398 vocula
611 4365 639 4398 re
656 4344 702 4398 hic.
720 4344 832 4399 additur
849 4344 877 4397 in
895 4345 1029 4415 vulgatis.
1052 4346 1100 4415 qui
1117 4348 1214 4402 tamen
1231 4345 1305 4401 idem
1325 4348 1445 4406 verbnm

170 4427 229 4482 sine
246 4447 275 4481 se
292 4427 366 4483 infra
383 4445 457 4482 num.
478 4435 506 4481 11
527 4434 558 4483 ut
576 4448 639 4483 msa.
660 4430 798 4484 exhibent.

238 4518 260 4581 θ)
278 4515 304 4567 a'
316 4512 371 4567 bc⁷
381 4516 406 4567 c⁹
416 4516 454 4567 ο10
464 4522 567 4582 μανῦον
578 4522 713 4569 ostendunt
726 4514 803 4569 etad
815 4532 905 4585 marg.
917 4536 968 4584 por
980 4528 1018 4571 ere
1030 4523 1167 4572 ostenderat
1179 4520 1210 4572 et
1219 4532 1285 4571 mox
1296 4524 1350 4573 etse
1360 4526 1448 4589 ιιψ·

171 4600 251 4651 ritu.
268 4596 334 4651 Mus.
347 4597 373 4652 Ῑ)
385 4598 419 4653 F*
432 4598 472 4651 ΡΜ
484 4598 522 4653 Nl
533 4598 556 4653 Ο
570 4600 603 4651 V'
618 4600 645 4653 d'
660 4601 690 4654 d¹
702 4622 792 4669 perenn
804 4612 850 4654 erl.
870 4604 1019 4668 Ostendam,
1032 4601 1076 4656 θ’Ι
1089 4600 1126 4655 X'
1138 4604 1167 4657 δ’
1177 4622 1230 4671 ραν
1242 4614 1282 4659 est
1294 4610 1445 4661 edm.

241 4682 273 4731 ¹⁰¹»
290 4682 356 4737 Mes.
374 4682 397 4737 Ο
416 4694 522 4739 cereum.
542 4700 660 4751 aaronque
679 4684 724 4738 n¹¹
742 4692 807 4740 sciri
822 4701 874 4755 pro
892 4688 994 4741 absolui.
