3450 5678
254 268 316 334 114
581 281 717 330 uourra
739 280 893 328 reanum
916 281 953 327 m
975 279 1183 330 moeursnau

253 447 332 502 etiam
348 461 420 501 nuuc
435 452 541 500 exstare
556 443 725 507 arbitramur,
748 459 863 517 namque
879 458 947 516 quae
963 459 1044 516 snpra
1059 450 1101 497 est
1116 442 1196 516 epist.
1214 440 1263 505 78,
1287 440 1349 497 licet
1364 439 1446 497 simul
1464 442 1528 498 mis·

252 550 297 588 sac
312 530 410 587 Justini
425 531 530 587 litterae
545 514 653 586 minime
669 529 701 584 ad
716 546 766 585 nos
782 529 964 602 pervenerint.
992 527 1102 583 belnum
1117 527 1297 584 lastinianum
1305 524 1449 602 Eulogium
1464 543 1528 583 cum

252 618 350 674 litteris
366 617 493 673 adversus
509 616 622 690 Scythas
645 617 685 671 riu
701 614 851 677 dimiserat,
874 630 958 688 quum
979 621 1081 669 mutato
1103 613 1192 669 animo
1211 613 1240 669 in
1255 610 1413 668 eorumdem
1435 628 1529 669 mona·

146 757 151 768 ,
252 704 365 759 chorum
381 704 492 777 gratiam
509 702 616 775 scripsit
632 700 700 756 lianc
716 700 865 774 epistolam,
891 715 970 774 quam
985 716 1035 774 per
1049 698 1234 773 Proemptoris
1249 695 1335 754 lilium
1349 698 1431 761 misit,
1454 706 1530 755 tanta

253 789 360 863 quidem
376 790 460 862 ipsius
477 788 602 862 opinione
619 802 729 841 usurum
746 785 894 860 diligentia,
917 791 947 840 ut
962 786 1041 841 etiarn
1057 783 1201 858 Eulogium
1218 784 1337 859 legatum
1354 782 1387 839 ab
1402 800 1436 839 eo
1452 791 1530 839 ante·

253 874 414 931 veniendum
429 881 531 948 speret.
562 871 633 928 llaec
647 871 740 927 eadem
755 870 865 927 iudicari
881 869 989 927 ridetur
1005 871 1084 944 epist.
1098 869 1157 928 103
1173 886 1201 926 n.
1214 868 1244 927 3.

324 999 330 1008 '
427 1006 466 1068 In
486 1003 671 1066 Hormisdou
691 1020 792 1083 papae
815 1004 963 1082 epistolae
985 1001 1125 1065 so-ee
1148 998 1249 1085 (,,Ἰια“
1264 999 1344 1086 etc).
1403 1074 1407 1087 ¹

111 1140 164 1209 [at
179 1137 242 1205 Eril
343 1131 370 1186 1.
401 1128 440 1184 db
455 1128 571 1203 Eulogio
587 1129 761 1203 magistriano
773 1126 1036 1202 Constantinopolim
1052 1134 1189 1183 remeante
1204 1143 1297 1183 omrres
1312 1127 1380 1183 istae
1395 1127 1531 1203 epistolae

188 1210 191 1215 ’
256 1215 374 1291 perlatae
389 1214 537 1271 credendae
553 1222 625 1269 sunt.
657 1211 734 1281 Ouod
751 1212 859 1287 quidem
880 1213 1003 1287 epistolis
1019 1213 1056 1271 91
1075 1220 1103 1268 et
1118 1211 1157 1270 92
1179 1212 1286 1269 disertis
1302 1211 1390 1269 vorbis
1406 1212 1530 1273 effertur,

254 1301 298 1357 nlri
314 1300 394 1356 simul
410 1300 447 1372 (in
463 1318 506 1374 cp.
517 1296 568 1372 92)
591 1307 708 1373 quatuor
729 1298 926 1373 subsequentes
948 1298 1040 1355 eadem
1060 1299 1201 1354 occasione
1221 1294 1298 1354 datae
1318 1299 1529 1357 annuntiantur.

253 1385 371 1461 Epistola
387 1385 428 1443 90
452 1394 540 1442 autem
562 1401 645 1458 quum
666 1401 721 1441 uon
742 1384 775 1440 ad
796 1386 944 1459 proximam
961 1383 1103 1459 epistolam
1119 1383 1158 1442 89
1181 1383 1228 1440 sed
1249 1382 1281 1439 ad
1302 1387 1472 1459 superiorem
1489 1384 1531 1442 to

252 1489 319 1547 quae
335 1488 384 1546 per
398 1470 543 1546 Eulogium
559 1471 762 1545 magistrianum
777 1470 880 1544 perlata
896 1469 992 1532 irrorat,
1007 1469 1180 1531 rescribatur,
1196 1468 1308 1525 dubium
1322 1486 1378 1526 non
1393 1478 1445 1532 est,
1463 1471 1531 1545 quin
1549 1502 1562 1526 t

251 1575 300 1632 per
315 1556 438 1614 eumdem
453 1556 598 1631 Eulogium
614 1555 697 1611 relata
711 1557 756 1611 sit.
793 1555 896 1611 iteratis
913 1557 982 1612 cnim
1004 1553 1128 1629 precibus
1150 1557 1177 1611 in
1198 1554 1334 1629 praedicta
1354 1554 1473 1631 epistola
1489 1554 1532 1614 te

252 1645 364 1717 petierat
379 1643 561 1704 lastinianus,
579 1648 609 1696 ιιι
624 1658 673 1716 per
688 1657 749 1697 eum
765 1643 867 1716 ipsum,
891 1657 972 1715 quem
988 1642 1110 1704 miserat,
1128 1639 1179 1697 sibi
1196 1639 1338 1698 llormisda
1353 1639 1531 1699 rescriberet.

251 1730 310 1797 Ouo
326 1730 416 1804 posito
433 1728 483 1785 alia
498 1744 531 1783 ex
545 1735 622 1802 parte
637 1728 770 1801 sequitur,
788 1735 818 1783 ut
832 1725 964 1802 epistolae
979 1735 1094 1791 ceterae,
1117 1743 1184 1802 quas
1199 1724 1331 1802 Eulogius
1354 1735 1412 1783 tum
1432 1736 1533 1802 pertu-

252 1815 314 1872 lisse
330 1814 508 1889 dignoscitur,
530 1813 631 1887 pariter
652 1811 670 1867 1
679 1812 863 1870 Vd'nteadas
885 1812 1062 1885 Septembris
1081 1811 1282 1887 consignandae
1302 1813 1366 1868 siut.
1400 1812 1533 1871 lantum

251 1899 406 1961 cavendum,
424 1916 457 1955 ne
473 1914 555 1972 quum
571 1898 641 1953 idem
657 1895 789 1972 Eulogius
805 1899 912 1960 iterum,
935 1901 973 1955 uti
990 1897 1104 1973 epistola
1121 1897 1160 1955 99
1177 1895 1257 1953 fidem
1272 1897 1360 1962 laciet,
1381 1900 1408 1954 in
1423 1897 1533 1955 ltaliam

251 1986 358 2060 legatus
380 1984 476 2046 luerit,
504 1984 603 2058 ‹lurpleu
623 1983 666 2038 illa
688 1983 789 2058 legatio
810 1983 1000 2041 contundatur.
1046 1983 1187 2039 Praeterea
1208 1982 1337 2045 observo,
1368 1982 1534 2041 Oioseorum

252 2071 366 2145 epistola
378 2070 417 2127 98
436 2071 480 2126 uni
496 2068 670 2144 epistolarum
686 2085 785 2132 earum,
809 2086 876 2144 quae
891 2068 1007 2145 Eulogio
1024 2087 1038 2124 a
1053 2069 1138 2143 prima
1154 2069 1291 2144 legatione
1306 2071 1455 2127 revertenti
1471 2086 1535 2127 cre·

252 2156 323 2233 ditae
338 2156 453 2218 luerent,
470 2154 709 2212 IdibnsOctobn's
724 2155 879 2218 rescribere,
897 2155 1018 2230 adeoque
1034 2171 1127 2211 omncs
1143 2154 1203 2210 illas
1219 2155 1323 2211 litteras
1335 2162 1397 2211 aute
1409 2155 1534 2213 medium

253 2240 396 2298 Octobrem
412 2242 495 2298 luisse
511 2240 639 2298 redditas.

337 2326 367 2384 2.
395 2326 516 2402 Epistola
528 2327 566 2385 91
584 2325 732 2400 respondet
744 2325 884 2383 llormisda
900 2326 931 2382 ad
944 2343 983 2388 ca,
999 2343 1068 2401 quae
1079 2326 1246 2383 Justiuiauus
1259 2328 1339 2401 epist.
1345 2325 1386 2384 89
1399 2328 1533 2401 petierat.

252 2414 306 2470 Nec
321 2415 411 2469 mirari
426 2411 506 2469 debet
522 2414 673 2487 quisquam,
691 2410 763 2485 quod
780 2411 898 2486 prudens
915 2412 961 2469 ille
976 2429 1044 2486 papa
1059 2412 1138 2468 simul
1156 2411 1188 2468 ad
1205 2411 1329 2468 eumdem
1344 2412 1534 2491 lastinianum

253 2516 302 2574 per
316 2498 439 2555 eumdem
455 2497 599 2574 Eulogium
615 2498 681 2552 duas
703 2497 831 2571 epistolas
853 2499 955 2560 mittat,
983 2515 1066 2572 quum
1088 2499 1193 2571 etipse
1213 2499 1289 2572 prius
1310 2496 1343 2554 ab
1363 2497 1412 2554 illo
1426 2500 1535 2557 comite

253 2585 328 2647 «luas,
350 2593 377 2640 ct
398 2601 442 2641 eas
465 2583 573 2658 quidem
594 2584 729 2639 contraria
750 2582 917 2657 flagitantes,
940 2584 1097 2657 accepisset.
1117 2614 1153 2623 -
1171 2582 1290 2658 lienique
1305 2582 1421 2658 epistola
1437 2582 1479 2641 92
1501 2594 1534 2642 et

253 2679 369 2745 quatuor
385 2669 582 2743 subsequentes
598 2670 625 2724 iu
641 2685 670 2724 ea
687 2666 842 2742 designatae
858 2670 885 2724 in
901 2671 1013 2744 gratiam
1030 2667 1109 2730 Eliac,
1134 2668 1253 2725 Tlromae
1268 2677 1296 2725 ct
1311 2667 1457 2735 Nicostrati
1473 2671 1535 2745 epi·

253 2772 398 2831 scoporum
414 2755 532 2812 directae
547 2762 620 2810 sunl.
657 2752 730 2821 Ouos
748 2756 886 2811 Anastasio
909 2755 1056 2829 imperante
1077 2771 1092 2809 e
1107 2752 1216 2810 sedibus
1233 2756 1290 2810 suis
1307 2754 1390 2812 luisse
1405 2754 1533 2827 dejectos

254 2850 281 2898 et
296 2842 362 2897 alios
377 2842 404 2897 iu
420 2858 513 2897 eorum
536 2841 624 2897 locum
646 2839 782 2902 salicetus,
804 2857 836 2895 ex
857 2839 973 2914 epistola
989 2840 1028 2897 95
1050 2840 1175 2896 insertur.
1215 2836 1299 2897 Eliam
1314 2840 1533 2899 Caesarienslum

254 2929 411 3002 episcopum
428 2926 509 2982 luisse
524 2926 690 2982 lastinianus
706 2925 774 2981 inira
790 2927 868 3000 epist.
880 2924 939 2982 114
955 2925 1063 2981 indicat.
1096 2925 1153 2982 lloc
1168 2934 1257 2983 antem
1269 2925 1400 2983 baronius
1414 2925 1451 2984 de
1463 2925 1532 2985 Cae·

254 3030 329 3070 sarea
344 3011 526 3087 Cappadociae
542 3013 737 3086 interpretatus
754 3019 804 3067 cst.
836 3011 869 3066 dt
884 3012 907 3067 si
923 3013 981 3086 ipse
1002 3018 1044 3067 est
1060 3010 1128 3066 Elias
1145 3011 1287 3069 Caesareae
1303 3012 1458 3087 episcopus.
1482 3012 1541 3093 qui,

254 3116 324 3154 anno
341 3097 402 3157 536
423 3097 650 3172 ierosolymitano
672 3097 787 3154 coneilio
803 3097 938 3154 secundus
954 3094 1106 3160 subscribit,
1124 3114 1178 3154 non
1194 3095 1337 3154 Caesareae
1345 3096 1532 3172 Cappadociae

254 3184 302 3240 sed
310 3183 452 3240 Caesareae
459 3183 622 3240 Palaestinae
640 3183 783 3257 episcopus
796 3181 925 3240 dicendus
941 3191 992 3238 est.
1017 3180 1107 3239 Eidem
1122 3182 1238 3239 concillo
1253 3181 1399 3240 subscribit
1414 3183 1532 3241 etlllco·

255 3278 356 3326 stratus
363 3269 461 3331 Abilae,
478 3286 546 3344 quae
561 3271 662 3345 pariter
674 3267 838 3325 Palaestinae
853 3270 944 3325 civitas
961 3276 1011 3330 est,
1028 3269 1182 3342 episcopus.
1205 3266 1232 3324 Si
1245 3285 1309 3325 vero
1321 3270 1345 3325 is
1357 3268 1531 3327 Nicostratus

256 3354 367 3418 Eliasvc,
383 3353 520 3430 praedicto
537 3355 652 3412 concilio
667 3353 821 3428 subscripti,
838 3353 870 3409 ab
885 3355 917 3409 iis
933 3356 979 3428 qui
990 3355 1017 3409 iu
1031 3353 1071 3411 bis
1085 3353 1207 3428 epistolis
1220 3363 1405 3412 memorantur
1417 3372 1474 3414 non
1484 3355 1530 3413 alli

255 3449 328 3505 suut,
345 3456 453 3515 operam
469 3457 548 3515 quam
563 3457 613 3515 pro
629 3456 723 3496 eorum
739 3439 913 3496 restitutione
925 3437 1194 3496 adlribuitllormisda
1207 3456 1260 3497 non
1274 3441 1385 3498 omuino
1399 3440 1528 3516 perdidit.

420 3558 458 3619 In
479 3554 664 3618 Hormisdee
686 3572 788 3633 papae
810 3554 975 3632 epistolam
996 3554 1037 3616 99
1061 3551 1134 3634 (‚,tlt
1147 3554 1361 3639 menesatem).

340 3679 416 3736 Nunc
437 3678 559 3736 rescribit
579 3678 747 3734 iustinianus
771 3676 928 3734 llormisdac
949 3678 1072 3753 epistolis
1089 3679 1130 3738 90
1150 3688 1177 3736 ct
1193 3680 1248 3744 91,
1280 3684 1349 3755 quae
1370 3678 1488 3755 Euloglo
1514 3697 1529 3737 a

256 3768 339 3841 prirua
354 3766 491 3841 legatione
507 3765 671 3840 regredienti
687 3764 730 3821 die
747 3763 764 3820 2
781 3763 946 3839 Septembris
962 3766 1024 3821 anni
1040 3765 1100 3823 519
1122 3765 1235 3823 traditae
1256 3766 1374 3823 inerant.
1413 3765 1465 3823 llas
1481 3783 1529 3823 au·

256 3862 310 3908 tom
325 3852 442 3914 litteras.
465 3869 530 3926 quas
554 3859 609 3907 tum
625 3849 756 3926 Eulogius
776 3850 889 3915 «intulit,
917 3859 978 3906 anto
1001 3851 1038 3908 15
1056 3850 1180 3908 Octobris
1203 3851 1272 3908 diem
1293 3850 1530 3927 Constantinopoli

257 3937 373 3994 redditas
389 3954 449 3993 esse
464 3945 569 3993 constat
585 3953 618 3992 er
633 3937 766 4011 superiori
783 3937 897 4010 epistola
913 3936 963 3999 98,
982 3934 1026 3992 ubi
1043 3936 1187 3994 dioscorus
1202 3937 1340 4012 praedicto
1352 3936 1478 3995 Octobris
1489 3938 1529 3996 15

257 4024 300 4080 die
315 4023 464 4081 rescribere
484 4040 514 4079 se
530 4030 607 4079 notat
622 4016 779 4079 llormisda'e
801 4021 914 4085 litteris,
938 4040 1004 4096 quas
1027 4021 1059 4077 ab
1075 4022 1191 4099 Euloglo
1212 4032 1360 4098 acceperat.
1397 4021 1530 4093 Ouocim

258 4127 312 4167 nun
327 4109 393 4167 levis
408 4108 563 4181 conjectura
578 4115 629 4176 est,
645 4107 802 4165 Dioscorum
819 4116 848 4164 ut
863 4106 1020 4165 llormisdac
1042 4108 1202 4167 rescriberet
1221 4111 1428 4184 opportunitate
1449 4126 1531 4167 naum

256 4214 325 4258 osse,
347 4212 399 4270 qua
413 4195 579 4251 lastinianus
594 4196 691 4251 iterum
707 4192 850 4270 Eulogium
872 4212 932 4250 curu
953 4196 1029 4251 rroris
1048 4194 1145 4252 litteris
1160 4195 1271 4252 llonram
1293 4194 1424 4258 mittebat,
1448 4196 1532 4253 adem

257 4300 310 4358 que
327 4283 394 4339 hanc
408 4281 551 4338 Justiniani
567 4280 708 4354 epistolam
723 4281 823 4355 pariter
836 4281 936 4338 Idibus
950 4281 1080 4339 Octobris
1092 4283 1254 4340 Eutborr'co
1271 4299 1351 4340 conr.
1366 4284 1532 4358 consignan-

258 4369 319 4426 dam
335 4385 405 4426 esse.

471 4486 509 4547 In
529 4483 713 4546 Hormiadee
734 4500 836 4564 papae
858 4484 1020 4563 epistolam
1042 4486 1104 4546 100
1127 4480 1318 4570 („dlapna“).

285 4648 290 4665 .
343 4609 380 4666 Er
395 4620 526 4685 tompore,
544 4625 598 4682 qno
614 4617 722 4685 accepta
742 4608 891 4672 indicatur,
916 4609 1099 4681 conjecturam
1115 4628 1210 4685 capere
1223 4610 1286 4667 licet
1298 4609 1372 4682 ejus,
1393 4626 1450 4685 quo
1467 4607 1533 4669 data

259 4706 309 4752 cst.
341 4697 368 4753 Si
384 4698 455 4753 enirn
471 4712 574 4759 eorum,
598 4696 643 4770 qui
660 4695 728 4753 lianc
743 4697 910 4770 superiorem
926 4695 1106 4772 pertulerunt,
1129 4714 1177 4770 par
1192 4697 1243 4753 tuit
1264 4695 1396 4758 celeritas,
1419 4694 1463 4752 vlt
1479 4694 1533 4754 lla·

260 4781 519 4840 leudasllorcmbres
534 4791 580 4838 aut
595 4782 702 4838 circiter
716 4781 776 4838 data
792 4783 852 4839 tuit.
884 4781 913 4840 ln
929 4781 987 4854 ejus
1003 4784 1178 4858 inscriptione
1194 4800 1247 4838 nou
1264 4784 1418 4839 treminatur
1428 4781 1533 4841 totun-

260 4883 307 4923 ues
324 4885 392 4924 rrrrrrs
409 4887 441 4926 cr
457 4869 562 4945 legatis,
578 4871 640 4943 quia
656 4869 845 4927 Thessalonica
861 4887 915 4926 non
931 4868 1057 4927 redierat.
