3412 5664
353 287 416 352 950
794 299 821 347 s.
838 297 1047 347 aoaursnsa
1068 297 1185 345 aaran

245 491 270 528 a.
281 478 338 528 520.
352 459 452 520 stram
467 447 741 540 dispensationem
755 453 865 518 tantm
879 451 1008 536 quidem
1023 454 1153 517 sanctas
1168 451 1321 517 ecclesias
1335 454 1578 540 tantosqueeomn

352 557 532 623 sacerdotes
565 559 598 621 et
631 555 870 620 multitudinem
902 552 1186 638 innumerabilem,
1221 576 1310 619 nunc
1344 553 1465 639 quidem
1492 559 1579 626 mam

352 662 482 724 sanctae
510 657 689 742 Ecclesiae,
723 656 961 742 periclitantem
989 658 1096 720 autem
1124 659 1157 721 et
1184 658 1413 742 errantemffl),
1444 658 1469 723 si
1491 664 1580 728 vabre

352 759 562 826 beatitudinis
577 759 831 844 gubernaculum
846 760 1069 841 commoretur,
1093 761 1126 822 et
1141 757 1280 823 maxime
1295 757 1357 843 his,
1380 759 1433 844 qui
1453 760 1580 829 intendi

352 863 430 927 locis
452 859 603 927 habitant
625 859 745 927 Christi
767 861 828 926 Dei
850 860 963 943 nostri,
987 859 1035 924 ita
1056 859 1173 945 ubique
1195 861 1320 925 sanctis
1346 860 1533 929 adhaerentes
1547 888 1581 931 ec·

353 963 473 1046 clesiis,
504 967 541 1028 ut
568 984 678 1028 eorum
705 964 812 1048 respui
839 984 905 1028 non
933 961 1050 1026 debeat
1076 961 1258 1027 multitudo.
1309 961 1397 1027 Nam
1428 985 1521 1029 omnes
1544 989 1582 1050 pu

353 1064 594 1150 suggestionem
622 1086 731 1130 eornm
758 1065 805 1129 ita
832 1064 867 1129 in
895 1062 1122 1128 obstinationis
1151 1085 1227 1128 suae
1255 1064 1341 1129 malo
1367 1065 1584 1150 perdurantvt

353 1167 454 1232 velint
476 1169 552 1231 ante
575 1188 592 1231 e
613 1166 680 1230 vita
702 1166 866 1249 recedere,
893 1187 988 1250 quam
1011 1165 1195 1249 excogitata
1217 1165 1413 1251 relinquere:
1434 1171 1469 1232 ut
1487 1169 1509 1234 si
1524 1169 1585 1235 lien

352 1268 411 1333 hos
438 1290 496 1353 per
522 1270 663 1332 vestram
689 1267 922 1333 beatitudinem
950 1266 1088 1332 adunari
1114 1270 1333 1352 praeceperit,
1369 1273 1487 1335 vestrae
1511 1269 1586 1337 laudis

352 1372 502 1436 meritum
524 1372 557 1435 et
578 1369 802 1454 praesentibus
825 1373 858 1434 et
877 1368 997 1433 futuris
1018 1368 1221 1452 adscribatur
1242 1371 1449 1454 temporibus.

437 1473 468 1538 3.
502 1470 581 1536 Orat
607 1471 709 1556 igitur
735 1475 842 1536 vestra
869 1470 1027 1536 sanctitas
1052 1473 1120 1535 tam
1148 1492 1206 1555 pro
1236 1471 1391 1556 piissimis
1418 1477 1450 1538 et
1470 1473 1588 1541 Christis

353 1573 495 1639 nissimis
514 1572 725 1657 principibus,
749 1595 844 1658 quam
858 1594 917 1657 pro
932 1576 1043 1637 nostra
1057 1572 1218 1656 parvitate
1233 1576 1266 1637 et
1281 1573 1454 1640 universali
1467 1577 1588 1661 unitione,

353 1679 391 1740 ut
418 1675 525 1760 gratia
553 1677 685 1740 sanctae
713 1677 745 1739 et
772 1675 867 1739 unius
895 1674 1052 1739 essentiae
1079 1673 1250 1739 Trinitatis
1278 1679 1311 1740 et
1345 1675 1591 1743 intercessionibus

355 1776 504 1842 dominae
518 1779 648 1841 nostrae
663 1780 796 1842 sanctae
818 1778 851 1841 et
865 1775 1024 1861 gloriosae
1039 1776 1175 1860 virginis
1198 1780 1232 1841 et
1245 1775 1307 1842 Dei
1323 1778 1487 1863 genitricis
1500 1779 1592 1845 Manae

355 1879 464 1944 omnia
490 1878 531 1943 ad
557 1879 716 1943 unitatem
743 1878 915 1943 indivisam
944 1878 1153 1961 conveniant,
1186 1881 1219 1942 et
1244 1877 1490 1946 fundamentum
1511 1883 1593 1947 inom-
1628 1934 1633 1949 .

357 2003 483 2046 cussum
505 1978 683 2045 catholicae
703 1980 779 2045 fidei
801 1981 1018 2063 confirmetur,
1041 2001 1099 2064 per
1120 1980 1229 2044 omnia
1250 1981 1454 2047 sanctissime
1473 1983 1569 2049 irater!

440 2083 471 2146 4.
504 2081 629 2146 Indicia
651 2084 758 2146 autem
779 2085 909 2147 nostrae
924 2081 1100 2147 secundum
1115 2080 1279 2148 Christum
1292 2082 1468 2150 Dominum
1480 2090 1593 2149 nostra

357 2183 500 2249 caritatis
522 2204 580 2267 per
601 2184 686 2248 viros
707 2184 988 2248 reverendissimos
1002 2183 1234 2249 destinavimus
1249 2184 1338 2268 adm)
1360 2186 1593 2252 ministratam

357 2285 484 2350 divinae
500 2285 643 2349 culturae
658 2287 692 2349 et
706 2289 838 2351 sanctae
854 2285 1048 2371 apostolicae
1063 2289 1188 2351 vestrae
1202 2285 1359 2352 ecclesiae
1374 2286 1502 2353 calicem
1513 2291 1592 2353 anian

357 2387 493 2472 gemmis
516 2386 756 2471 circumdatum,
780 2391 934 2472 patenam
956 2409 1086 2452 amcam
1108 2391 1141 2453 et
1162 2388 1262 2452 alium
1278 2388 1412 2454 calicem
1427 2392 1591 2475 argentean,

356 2489 428 2553 vela
456 2486 633 2553 holoserica
660 2489 739 2554 duo:
767 2511 849 2574 quae
871 2489 1033 2574 suscipere
1054 2493 1197 2554 vestram
1213 2489 1449 2557 beatitudinem
1469 2491 1590 2577 suppia

357 2612 427 2655 mus
451 2613 523 2655 oum
543 2589 600 2655 illa
623 2591 768 2674 caritate,
791 2613 888 2676 quam
910 2612 966 2656 vos
987 2590 1107 2666 habere
1129 2592 1305 2657 secundum
1326 2591 1431 2658 Deum
1451 2614 1510 2658 non
1527 2591 1590 2657 dubi·

357 2697 473 2757 tamus.
519 2691 655 2757 Omnem
677 2692 712 2757 in
735 2691 863 2758 Christo
885 2693 1135 2778 fraternitatem,
1158 2716 1240 2780 quae
1263 2716 1338 2759 cum
1359 2699 1464 2761 vestra
1482 2700 1524 2759 est
1540 2714 1589 2757 san·

359 2795 481 2877 ctitate,
505 2815 564 2859 nos
586 2815 711 2879 quoque
733 2797 766 2859 et
786 2795 841 2879 qui
862 2794 1029 2860 nobiscum
1051 2799 1127 2861 sunt
1147 2796 1322 2881 plurimum
1344 2796 1519 2862 salutamus.
1546 2795 1588 2859 a·

359 2899 452 2980 cepta
473 2895 576 2980 pridie
599 2894 756 2961 (delendas
778 2895 976 2980 Decembris,
999 2896 1134 2963 Rustico
1155 2899 1224 2964 viro
1247 2898 1426 2965 clarissimo
1446 2897 1559 2964 musula

859 3083 1041 3187 Epistola
1068 3085 1131 3169 131

969 3235 1020 3274 seu

208 3315 243 3435 (⁸3
253 3310 343 3450 ἓξὲξ·
489 3328 623 3386 Relatio
644 3329 769 3399 synodi
790 3329 1188 3399 constantinopolitanae
1209 3332 1255 3389 ad
1275 3333 1497 3391 Eormlsdsm.

233 3465 290 3502 ²00·
305 3447 330 3501 d.
393 3460 514 3524 Spnodns
528 3477 625 3525 papam
642 3462 776 3512 certiorem
796 3461 862 3524 facit
884 3463 916 3511 de
934 3462 1096 3512 ordinatione
1113 3462 1266 3527 Epiphanii,
1295 3466 1371 3529 adas
1387 3473 1413 3516 et
1427 3467 1564 3528 tardare
1594 3449 1637 3518 ΡΒ

219 3516 342 3584 3⁰N⁰V¹l
698 3548 821 3612 sequitur.
861 3546 920 3595 ihm
938 3549 1035 3611 tepatos
1052 3564 1112 3599 suos
1125 3550 1294 3600 'commendat

513 3676 677 3743 Domino
699 3682 834 3744 nostro
857 3682 994 3744 sancto
1017 3701 1060 3744 ao
1082 3679 1319 3747 beatissimo
1340 3684 1448 3768 patri
1472 3684 1593 3768 patrum

605 3779 910 3866 archiepiscopo
931 3787 969 3848 et
983 3782 1242 3866 patriarchae
1257 3782 1594 3850 Hormisdael'heo·

430 4003 461 4067 ¹²)
480 3999 515 4054 G¹
538 4011 656 4056 errantes
677 4007 717 4055 arri
793 4013 1008 4066 commemoretur,
1033 4003 1108 4073 quod
1129 4004 1243 4060 indubie
1267 4022 1330 4060 oum
1352 4007 1429 4061 boe
1450 4003 1599 4062 sonaim*

360 4087 411 4140 list
428 4087 522 4140 autem
540 4097 705 4140 commoretur
721 4085 751 4140 id
769 4087 845 4156 quod
861 4094 949 4142 tardet
965 4109 1129 4151 arcearrere,
1148 4106 1181 4144 ao
1199 4089 1300 4146 deinde
1317 4107 1416 4147 eorum
1432 4097 1475 4162 qut
1489 4096 1514 4145 is
1527 4093 1603 4145 sadi

360 4177 423 4225 tacta
440 4174 555 4225 nattam
572 4168 683 4225 nomine
701 4169 894 4242 intelliguntur
910 4173 1149 4243 ierosolymitani,
1168 4173 1268 4242 quibus
1280 4175 1367 4231 etiam
1384 4175 1554 4247 praeeipuam
1566 4171 1605 4227 irs

360 4255 445 4328 pendi
463 4272 558 4310 curam
575 4254 729 4324 imperator
747 4257 828 4328 epist.
849 4264 898 4312 129
915 4275 942 4312 n.
962 4265 978 4313 4
997 4261 1086 4328 rogat.

430 4342 461 4410 ¹³)
479 4339 514 4394 G'
528 4343 555 4394 a¹
574 4346 815 4397 administrationem
833 4358 888 4396 uno
906 4343 1005 4410 verb0,
1023 4343 1058 4397 al.
1071 4350 1107 4398 ad
1117 4350 1369 4401 administrationem.
1398 4342 1610 4402 Prioremlseto

360 4443 437 4492 nem,
454 4424 524 4479 siin
542 4425 598 4480 duo
615 4426 702 4481 verba
722 4426 874 4495 dividatur,
897 4446 994 4484 sanam
1016 4445 1075 4483 esso
1099 4429 1210 4495 suadet,
1232 4429 1309 4498 quod
1330 4430 1484 4487 Hormisda
1502 4428 1613 4487 samm

361 4509 441 4581 epist.
466 4514 527 4577 138,
549 4508 636 4580 ipsius
657 4510 787 4567 videlicet
808 4512 949 4584 accepiise
971 4531 1001 4569 se
1023 4530 1140 4569 munera
1160 4520 1300 4570 nanneno
1321 4519 1447 4573 dammae
1469 4522 1535 4573 teeti
1554 4521 1616 4573 Petri

360 4600 472 4664 apostoli
486 4599 634 4663 profutara.
675 4595 751 4651 Haec
768 4596 941 4667 Epiphanius
963 4615 1015 4668 per
1032 4614 1092 4664 eos,
1115 4598 1164 4668 qui
1180 4598 1291 4655 litteras
1308 4601 1496 4660 onlinationis
1511 4620 1573 4660 ause
1585 4602 1618 4657 in-

362 4679 436 4734 dices
453 4679 623 4735 sollemniter
640 4680 815 4749 deferebant,
837 4682 914 4737 velut
932 4683 1132 4737 communionis
1149 4700 1215 4739 suae
1234 4702 1297 4739 cum
1319 4687 1442 4743 ecclesis
1464 4689 1542 4746 besti
1556 4687 1621 4745 Petri

360 4764 481 4836 pignora
503 4763 659 4820 destinavit.
700 4765 789 4819 Simili
810 4765 924 4836 piatatis
947 4766 1050 4822 affectu
1072 4767 1199 4839 superius
1218 4770 1299 4840 epist.
1317 4776 1353 4826 78
1371 4791 1398 4827 n.
1415 4779 1434 4828 2
1452 4775 1571 4831 vidimu
1583 4773 1623 4829 is-

361 4848 512 4905 stinianum
530 4855 579 4907 dac
599 4857 681 4920 pallia
697 4856 839 4907 holoserica
857 4859 893 4907 ad
910 4868 1079 4908 ornamentum
1102 4860 1194 4909 attaris
1216 4867 1365 4914 sanctorm
1383 4870 1561 4931 apostema·
1575 4860 1627 4917 mii·
