3412 5664
676 387 690 423 ,
748 330 919 381 EPISTOLA
943 322 972 379 6.
1434 321 1497 387 245

257 477 348 552 rhina
374 486 536 552 custodiae
564 506 677 568 passus
711 484 809 548 fueris
837 485 1032 569 mancipari,
1071 489 1103 549 et
1114 487 1152 572 ¹⁵)
1182 487 1221 549 ad
1250 490 1495 574 processionem,
1509 516 1533 553 a.
1547 505 1605 555 484.
1635 474 1638 479 ⁸

259 603 318 668 quae
334 589 386 655 tibi
409 611 483 654 eum
505 587 675 652 haereticis
697 586 844 670 habetur,
870 586 983 650 exinde
998 588 1181 671 productos,
1205 588 1288 652 sicut
1303 612 1412 655 eoram
1426 615 1497 675 pro-

261 685 364 758 lusione
388 690 588 775 patefactum
616 692 680 772 est,
717 689 757 752 ad
790 689 1023 754 haereticorum
1049 692 1202 774 tuamque
1230 693 1495 777 communionem,

261 797 418 880 mntempta,
449 814 531 877 quae
557 792 608 856 vel
631 791 775 877 gentium
796 792 868 875 jure
891 793 1011 855 servari
1034 792 1155 877 debiat,
1183 794 1346 880 legatione
1375 798 1496 878 pertra-

191 942 201 965 .
257 897 359 982 renim)
378 894 592 979 praemiisque
614 894 803 977 corruperis,
826 900 859 958 et
881 894 915 957 in
937 894 1112 958 laesionem
1132 895 1219 960 beati
1235 895 1324 960 Petri
1346 898 1493 982 apostoli,

171 1076 174 1087 ,
253 999 358 1082 soujus
381 997 456 1062 scds
484 996 622 1081 profecti
649 995 790 1078 fuerant,
820 1018 886 1060 non
915 996 1018 1060 solnm
1039 996 1224 1063 inefficaces
1245 998 1348 1063 redire
1369 999 1495 1086 feceris,

171 1096 174 1127 ²
247 1100 294 1164 aad
312 1100 397 1164 etiam
418 1099 662 1184 impugnatores
685 1098 837 1181 omnium,
861 1119 942 1182 qnae
963 1098 1094 1162 fuerant
1108 1100 1271 1183 mandata,
1295 1103 1494 1167 monstraris.

171 1198 173 1215 ²
242 1198 274 1265 ln
305 1223 425 1286 quorum
460 1200 649 1285 deceptione
682 1203 771 1264 tuam
805 1201 984 1284 nequitiam
1009 1201 1188 1284 prodidisti,
1226 1204 1258 1266 et
1284 1203 1325 1266 ad
1353 1202 1495 1267 libellum

235 1301 337 1368 lintris
363 1308 395 1368 et
416 1302 598 1388 coepiscopi
624 1302 688 1366 mei
709 1301 881 1385 iohannis,
910 1303 965 1386 qui
987 1306 1019 1366 te
1042 1303 1240 1386 gravissimis
1262 1304 1496 1387 objectionibus

231 1402 392 1488 impetivit,
415 1407 450 1469 in
474 1404 650 1489 apostolica
672 1403 746 1468 sede
768 1403 943 1468 secundum
966 1426 1104 1468 canones
1127 1405 1318 1489 respondere
1334 1406 1494 1490 diffidens,

228 1505 353 1589 objecta
382 1507 530 1572 firmasti.
580 1506 720 1571 Felicem
753 1499 878 1590 quoque
911 1505 1111 1570 defensorem
1142 1507 1362 1572 fidelissimum
1389 1508 1493 1591 nobis,

224 1611 414 1675 necessitate
440 1609 584 1676 iaciente
606 1608 707 1674 serius
729 1608 993 1694 subsecutumfl),
1021 1608 1192 1694 indignum
1213 1610 1277 1674 tuis
1301 1610 1400 1675 oeulis
1423 1632 1494 1676 cen·

226 1797 525 1810 ——ss—

217 1926 282 1980 pau
298 1920 362 1972 haee
377 1923 409 1971 de
426 1922 545 1972 crulodia
563 1920 670 1983 ejiciens
682 1934 765 1969 secum
781 1920 846 1983 fecii
862 1920 1018 1984 procedere,
1037 1925 1064 1967 ul
1076 1921 1151 1985 quasi
1161 1922 1308 1983 confirmato
1320 1921 1395 1970 Petri
1407 1936 1493 1971 sacer·

218 2001 293 2054 dolio
311 2007 508 2064 aialim-eneas,
532 2002 592 2054 tum
610 2016 643 2055 ex
661 1999 724 2070 ipsa
740 1999 839 2055 Felicis
857 2000 946 2055 nostri
962 1999 1097 2054 relatione
1115 2000 1144 2053 in
1162 1999 1240 2069 epist.
1260 2006 1277 2055 8
1294 2018 1320 2055 n.
1342 2009 1354 2055 1
1374 2013 1399 2056 ei
1416 2007 1490 2056 olior—

218 2085 266 2147 li'i,
291 2105 354 2155 qm
374 2091 536 2155 tumulabant,
559 2091 680 2141 uiolenter
698 2089 793 2140 ablutis
815 2091 851 2138 ud
868 2090 1094 2139 rommnnicandum
1111 2096 1159 2141 eia.
1194 2086 1286 2154 Atque
1308 2085 1351 2140 his
1373 2087 1493 2141 concinit-

219 2163 404 2239 Theophaaes
425 2170 630 2240 chronograph.
657 2169 711 2237 (ed.
728 2169 815 2223 Bonn.
833 2187 861 2238 p.
880 2173 940 2235 aas)
964 2176 1056 2239 Iepalis
1079 2174 1159 2223 Iiorna
1176 2175 1316 2239 profectis,
1340 2170 1443 2238 inquit,
1468 2184 1492 2226 ei

219 2258 293 2317 Μ
314 2261 426 2327 Atpdum
445 2261 556 2311 Zenonis
578 2267 604 2310 el
624 2260 717 2310 Aeacii
738 2261 842 2309 consilio
865 2261 987 2320 detentis,
1010 2261 1035 2309 vi
1057 2275 1154 2324 quoque
1177 2259 1269 2309 ablatis
1291 2275 1378 2310 eorum
1400 2263 1492 2311 litteris

219 2337 338 2408 istisque
352 2348 523 2396 incurrerem
540 2347 678 2408 coniectis,
697 2359 741 2394 eas
758 2345 808 2393 nisi
826 2360 878 2393 cum
897 2344 994 2394 Aeneia
1013 2351 1039 2394 et
1056 2344 1137 2394 Petro
1156 2344 1252 2408 Monpo
1270 2347 1492 2405 communicarent,

220 2422 409 2489 blerseelarnm
431 2446 460 2482 se
480 2430 549 2481 Zeno
571 2432 742 2480 comminatur.
778 2424 814 2477 Et
835 2441 899 2494 pag.
920 2429 970 2478 205
995 2423 1029 2478 de
1047 2423 1149 2479 Acacio
1173 2424 1280 2479 subdit:
1305 2431 1375 2494 ipsas
1399 2431 1492 2482 Felicis

222 2504 334 2564 &mni
345 2517 471 2581 pontificis
488 2516 673 2580 apocrisiarios
691 2514 821 2564 blanditiis
841 2514 958 2563 delinitos
977 2519 1001 2562 el
1019 2515 1135 2577 pecuniis
1153 2515 1280 2564 inescatos
1297 2522 1405 2580 praeter
1422 2533 1490 2566 man·

223 2588 342 2649 &lom
355 2599 401 2650 nai
421 2601 595 2665 impositorum
615 2601 660 2664 fas
683 2601 709 2648 in
726 2599 918 2650 communionem
935 2598 1011 2648 Peiri
1032 2600 1155 2655 addimit,
1178 2600 1289 2649 omnibus
1312 2601 1492 2651 calholicarnm

224 2681 336 2734 mm
349 2686 372 2734 in
388 2686 522 2736 aduersum
534 2683 733 2736 contestantibus
751 2691 826 2748 alque
838 2684 1040 2733 reclamantibus.
1071 2681 1103 2733 In
1120 2679 1191 2733 libro
1208 2679 1362 2749 pontificali
1379 2681 1491 2748 quidem

225 2757 364 2820 matam,
379 2765 533 2835 mancipati
556 2764 697 2830 dicuntur,
721 2781 807 2832 quum
824 2764 988 2818 Heracleam
1008 2763 1154 2818 venissent.
1191 2765 1228 2818 At
1246 2764 1373 2819 Valesius
1391 2765 1419 2818 in
1438 2766 1491 2820 dis-

192 2912 200 2921 ·
227 2844 288 2896 ⁸0¹2·
309 2849 346 2903 ad
360 2850 425 2905 calc.
444 2848 615 2904 Theodorcti
632 2867 659 2918 p.
681 2853 729 2903 180
746 2848 925 2918 Theophanis
943 2849 1027 2903 fidem
1044 2850 1169 2918 praefert
1186 2849 1316 2915 dicentis,
1335 2867 1381 2904 eos
1398 2850 1491 2919 Abydi

228 2918 360 2989 mmm.
392 2934 480 2990 Nobis
497 2949 564 2988 vcro
586 2950 642 2987 non
660 2934 727 2988 levis
746 2936 788 2988 est
806 2933 938 3004 suspicio,
962 2950 1008 2987 eos
1030 2934 1152 3003 primum
1168 2933 1262 3002 Abydi
1280 2950 1297 2988 a
1314 2934 1432 2988 Zenonis
1450 2953 1490 2989 sa·

231 3006 357 3074 leilifibm
371 3019 598 3091 comprehensos,
615 3035 735 3089 moxque
747 3019 856 3089 elapsos
873 3019 903 3072 in
914 3018 976 3088 ipsa
988 3018 1056 3072 urbe
1068 3018 1147 3087 regia
1160 3017 1303 3072 custodiae
1316 3019 1490 3088 mancipatos

236 3090 326 3169 illine,
344 3120 423 3172 quum
444 3104 519 3159 infra
539 3105 569 3158 in
590 3104 612 3158 F
614 3105 673 3159 elic.
693 3103 771 3174 epist.
791 3109 807 3158 8
825 3121 851 3157 n.
872 3110 884 3156 1
905 3103 1034 3157 dicantur
1052 3110 1088 3158 ad
1109 3109 1335 3158 eoriimunieandum
1353 3109 1490 3158 haereticis

238 3177 273 3231 ΜΦ
294 3198 336 3242 esi
353 3197 526 3260 apocrisiariis
544 3195 719 3245 Alexandrini
740 3194 828 3258 Petri,
852 3194 976 3242 adversus
994 3207 1064 3257 quem
1082 3194 1177 3250 ierunt,
1202 3194 1234 3242 de
1257 3194 1405 3243 custodia
1425 3210 1490 3258 pro-

242 3267 306 3325 Μὶ.
339 3274 409 3330 ldein
427 3274 514 3330 etiam
532 3274 577 3329 hic
595 3277 708 3341 sonant,
732 3290 802 3341 quae
823 3273 906 3326 modo
925 3273 1119 3343 expendimus,
1141 3273 1223 3342 hujus
1242 3273 1376 3342 epistolae
1394 3275 1488 3330 verba.

296 3356 329 3426 ⁸⁵)
343 3359 366 3414 d¹
383 3367 430 3416 sed
446 3372 472 3416 ei
543 3381 594 3430 pro
612 3365 754 3414 haereticis.
790 3359 908 3413 Nomine
925 3365 1111 3428 processionis,
1136 3375 1192 3427 qua
1209 3357 1354 3428 episcopus
1372 3359 1408 3414 ad
1421 3360 1490 3414 ecle-
1590 3382 1594 3387 ·

246 3431 359 3499 bandum
378 3446 549 3502 sollemniter
571 3445 735 3501 sacrificium
756 3445 907 3514 pergebat,
929 3444 1093 3513 plerumque
1115 3445 1177 3499 tota
1199 3442 1326 3498 sacrificii
1347 3444 1421 3500 actio
1444 3445 1489 3500 de-

249 3517 392 3589 iguem,
427 3530 500 3586 Hinc
517 3550 569 3586 usu
586 3531 673 3597 venit,
692 3532 723 3584 ut
741 3530 788 3599 qui
805 3529 976 3599 processioni
991 3528 1150 3598 hujusmodi
1167 3529 1347 3595 interessent,
1366 3547 1428 3583 cum
1447 3547 1489 3584 cc-

249 3604 520 3682 impendentibus
542 3616 745 3671 communicare
768 3617 956 3681 censerentnr;
975 3616 1008 3669 ci.
1028 3616 1084 3669 not.
1105 3613 1166 3669 itin
1186 3613 1307 3683 Simplie.
1327 3614 1489 3684 epistici

252 3688 325 3754 mhi,
339 3701 410 3770 epist.
432 3709 463 3757 14
482 3719 505 3756 e.
524 3709 569 3768 as,
587 3702 687 3770 fragm.
708 3705 749 3758 aa.

306 3782 331 3851 ¹⁸)
343 3784 361 3838 ί*
375 3792 527 3856 pertrahere
601 3806 764 3855 corrnrnpere
835 3791 939 3852 feceras
1010 3795 1175 3840 monstrares.
1206 3785 1242 3838 D²
1254 3785 1289 3838 I)l
1305 3785 1334 3837 d'
1351 3790 1486 3852 pertrahe·

252 3877 289 3917 m
339 3889 510 3942 mmmperes
527 3871 568 3939 (d²
579 3875 726 3940 corruptos)
797 3877 900 3938 faceres
965 3881 1129 3931 nionsirares,
1158 3870 1191 3923 E¹
1205 3870 1238 3924 E‘
1251 3870 1284 3923 F'
1296 3870 1332 3924 Hs
1346 3870 1382 3923 N³
1394 3870 1438 3936 <F²
1450 3871 1487 3924 H¹³

246 3956 387 4023 pidem
400 3960 587 4027 praemiis...)
606 3977 769 4025 commpere
787 3968 812 4011 ei
830 3962 855 4010 in
873 3962 1010 4010 illusionem
1029 3956 1074 4022 (Ε2
1092 3959 1248 4024 inlusionem)
1322 3967 1486 4010 niansirares.

247 4030 355 4094 simliter
370 4043 644 4105 erumminensis,
663 4041 700 4095 D'
711 4042 748 4095 D⁶
760 4047 796 4096 ad
812 4041 859 4107 (Do
872 4045 908 4109 in)
920 4047 1079 4104 inlusionem,
1098 4041 1213 4094 D⁷D¹¹l'
1228 4048 1253 4094 in
1266 4046 1394 4101 lusionem,
1414 4040 1486 4095 unde

243 4121 466 4195 Mammam,
484 4127 514 4181 d2
531 4134 556 4181 in
574 4134 720 4182 illusionem.
755 4127 819 4181 Mes.
838 4127 854 4180 J
867 4130 889 4179 0
909 4132 934 4179 in
952 4132 1099 4191 laesionem,
1123 4125 1198 4194 quod
1222 4132 1251 4180 et
1274 4143 1335 4179 auru
1353 4125 1486 4194 ailjuncto

238 4216 267 4265 b·
277 4208 337 4269 Pelii
348 4211 438 4281 apl-ius
451 4213 587 4282 congane.
616 4213 704 4266 Porro
723 4212 752 4266 d²
770 4212 811 4267 iia
827 4212 901 4265 hunc
918 4211 1009 4266 locum
1026 4211 1145 4280 profert:
1167 4216 1338 4280 praemiisque
1351 4222 1487 4279 corruptos

234 4310 285 4355 10¹¹
296 4301 363 4351 min
379 4303 527 4366 inefficaces
544 4304 631 4354 redire
647 4304 750 4365 faceres
767 4303 815 4352 sed
831 4304 905 4352 eiiam
923 4302 949 4349 in
967 4301 1104 4350 illusionem
1121 4300 1143 4352 b.
1159 4301 1232 4350 Pelii
1301 4301 1421 4362 fuerant,
1440 4301 1486 4348 irn-

227 4392 374 4458 pcpaaioree
391 4389 496 4438 omniurn
567 4394 732 4440 monstrares.

294 4467 322 4532 ff}
338 4468 377 4522 lla
395 4468 427 4522 E'
447 4467 480 4521 E²
492 4467 524 4522 F*
536 4469 572 4522 Η8
584 4469 601 4522 J
614 4469 636 4523 0
650 4485 665 4522 a
677 4485 691 4522 a
702 4467 731 4522 i².
760 4467 841 4535 1)(1)1
856 4467 903 4535 l)²)
920 4467 947 4520 «1¹
962 4467 992 4520 d²
1010 4472 1162 4528 absentium,
1182 4468 1280 4522 contra
1298 4467 1418 4520 mentem
1436 4464 1486 4518 Fe·

221 4554 296 4618 licis,
312 4552 355 4622 qni
372 4554 548 4608 defensorem
564 4553 642 4607 illum
656 4559 827 4621 Metuainum
839 4552 914 4606 haud
928 4552 1010 4606 duliie
1023 4567 1078 4606 non
1091 4555 1229 4620 vocasset,
1247 4553 1270 4607 si
1282 4552 1325 4605 vel
1338 4567 1399 4605 sero
1412 4553 1486 4605 esset

216 4636 321 4701 Aeneia
338 4639 491 4694 obsecutus.
527 4640 566 4693 At
586 4645 731 4708 infirmitate
755 4643 917 4707 prepediente,
942 4637 983 4692 ait
998 4638 1145 4693 Liberatus
1167 4639 1184 4692 l.
1205 4656 1227 4692 c.
1248 4655 1307 4707 cap.
1329 4642 1374 4701 18,
1397 4637 1484 4690 scrius

213 4727 378 4786 mimmius
400 4727 445 4779 est
466 4724 535 4779 alios
556 4725 676 4795 legatam
699 4736 832 4794 postquam
854 4735 936 4777 aulem
958 4729 1051 4778 Viluiis
1073 4736 1098 4778 el
1117 4728 1233 4779 dilectius
1251 4746 1267 4776 a
1285 4727 1401 4777 custodia
1421 4726 1484 4775 Can·

209 4816 382 4880 reanlmopoli
402 4812 467 4864 sunt
488 4810 604 4880 egressi,
630 4809 753 4880 perrexit
776 4827 838 4864 oum
866 4810 968 4864 chartis
990 4809 1184 4866 ecclesiasticis
1207 4807 1483 4879 Constantinopolim,

204 4916 354 4976 passaque
372 4908 413 4952 esi
431 4901 527 4967 etipse
543 4900 649 4951 stillulis
666 4900 761 4950 ciariis
777 4900 948 4964 pravissimam
965 4901 1113 4954 cicaroilian.
