3450 5678
688 353 858 402 nrisrouu
883 345 913 401 5,
1367 339 1429 403 633

167 506 307 571 civitatis
329 506 600 590 archiepiscopos
630 529 688 571 nco
717 507 823 571 deberi
852 509 886 570 in
915 490 1074 591 diptychis
1098 529 1206 570 corum
1230 507 1358 570 nomina
1379 531 1427 571 re-
1440 517 1475 582 (a.
1486 519 1553 585 497.)

167 607 299 673 censeri.
343 609 410 673 Nos
433 612 545 675 contra
567 609 782 693 poposcimus,
812 611 868 671 aut
893 608 1024 692 produci
1035 609 1072 695 ¹⁸)
1101 609 1250 673 adversus
1272 630 1341 692 eos,
1374 610 1430 693 qui

167 710 335 775 adstruant
355 709 499 795 talesque
514 711 745 792 demonstrent,
770 713 826 774 aut
843 709 869 774 si
885 731 951 774 non
965 710 1193 794 reperirentur,
1217 711 1272 795 qui
1287 732 1340 776 eos
1356 733 1428 776 con-

165 800 292 876 vincere
315 811 510 896 potuissent,
539 812 632 877 nobis
659 834 717 896 pro
739 833 847 877 eorum
868 814 1006 896 persona
1027 812 1301 877 satisfacientibus
1324 813 1429 898 acqui·

164 918 268 979 escat:
290 913 583 978 demonstrantibus
605 917 638 978 et
660 913 922 998 approbantibus,
945 913 1029 998 quod
1044 912 1128 979 banc
1143 914 1238 978 fidem
1252 916 1427 999 tenuerint,

164 1015 343 1098 docuerint,
369 1015 554 1099 cunctisque
577 1037 655 1100 quos
677 1015 933 1081 informaverunt
954 1014 1147 1080 tradiderint
1161 1015 1299 1101 praefati
1314 1037 1429 1101 paren-

163 1120 213 1182 tes
236 1117 339 1182 nostri
362 1120 394 1181 et
416 1117 646 1202 archiepiscopi
668 1117 869 1201 Timotheus,
899 1117 1069 1181 Dioscorus
1092 1120 1125 1181 et
1146 1116 1269 1182 Petrus.
1313 1117 1429 1182 Vestra

164 1221 273 1283 autem
295 1219 451 1284 sanctitas
473 1219 579 1283 renuit
587 1219 626 1305 19)
649 1219 768 1301 dicens,
792 1241 859 1284 non
881 1218 942 1283 sibi
963 1219 1062 1284 fuisse
1077 1223 1283 1304 praeceptum
1299 1220 1339 1284 ab
1354 1242 1428 1305 apo-

162 1320 297 1386 stolicae
319 1321 402 1385 sedis
425 1320 571 1385 antistite
594 1322 632 1385 de
654 1320 703 1385 his
725 1321 833 1386 faeere
854 1322 1083 1406 quaestionem.

249 1422 280 1486 8.
318 1421 423 1506 Hujus
445 1423 492 1486 rei
514 1422 620 1508 gratia
642 1423 840 1487 obtestamur
867 1445 923 1487 vos
946 1445 1053 1487 coram
1074 1444 1193 1507 magno
1215 1422 1283 1488 Deo
1306 1426 1339 1488 et
1360 1423 1428 1490 Sal-

162 1526 274 1588 vatore
301 1527 411 1590 nostro
433 1523 511 1589 Jesu
534 1523 676 1608 Christo,
711 1525 765 1609 qui
793 1525 831 1589 de
859 1527 971 1588 sancta
998 1528 1031 1588 et
1058 1522 1118 1588 Dei
1146 1524 1304 1609 genitrice
1325 1524 1429 1590 Maria

164 1626 291 1711 virgine
312 1627 499 1691 incarnatus
528 1630 560 1692 et
587 1630 768 1710 natusest,
803 1627 918 1711 quique
948 1626 1135 1691 concordem
1162 1626 1428 1711 glorificationem

162 1727 412 1813 servitutemque
433 1729 574 1793 fidelium
595 1729 712 1813 probat
733 1728 871 1793 libenter
893 1731 926 1792 et
947 1728 1091 1812 suscipit,
1116 1730 1149 1792 et
1168 1729 1289 1794 sanctis
1304 1729 1428 1814 angelis

163 1830 247 1914 ejus,
276 1830 356 1917 et²⁰)
384 1831 468 1895 hanc
497 1831 639 1895 eamdem
667 1829 905 1895 immaculatam
933 1851 1014 1914 quae
1041 1830 1080 1894 de
1107 1828 1162 1895 illo
1185 1834 1235 1895 est
1256 1830 1364 1896 fidem:
1393 1836 1429 1896 ut

163 1931 204 1996 ad
225 1931 337 1996 urbem
351 1930 487 1996 Romam
508 1932 639 1997 favente
652 1932 790 1996 Domino
804 1932 970 1997 venientes
993 1931 1077 1996 hanc
1093 1931 1274 1999 chartulam
1287 1933 1428 1998 offeratis

163 2031 461 2118 apostolicaesedis
484 2034 624 2098 antistiti
646 2033 829 2116 Anastasio,
853 2055 935 2118 quae
958 2055 996 2097 er
1018 2057 1155 2118 persona
1177 2038 1307 2113 sanctae
1330 2035 1428 2100 eccle-

163 2134 229 2200 siae
251 2133 489 2200 Alexandrinae
511 2136 600 2200 vobis
622 2136 730 2201 oblata
752 2140 815 2201 est:
838 2138 874 2199 ut
897 2135 965 2218 ejus
987 2136 1143 2200 sanctitas
1165 2137 1323 2222 relegens,
1347 2159 1428 2222 quae

162 2236 224 2300 sibi
245 2236 368 2301 fuerint
389 2236 524 2321 placita,
554 2259 609 2301 seu
631 2236 748 2302 litteris
776 2238 816 2301 ad
839 2237 1076 2303 sanctissimum
1098 2243 1244 2303 nostrum
1272 2237 1428 2324 archiepi-

162 2360 294 2423 scopum
315 2338 415 2422 datis,
444 2329 500 2403 seu
526 2361 584 2424 per
611 2340 749 2424 aliquem
775 2339 1011 2404 internuntium
1033 2341 1242 2405 manifestare
1264 2341 1378 2426 dignet
1419 2392 1426 2406 .

160 2439 248 2504 Nam
262 2462 359 2525 quum
379 2462 398 2503 a
413 2442 586 2505 sanctitate
609 2443 677 2525 ejus
691 2441 764 2505 fidei
780 2446 887 2505 rectae
902 2441 999 2504 fuerit
1015 2445 1141 2506 servata
1157 2442 1323 2525 confessio,
1347 2465 1428 2526 quae

161 2546 212 2608 est
233 2565 252 2605 a
274 2542 377 2607 beatis
399 2543 545 2627 patribus
568 2543 753 2625 constituta,
777 2565 836 2607 nos
859 2545 989 2626 paratos
1011 2543 1163 2607 exsistere
1179 2544 1366 2627 profitemur
1388 2546 1427 2609 ad

160 2645 274 2709 urbem
295 2644 431 2708 Romam
452 2644 592 2730 legatos,
623 2645 677 2729 qui
699 2666 758 2728 pro
780 2645 905 2708 unitate
934 2647 1117 2708 sanctarum
1139 2644 1200 2709 Dei
1224 2646 1427 2721 ecclesiarum

160 2768 259 2832 agere
281 2745 429 2829 debeant,
454 2747 624 2811 destinare.

247 2848 277 2912 9.
315 2847 509 2913 confidimus
533 2851 639 2912 autem
661 2848 695 2911 in
710 2847 847 2913 Domino
868 2852 977 2911 nostro
992 2848 1069 2912 Jesu
1086 2848 1223 2932 Christo,
1247 2850 1331 2934 quod
1353 2849 1427 2915 huic

159 2950 236 3014 fidei
259 2950 326 3033 ejus
348 2950 512 3015 beatitudo
536 2950 750 3033 consentiens
770 2951 864 3033 juxta
886 2949 952 3032 illa,
976 2971 1056 3034 quae
1078 2953 1113 3013 in
1127 2952 1334 3035 responsione
1351 2955 1427 3016 sunt

158 3052 278 3136 posita,
302 3050 389 3115 velut
410 3051 555 3136 proprios
578 3051 676 3115 etium
698 3055 824 3115 nostros
838 3051 971 3136 populos
987 3051 1171 3133 arbitretur,
1196 3055 1228 3116 et
1245 3075 1303 3137 pro
1318 3076 1426 3118 eorum

159 3153 319 3239 regimine
351 3153 598 3217 sollicitudinem
632 3156 741 3237 gerat,
780 3153 911 3237 cupiens
944 3152 1118 3217 secundum
1146 3153 1248 3217 Deum
1280 3156 1427 3220 omnibus

160 3254 250 3320 utilis
273 3255 454 3339 approbari.
499 3254 719 3338 Exemplar²¹)
744 3258 850 3318 autem
872 3253 967 3337 hujus
990 3254 1153 3319 chartulae
1175 3278 1273 3339 penes
1295 3279 1353 3321 nos
1375 3258 1427 3322 de-

161 3356 327 3440 tinuimus,
350 3378 480 3421 necesse
502 3356 668 3439 habentes,
699 3357 726 3419 si
748 3379 810 3441 qua
832 3378 921 3420 mora
943 3357 1136 3440 provenerit,
1165 3358 1333 3441 quominus
1354 3381 1426 3423 san-

165 3460 286 3522 ctarum
315 3459 521 3523 ecclesiarum
548 3458 656 3522 unitas
684 3458 756 3540 fiat,
791 3457 824 3521 in
854 3457 909 3520 illo
937 3458 1075 3542 glorioso
1103 3458 1141 3522 de
1169 3459 1265 3523 coelis
1287 3460 1426 3525 adventu

165 3557 291 3624 llomini
314 3561 417 3624 nostri
431 3560 507 3624 Jcsu
524 3560 658 3642 Christi,
683 3582 779 3643 quum
803 3559 926 3623 venerit
943 3560 1087 3642 judicare
1110 3561 1196 3624 vivos
1219 3564 1252 3625 et
1273 3565 1425 3646 mortuoS,

167 3664 237 3726 ante
260 3661 402 3726 tribunal
424 3662 503 3745 ejus,
533 3662 586 3725 ubi
610 3662 699 3725 nulla
721 3664 770 3725 ost
793 3662 935 3746 acceptio
957 3684 1176 3746 personarum,
1203 3685 1274 3728 cum
1296 3664 1356 3729 hoc
1378 3686 1426 3728 as-

163 3760 273 3828 sistere
297 3763 337 3826 ad
359 3763 566 3828 refellendum
590 3774 659 3846 eos,
688 3764 743 3847 qui
770 3767 954 3828 sanctarum
982 3765 1186 3829 eeclesiarum
1215 3765 1426 3850 neglexerunt

159 3865 375 3951 minume).

230 4103 430 4173 ¹¹)1taG¹G².
461 4102 535 4156 ltditi
552 4109 661 4171 per-duri
718 4109 880 4171 reperientur
897 4110 1069 4173 acquiescunt.
1099 4104 1171 4159 riute
1184 4110 1338 4174 acquiescat,
1356 4104 1427 4160 sicut

139 4193 169 4232 ¹¹
206 4187 445 4255 antecedentibus,
463 4195 608 4242 renuentia
625 4200 709 4242 oestro
727 4188 897 4242 subauditur.

230 4276 262 4342 ¹⁹)
280 4275 325 4327 lta
342 4273 386 4326 G¹.
422 4273 498 4326 Editi
516 4279 601 4326 tenuit.

228 4361 262 4426 ²⁰)
280 4358 325 4412 lta
342 4358 385 4412 G'.
422 4358 496 4410 Editi
513 4379 562 4425 per
579 4363 651 4413 dano.

228 4444 262 4510 ²¹)
280 4444 324 4496 lta
342 4442 377 4497 G¹
390 4443 433 4497 G2.
470 4442 545 4495 Editi
563 4446 712 4509 Eneraplum
783 4450 855 4512 opud
870 4464 924 4500 uos.

228 4529 261 4595 ²¹)
280 4527 311 4580 In
334 4526 369 4581 (ιίΙ
383 4528 418 4581 G²
436 4527 560 4580 additur:
584 4532 709 4595 Erplicit.
740 4532 874 4595 Dionysius
892 4534 1009 4597 Enipeus
1027 4534 1120 4585 Romae
1138 4536 1170 4584 de
1189 4535 1287 4584 Graeco
1305 4534 1426 4583 concuti.

138 4612 243 4666 'uod
259 4628 416 4681 perperam,
436 4615 467 4665 ut
484 4611 652 4677 monuimus,
675 4611 768 4665 Binius
791 4614 819 4668 et
841 4613 888 4682 qui
907 4630 969 4667 eum
987 4614 1074 4669 secuti
1092 4613 1263 4682 adsequens
1281 4613 1426 4668 documen-

138 4696 223 4749 1111
240 4695 432 4751 traduxerunt.
