3450 5678
230 346 233 351 ·
319 316 381 381 388
794 330 1113 377 sensissemus

210 494 307 556 (sim
320 487 472 549 diaeonus
495 506 569 547 vero
592 487 647 548 aut
669 483 824 547 vicarium
846 487 997 568 pirnesiet,
1022 487 1079 548 usit
1100 464 1126 547 si
1150 504 1214 547 uon
1235 483 1395 566 habuerit,
1425 484 1497 569 ipse
1522 484 1597 548 red·

179 559 305 626 =—495.)
320 589 424 652 datur.
470 586 611 651 Residua
638 587 746 650 officia
774 587 895 671 sciant,
926 587 1086 650 neminem
1114 608 1206 671 posse
1234 587 1275 651 ab
1303 586 1529 671 obnoxietate,
1566 589 1595 652 ei

320 691 532 773 convincitur,
557 690 729 755 vindicari:
752 692 909 773 quatenus
931 689 991 753 hoe
1007 689 1118 753 ordine
1134 689 1291 754 custodito
1313 710 1373 754 nec
1387 689 1597 755 dominorum

313 794 389 877 jura
412 816 472 857 uec
494 792 662 878 privilegis
685 792 750 856 ulla
772 793 896 858 ratione
918 793 1100 858 turbentur.

824 983 1006 1086 Epistola
1033 984 1087 1067 21.

211 1147 306 1208 (sess
384 1134 517 1205 Gelusii
542 1153 652 1221 pupse
675 1136 718 1202 ed
740 1136 1038 1227 Herculentium,
1068 1086 1293 1220 Stephanum
1315 1138 1354 1201 et
1375 1133 1527 1203 Justum

201 1214 306 1277 ‘⁴⁹⁶l
856 1240 1049 1323 episcopos.

421 1382 541 1432 Similiter
558 1383 590 1432 de
607 1384 688 1432 servis
705 1381 801 1432 duodus
817 1380 952 1430 Placidiae
967 1381 1077 1443 feminee
1095 1381 1201 1430 illustris
1217 1383 1344 1431 ordinetis
1361 1383 1486 1433 decernit.
1601 1401 1629 1453 p.

471 1515 654 1581 Gelasius
696 1514 980 1598 Herculentio,
1030 1513 1236 1599 Stephano
1279 1517 1316 1578 et
1351 1514 1468 1579 lusto
1507 1514 1593 1601 epi-

564 1620 706 1704 seopis.
1012 1698 1016 1717 .

402 1739 564 1823 Frequens
588 1739 734 1824 equidem
756 1742 788 1803 et
810 1738 937 1804 assidua
965 1759 1023 1803 uos
1053 1738 1182 1824 querele
1210 1736 1449 1822 circumstrepit
1477 1736 1519 1803 de
1541 1736 1593 1804 his

318 1843 535 1927 pontificibus,
564 1842 618 1927 qui
641 1864 745 1927 neque
769 1843 917 1926 antiques
946 1842 1075 1927 regulus
1097 1864 1158 1906 nee
1180 1841 1309 1906 decreta
1330 1843 1441 1905 nostra
1465 1842 1596 1905 noviter

317 1947 440 2010 directa
461 1946 659 2031 ,cogitantem
690 1945 844 2008 obnoxius
874 1944 1161 2029 possessionibus¹)
1193 1944 1414 2029 obligatasque
1437 1964 1595 2027 personas

319 2049 483 2111 venientes
507 2047 546 2111 ad
570 2046 726 2111 clericalis
749 2047 846 2111 oflicii
870 2047 1035 2130 cingulum
1058 2070 1122 2110 nun
1145 2043 1300 2110 refutent.
1335 2044 1446 2129 Nuper
1469 2047 1594 2111 etenim

318 2155 441 2214 actores
464 2150 598 2214 illustris
620 2152 760 2215 feminae
776 2149 938 2213 Placidiae
961 2149 1104 2234 petitorii
1127 2147 1289 2212 oblatione
1313 2148 1481 2231 conquesti
1503 2153 1592 2231 sunt,

318 2252 473 2317 Sabinum
496 2253 771 2317 Mareellisnuursis
799 2253 865 2317 sive
888 2252 1108 2338 Casilinatis²)
1131 2251 1219 2316 urbis
1242 2249 1441 2315 Antiochum
1464 2272 1593 2317 servum

313 2356 398 2436 juris
421 2359 576 2439 [latronse
598 2379 684 2439 suae,
709 2355 852 2420 absentis
875 2355 1023 2419 dominae
1038 2354 1221 2419 occassione
1238 2357 1379 2438 captate,
1404 2353 1444 2418 ud
1460 2355 1593 2440 presby·

318 2458 391 2521 terii
413 2457 567 2523 honorem
590 2481 688 2543 usquc
711 2458 900 2542 productum
909 2459 952 2544 ³),
985 2457 1116 2542 ejusque
1143 2456 1278 2521 fratrem
1301 2454 1471 2521 Leontium
1501 2456 1593 2521 eleri-

319 2560 397 2624 eelis
419 2559 516 2624 officii
540 2561 708 2644 privilegio
719 2560 907 2642 decorasse.
967 2559 1013 2624 iit
1038 2560 1125 2643 ideo,
1154 2560 1272 2623 iratres
1301 2557 1474 2642 carissimi,
1505 2557 1594 2623 inter

318 2663 518 2747 supradictos
541 2668 665 2728 setores
688 2667 720 2727 et
743 2687 806 2745 eos,
830 2664 884 2747 qui
908 2661 1100 2726 conditionis
1122 2665 1283 2725 extremae
1305 2664 1507 2745 repetuntur,
1538 2662 1593 2727 ob

314 2766 436 2847 jectam
465 2766 682 2850 coguitionem
710 2767 800 2831 vobis
834 2768 946 2828 nostra
980 2765 1172 2828 auctoritate
1199 2763 1405 2847 deputamus:
1442 2767 1476 2827 et
1503 2765 1594 2829 omni

318 2868 453 2932 veritate
475 2868 628 2953 discussa,
653 2870 680 2933 si
703 2891 813 2933 revere
834 2868 994 2952 objectam
1016 2868 1078 2931 sibi
1100 2866 1258 2931 maculem
1277 2865 1425 2950 justitiae
1447 2866 1594 2953 refrege-

317 2971 415 3034 tionis
439 2992 503 3035 non
527 2973 667 3056 potuerit
688 2973 812 3035 ratione
833 2971 964 3053 diluere,
990 2970 1159 3033 licontimn
1175 2969 1336 3052 clericmu,
1360 2989 1454 3053 quem
1469 2969 1594 3053 gnidus

237 3082 246 3101 ³
319 3075 506 3157 praefinitus
528 3073 653 3158 legibus
678 3096 740 3137 nou
764 3073 922 3155 defendit,
953 3073 993 3136 ud
1020 3072 1216 3157 sequendum
1245 3070 1483 3157 cognatione)
1513 3094 1596 3137 sune

319 3177 542 3241 necessitatem
565 3176 665 3239 modis
688 3177 834 3239 omnibus
857 3158 1031 3238 redhibete.
1079 3173 1276 3238 Antiochum
1298 3194 1383 3255 vero,
1418 3173 1495 3258 quie
1517 3196 1595 3259 pro·

317 3281 423 3365 pterl)
446 3278 658 3343 secerdotium
681 3300 745 3342 uon
764 3279 833 3360 jam
855 3282 963 3362 potest
984 3276 1105 3359 retolli,
1135 3276 1163 3340 si
1191 3277 1225 3340 in
1248 3297 1338 3353 suam
1361 3275 1534 3341 ecclesium
1558 3278 1610 3351 in,

317 3379 394 3464 hoc,
425 3381 459 3444 in
482 3405 544 3465 quo
567 3384 630 3464 est,
661 3382 780 3446 honore
802 3379 961 3444 desiderat
989 3379 1188 3464 collocore‘l),
1217 3400 1283 3443 non
1305 3377 1406 3444 veluti
1428 3378 1594 3445 redditum

318 3482 390 3564 sibi,
414 3483 469 3546 sed
491 3483 609 3547 habeat
630 3505 688 3569 pro
712 3483 968 3567 ruysterioru111⁷)
992 3481 1206 3547 celebratione
1229 3470 1422 3567 susceptum.

319 3738 402 3774 nense
416 3723 425 3774 l
440 3740 461 3776 e.
475 3727 492 3776 8
510 3725 539 3777 et
557 3721 701 3778 concilium
719 3716 916 3780 Aurelianense
929 3722 967 3779 Ill
981 3744 1003 3779 e.
1015 3731 1055 3780 26.
1084 3724 1120 3779 Et
1136 3724 1206 3780 hace
1224 3719 1336 3793 quidem
1353 3722 1490 3795 epistolae
1508 3724 1598 3797 hujus

319 3805 463 3860 veritatem
483 3808 571 3877 magis
589 3827 621 3863 uc
640 3809 729 3879 mogis
747 3812 924 3877 confirment,
943 3829 1027 3879 quum
1044 3811 1121 3866 illum
1140 3810 1349 3878 minervam,
1368 3809 1445 3880 quod
1456 3809 1586 3867 sentinis

318 3910 384 3946 num
401 3892 474 3946 inter
492 3898 521 3947 et
539 3893 764 3950 Valentiniunmn
782 3896 820 3949 lll
838 3895 1008 3964 intercessit,
1027 3896 1212 3968 conscriptum
1230 3912 1292 3950 esse
1309 3896 1415 3966 petest

387 3983 405 4049 ¹)
423 3980 457 4032 X'
480 3984 681 4048 putrescendae,
710 3999 829 4049 moxque
857 3982 892 4045 Q²
915 3988 1074 4053 idipsumque
1100 4002 1228 4052 personas
1253 3989 1381 4036 venientes
1409 3987 1447 4036 ed
1469 3988 1597 4039 derimle

318 4071 448 4133 einpulmu.

385 4151 406 4220 ¹)
425 4152 468 4205 ltu
486 4149 710 4216 Q¹Q‘11¹D·T.
742 4159 887 4207 Cluentianae
906 4153 934 4207 Ζ.
965 4153 996 4206 ln
1014 4155 1173 4223 fragmento
1193 4160 1223 4208 l'l
1242 4152 1378 4222 epistolem
1394 4152 1506 4223 Pelagii
1528 4154 1541 4209 l
1559 4154 1598 4211 td

318 4235 430 4289 Petrum
449 4235 610 4306 episcopum
623 4237 801 4293 Potentinum
819 4239 939 4310 scriptae
956 4238 1125 4294 mentionem
1142 4238 1202 4294 fieri
1219 4237 1374 4294 videbimus
1387 4243 1596 4296 Marcelline·-

316 4327 353 4374 ris
371 4327 494 4377 ecelesiae
511 4330 563 4376 siue
582 4327 780 4381 consiliantium

385 4409 405 4476 ⁸)
423 4406 457 4460 X¹
476 4413 632 4477 perductum.

385 4494 406 4561 ⁴)
425 4491 521 4556 QTX
539 4499 700 4562 cognitionis,
719 4495 902 4551 emcndantur
921 4513 954 4550 ex
973 4496 1005 4563 Z,
1024 4496 1073 4566 qui
1090 4513 1154 4551 mox
1171 4497 1233 4552 loeo
1251 4500 1383 4552 redhibere
1406 4495 1496 4553 hebet
1517 4503 1601 4555 reddi

312 4579 436 4643 prebeatis.
471 4578 561 4647 Leges
579 4578 625 4632 hic
642 4581 810 4637 memoratus
828 4584 924 4653 repete
943 4600 976 4637 er
994 4581 1067 4636 notis
1084 4582 1113 4636 in
1132 4582 1279 4653 epistolum
1297 4581 1478 4653 superiorem.
1511 4626 1519 4634 .

384 4665 406 4731 ὓ)
425 4663 484 4727 oi*
501 4685 550 4733 per
566 4666 743 4719 secerdotium.
779 4667 965 4724 Praelerimus
983 4686 1045 4723 eum
1063 4669 1082 4722 Z
1101 4680 1211 4737 propter
1228 4674 1406 4723 resecr-dotium.
1437 4666 1505 4722 Mox
1517 4668 1539 4723 Z
1552 4688 1597 4725 re·

317 4754 450 4803 conciliari
467 4752 528 4819 (pro
547 4753 649 4818 retolli).

385 4836 406 4901 ⁸)
424 4834 444 4886 Z
462 4833 508 4887 hie
526 4834 605 4890 uddit
622 4841 734 4900 deintus,
754 4839 828 4908 quod
847 4842 922 4894 certe
940 4839 1025 4895 debet
1042 4839 1193 4895 subaudiri.

384 4920 406 4987 ⁷)
425 4917 468 4977 its
484 4919 512 4974 Z.
543 4920 599 4975 Alii
616 4938 682 4978 vero
700 4920 765 4977 libri
781 4930 984 4981 ministeriorum.
1015 4925 1156 4981 Permittit
1170 4924 1297 4981 Gelenius
1315 4923 1461 4994 dominae,
1478 4942 1597 4985 servum
