3412 5664
226 310 289 374 516
700 320 728 367 s.
744 318 885 367 occasu
908 317 1022 363 erran

313 480 342 541 ῖ.
388 475 485 540 Redit
513 473 599 538 Zeno
626 473 801 556 imperator
828 469 867 534 ad
896 492 1048 556 regnum,
1084 468 1257 533 Basiliscus
1290 468 1504 554 opprimitur.

227 582 369 646 Mittitur
392 577 630 657 Alexandriam,
655 577 691 638 ut
712 573 803 658 pulso
825 594 994 658 pervasore
1009 570 1226 657 Timotheo²⁶)
1241 570 1438 636 Timotheus
1455 592 1506 635 ca·

226 684 363 749 thelicus
385 682 570 745 redderetur
586 677 749 742 ecelesiae.
779 674 840 741 Sed
856 675 918 739 isto
929 674 1097 739 Timotheo
1113 672 1265 738 damnato
1279 677 1389 739 morte
1414 696 1505 759 prae-

228 790 333 866 vento,
363 784 476 848 Petrus
500 803 628 846 consors
655 779 755 862 ipsius
784 779 824 841 ab
852 800 916 843 uno
937 776 1101 843 haeretico
1122 775 1355 841 Alexandrinis
1380 776 1505 860 episco

226 911 285 973 pus
307 886 482 950 ordinatur.
528 882 629 959 (luem
651 881 859 946 nihilominus
888 879 982 961 dejici
1000 879 1100 963 jussit
1121 876 1427 944 Christianissimus
1448 880 1505 944 im·

132 1070 135 1079 ¹
226 992 363 1074 perator,
388 992 421 1051 et
442 985 550 1050 reduci
572 982 776 1049 Timotheum
799 981 1001 1064 catholicmn,
1025 981 1110 1045 sicut
1131 980 1245 1046 Aeacii
1267 979 1506 1047 Constantino

225 1090 360 1175 politani
374 1088 491 1154 litteris
508 1086 698 1151 continetur.
728 1084 879 1169 Quum²⁷)
901 1083 1041 1168 plurimi,
1065 1103 1120 1147 seu
1136 1081 1244 1148 clerici
1265 1104 1325 1147 seu
1348 1083 1505 1149 monachi

224 1215 280 1256 seu
302 1190 473 1255 saecularis
507 1189 591 1252 vitae
624 1187 780 1269 homines,
816 1187 855 1250 ad
885 1185 1140 1250 communionem
1172 1184 1327 1250 catholici
1357 1185 1505 1271 episcopi

224 1294 381 1358 Timothei
405 1291 529 1356 nollent
551 1290 679 1375 penitus
703 1289 883 1371 convenire,
912 1287 1046 1352 diversis
1068 1287 1168 1383 sacris
1189 1287 1309 1352 terruit
1332 1288 1506 1354 universos

224 1394 490 1460 clementissimus
512 1394 697 1478 imperator.

307 1498 337 1562 8.
382 1495 501 1561 Scribit
522 1495 562 1559 ad
584 1517 703 1579 papam
725 1493 925 1578 Simplicium
946 1492 1133 1557 Timotheus
1155 1492 1329 1576 dicens²⁸l‚
1368 1492 1507 1559 Petrum

223 1599 298 1663 olim
325 1600 361 1663 in
383 1597 528 1661 diaconio
558 1617 626 1660 esse
654 1596 851 1678 damnatum,
880 1617 968 1660 nunc
997 1595 1096 1660 etiam
1123 1593 1312 1661 Christiana
1343 1595 1507 1661 socictate

223 1704 394 1784 semotum3
422 1698 580 1763 mandans
603 1719 660 1782 per
682 1696 814 1762 Esaiam
836 1698 1038 1782 episcopum,
1067 1718 1201 1781 rogans:
1232 1701 1272 1761 nt
1301 1698 1509 1764 scriberetur

222 1801 407 1887 imperatori
430 1800 597 1882 chetro,
622 1799 696 1884 quia
719 1800 841 1864 latebat
862 1800 898 1864 in
913 1799 1136 1864 Alexandrina
1153 1800 1287 1865 civitate
1310 1804 1349 1865 et
1370 1800 1508 1867 insidis·

222 1905 317 1968 batur
344 1901 522 1985 Ecclesiae,
556 1905 593 1965 ut
621 1901 660 1965 ad
689 1902 897 1987 longinquius
926 1902 1149 1986 deportaretur
1177 1902 1342 1967 exsilium.
1393 1902 1506 1989 Per²⁹J

220 2006 396 2070 triennium
417 2004 517 2068 ferme
538 2004 589 2068 vel
611 2004 748 2088 amplius
770 2009 902 2069 sanctae
924 2005 1096 2069 memoriae
1110 2026 1195 2089 papa
1209 2004 1410 2090 Simplicius
1425 2028 1507 2073 nnn·
1538 2086 1541 2093 Ι

220 2129 315 2191 qnam
338 2106 623 2171 destititseribere
647 2106 686 2169 ad
710 2106 865 2170 Acacium
887 2107 1082 2191 episcopum,
1105 2109 1143 2171 nt
1165 2110 1280 2192 ageret
1301 2128 1385 2173 cum
1407 2109 1507 2195 impe

220 2214 337 2287 ratore,
362 2212 394 2272 et
416 2210 507 2272 fieret
528 2208 567 2272 de
589 2208 695 2290 Petr0,
719 2208 802 2293 quod
824 2208 1010 2273 Timotheus
1033 2209 1199 2294 episcopus
1220 2209 1435 2294 postulabat.

305 2314 335 2374 a.
363 2311 524 2393 Scriptum
533 2312 573 2381 ²¹⁰]
597 2314 646 2374 est
668 2311 766 2374 etiam
788 2311 928 2395 principi
942 2311 998 2375 sed
1013 2332 1178 2395 nunquam
1200 2311 1279 2375 inde
1302 2313 1507 2399 rescriptam

221 2416 279 2476 est.
325 2411 403 2476 Post
430 2414 538 2477 omnia
564 2412 749 2477 dolrsnnem
771 2414 993 2498 presbyterum
1021 2416 1055 2478 et
1080 2434 1295 2478 oeconomum
1324 2437 1430 2482 suum
1455 2416 1506 2482 Ti·

220 2513 366 2578 motheus
388 2515 428 2577 ad
450 2515 630 2599 principem
651 2515 741 2579 misit
762 2536 892 2600 rogans,
915 2519 953 2579 ut
973 2516 1001 2580 si
1023 2514 1099 2599 quid
1120 2513 1314 2581 humanitus
1337 2518 1409 2583 sibi
1424 2519 1505 2584 iortc

220 2616 433 2700 contingeret,
454 2616 583 2699 juberet
604 2617 708 2700 pietas
731 2617 799 2700 ejus
822 2616 1015 2681 catholicum
1037 2640 1057 2681 a
1072 2616 1240 2681 catholicis
1264 2618 1434 2687 ordinari.
1457 2620 1505 2687 At

140 2766 143 2771 -
220 2718 310 2801 eujus
332 2720 433 2802 petita
457 2739 643 2802 responsum
666 2722 724 2800 est,
749 2725 781 2782 et-
803 2722 871 2782 tam
893 2718 955 2802 ipsi
978 2741 1074 2803 quam
1097 2719 1221 2783 clericis
1245 2720 1437 2805 scriptum:
1460 2728 1505 2788 at-

218 2841 279 2903 que
301 2820 413 2884 iisdem
441 2822 539 2884 sacris
562 2820 729 2885 Johanncs
751 2842 942 2885 oeconomus
964 2820 1074 2884 multis
1101 2819 1252 2885 laudibus
1275 2824 1501 2907 praedicatur,

218 2925 254 2984 ut
275 2921 345 3004 jam
374 2943 456 3005 pene
485 2922 633 2986 omnibus
663 2922 924 3009 Alexandriae³¹l
966 2922 1155 3007 episcopalis
1186 2927 1375 3007 putaretur
1408 2926 1504 2993 otticii

218 3023 417 3087 candidatus.

304 3126 352 3189 10.
397 3126 559 3191 Defuncto
588 3128 650 3190 isto
678 3127 846 3192 Timotheo
877 3127 1026 3211 episcopo
1059 3147 1254 3192 oeconomus
1289 3128 1354 3196 ille
1382 3131 1501 3199 John·

214 3229 330 3313 nesii),
355 3250 449 3313 quem
465 3229 730 3293 clementissimus
752 3231 927 3312 imperator
944 3251 1003 3314 pro
1018 3227 1165 3293 Ecclesia
1187 3236 1221 3293 et
1238 3230 1306 3296 fide
1324 3236 1502 3321 scripserat

215 3404 275 3411 ---
312 3403 360 3408 .—.
375 3404 518 3411 -——

281 3521 313 3584 ²¹²)
332 3518 527 3572 1111111111.
559 3518 613 3571 Alii
625 3519 758 3573 omittunt
775 3523 909 3575 Timotheo.
940 3517 1047 3573 Deinde
1060 3520 1096 3573 G¹
1108 3524 1237 3573 reddatur
1307 3527 1495 3581 Chr-im·

213 3622 265 3654 auar
281 3613 403 3670 princeps
421 3617 446 3657 et
463 3610 563 3657 reducit
580 3610 727 3659 cattotream
750 3608 908 3657 Timottretem.

280 3689 312 3754 ²²)
330 3686 363 3740 G¹
378 3709 430 3740 cetra
449 3694 549 3757 quidam
567 3696 629 3756 eppi
645 3696 733 3743 clerici
748 3709 805 3745 seu.
825 3691 854 3743 cb
866 3687 955 3742 omitt.
973 3695 1084 3757 penitus.
1115 3690 1148 3743 In
1159 3689 1287 3760 epitome
1304 3695 1428 3751 verbm
1437 3714 1493 3751 m·

213 3778 307 3825 tinetur
324 3772 438 3841 excipit:
458 3779 564 3827 interea
581 3778 669 3827 scribit
688 3780 723 3828 ud
739 3795 760 3828 a.
781 3796 812 3831 m,
829 3796 891 3843 pap.
912 3779 1000 3842 Sirapl.
1034 3773 1142 3829 Deinde
1159 3774 1194 3828 Fd
1214 3780 1347 3845 Scripsit.

280 3861 311 3925 ²⁵)
330 3859 361 3910 ln
373 3858 404 3911 Β1
419 3858 453 3911 Fl
467 3859 545 3912 dccet
557 3865 644 3912 diceas
657 3889 688 3898 -
703 3862 808 3913 Esaiam
822 3858 867 3926 (G'
883 3861 989 3927 Iuniam)
1003 3867 1156 3928 episcopam.
1181 3858 1328 3917 Similiter
1337 3867 1376 3921 θ’
1389 3868 1495 3921 muirt-

211 3942 253 3995 hit
271 3944 436 3997 orationem:
455 3950 612 3998 scriberetur
629 3952 779 4011 insperatori
796 3951 828 3998 dc
847 3949 926 3998 Petro
943 3950 1041 4014 loupiac
1059 3953 1085 3999 iu
1103 3951 1207 4000 exitium
1220 3952 1369 4016 (torpendo
1381 3959 1443 4023 quta
1458 3956 1495 4005 te·

210 4032 286 4081 tebet.
324 4027 471 4096 Sequimur
487 4029 527 4081 ibi
545 4029 576 4082 Β·
591 4029 721 4082 1111111111
735 4033 760 4085 0⁵
778 4047 835 4099 seq.
1369 4062 1375 4075 ι

277 4116 309 4181 ²³)
330 4114 371 4166 lta
390 4113 461 4167 G¹D
480 4121 509 4168 et
531 4116 677 4169 confirmat
694 4115 821 4171 Gelasius
843 4114 922 4184 epist.
943 4122 955 4169 1
974 4123 1055 4170 1121.
1091 4116 1147 4170 Atii
1166 4122 1220 4171 Per
1241 4122 1334 4186 [erne
1359 4129 1496 4177 trienni-

208 4210 313 4252 sanetae
394 4220 443 4252 noa
467 4207 542 4253 desiit
558 4207 701 4256 scribendo.
736 4199 906 4255 Earumdcm
924 4199 1064 4255 Timothei
1086 4201 1248 4257 litterarum
1266 4206 1408 4263 meminit
1424 4204 1493 4265 Sin·

208 4282 307 4353 plieius
326 4282 405 4352 epist.
428 4290 458 4337 11)
476 4291 504 4338 et
525 4294 562 4339 13,

275 4367 515 4437 1’·)1111)β[’11Κ
534 4371 698 4436 temutes,
722 4388 792 4440 quse
815 4371 868 4426 hoc
890 4389 1006 4428 numero
1027 4372 1213 4428 continentur.
1250 4372 1428 4448 Legationis
1447 4378 1493 4435 Jo-

208 4452 306 4507 hsnnis
324 4455 353 4505 ot
370 4453 513 4521 petitionis
526 4455 667 4509 Timothei
678 4457 805 4510 meminit
816 4455 952 4525 Euagrius
970 4457 1016 4524 111,
1031 4464 1069 4522 11,
1087 4457 1244 4528 imperialis
1255 4464 1395 4533 responsi
1407 4465 1495 4521 otiu

208 4536 284 4590 Felix
304 4537 382 4607 epist.
401 4546 409 4589 1
430 4557 456 4591 n.
474 4548 511 4605 10,
530 4550 544 4592 2
563 4558 589 4593 n.
602 4548 626 4593 1.
1174 4557 1178 4566 ·

276 4626 307 4689 ³'¹>
326 4623 369 4675 tta
386 4622 418 4675 ΒΙ
432 4623 467 4676 Fd
480 4623 527 4690 G¹;
546 4630 574 4677 a³
594 4631 793 4693 Alexandrinis,
812 4626 880 4681 editi
899 4632 1101 4685 Alexandrinas.

275 4708 306 4775 ³²)
325 4708 368 4761 lta
380 4708 413 4762 G'
428 4709 664 4764 consentientibus
677 4713 693 4779 β
707 4715 732 4764 Γ
748 4711 807 4765 Lib.
837 4714 876 4766 At
886 4712 917 4765 ΒΙ
932 4712 967 4766 rt
980 4718 1006 4767 cl
1018 4730 1074 4782 seq.
1088 4718 1221 4770 tatianos
1233 4738 1395 4777 arconem
1407 4728 1494 4779 cath

207 4796 268 4843 tirra-
281 4813 296 4843 u
309 4799 446 4849 catholicis.
460 4794 524 4847 Mox
536 4796 568 4847 B¹
580 4796 601 4849 F
603 4798 614 4830 ‘¹
624 4798 649 4849 cl
662 4813 718 4864 seq.
734 4804 765 4850 de
778 4805 958 4853 currsuetutlt'ae
970 4805 1102 4867 triajorrua
1117 4799 1165 4853 ubi
1177 4798 1212 4854 G*
1227 4808 1261 4857 de
1274 4825 1361 4870 mom,
1373 4808 1448 4864 etB¹
1458 4808 1492 4863 Ρ*

208 4875 366 4931 omittentes
376 4899 426 4946 per·
438 4884 710 4936 Isidorum-diaconam
723 4888 821 4950 postea
835 4900 897 4938 cum
907 4890 933 4938 οῖ’
942 4900 1000 4953 seq.
1013 4884 1123 4941 addunt
1128 4890 1196 4954 jem,
1207 4890 1239 4942 et
1246 4892 1275 4943 in
1286 4893 1371 4960 (mbo
1381 4898 1491 4965 fidet).
