3450 5678
239 3497 330 3546 -496,

338 285 403 352 451
814 300 841 348 s.
860 297 1000 347 sunssu
1024 296 1137 348 namn

340 456 500 520 sororibus
523 455 621 518 fuisse
642 456 808 536 nudatam,
832 474 913 537 quae
928 454 1099 535 parentum
1114 451 1329 516 substantiam
1351 451 1437 516 solae
1460 453 1523 517 sibi
1540 475 1610 518 eon-

340 560 464 642 tempta
487 558 555 641 ejus
571 557 742 620 solitudine
758 555 903 637 divisere,
926 554 1114 617 maritorum
1130 575 1259 618 suorum
1274 554 1424 618 suffultae
1439 555 1610 639 praesidio.

340 660 385 724 Et
407 659 482 743 quia
504 659 640 723 interest
662 659 760 722 officii
783 658 848 739 tui,
876 659 913 720 ut
934 655 1116 739 hujusmodi
1138 657 1308 740 personas,
1338 657 1477 741 quaein
1499 679 1614 742 propo

341 762 403 826 sito
426 761 560 825 devotae
579 761 696 824 mentis
718 758 909 843 integritate
931 759 1117 842 perdurant,
1152 779 1294 842 congrus
1316 757 1503 824 defensione
1526 763 1615 825 tuea-

340 865 396 946 ris,
419 863 520 927 frater
544 861 716 944 ean'ssime,
751 861 903 945 quidquid
925 860 961 924 in
983 860 1185 944 supradictae
1207 859 1348 924 feminae
1370 861 1502 946 negotio
1525 866 1615 947 peta·

341 969 404 1047 tur,
429 964 593 1048 impende,
618 986 659 1028 ne
686 962 821 1047 patiaris
852 985 922 1027 eam
952 962 1058 1026 esuis
1081 962 1242 1026 sororibus
1265 962 1321 1026 aut
1343 963 1383 1026 ab
1406 985 1518 1028 earum
1542 988 1617 1030 oon·

337 1066 471 1150 jugibus
494 1066 605 1149 aliqua·
622 1065 827 1149 oppressione
855 1065 1017 1129 laborare:
1049 1066 1086 1128 ut
1113 1066 1243 1147 recepta
1272 1064 1311 1128 de
1339 1069 1512 1148 parentum
1542 1067 1617 1131 sub·

342 1168 463 1234 stantia
484 1168 631 1252 portione
653 1167 761 1231 debita
783 1166 852 1232 Deo
874 1167 975 1250 possit
996 1167 1106 1250 quieta
1128 1169 1236 1230 mente
1258 1167 1386 1232 servire.

843 1353 1026 1456 Epistola
1051 1354 1106 1438 41.

496 1502 632 1576 delusit
656 1525 766 1592 papae
788 1507 832 1573 ad
855 1508 994 1574 Bonum
1016 1508 1222 1591 eploospum
1245 1505 1461 1575 Subinatem.

379 1650 412 1701 de
431 1651 542 1713 Itufinum
565 1649 709 1700 rnoaaelam
729 1665 779 1712 pro
802 1648 910 1698 basilica
928 1665 950 1702 s.
969 1649 1105 1697 Laurentii
1123 1655 1316 1712 praesentatum
1337 1651 1453 1715 sequenti
1473 1649 1583 1700 sabbato
1629 1665 1659 1723 p,
1668 1654 1709 1703 13,

377 1737 510 1786 diaconam
526 1735 615 1797 faciat,
633 1733 790 1798 presbyterii
806 1735 968 1784 ordinatione
986 1750 1065 1798 nsque
1083 1734 1119 1783 ad
1134 1735 1274 1785 medianam
1291 1733 1472 1785 hebdomadam
1489 1735 1581 1786 ditata.

498 1866 685 1931 Gelasius·
703 1865 811 1931 Bono
834 1868 1021 1952 episcopo
1044 1865 1244 1932 Sabinati.

429 1987 468 2050 Iu
491 1985 721 2070 parochiatae
744 1987 877 2051 basilica
900 1987 1004 2050 sancti
1027 1986 1209 2070 Laurentii,
1243 2008 1325 2070 quse
1353 1988 1389 2051 iu
1414 1989 1623 2072 possessione

344 2088 401 2153 filii
425 2091 457 2152 et
480 2089 654 2152 consiliarii
677 2089 780 2152 nostn'
794 2088 855 2152 viri
870 2089 1035 2174 magnifici
1051 2089 1209 2153 Theodori
1231 2089 1368 2154 tundata
1390 2093 1449 2173 est,
1472 2090 1624 2157 officium

344 2191 523 2276 presbyteri
546 2190 654 2254 deesse
678 2191 898 2275 cognovimus.
936 2190 980 2254 nt
1001 2191 1076 2276 quia
1098 2191 1262 2275 praefatus
1285 2191 1368 2256 filius
1391 2195 1501 2257 noster
1523 2193 1625 2259 nobis

345 2292 456 2357 retulit
483 2293 644 2357 invenisse
666 2292 819 2357 Rufinum
847 2294 1017 2376 quemdam
1039 2292 1232 2358 monachum
1259 2292 1335 2358 olim
1364 2292 1425 2358 sibi
1452 2293 1522 2359 vita
1550 2297 1624 2381 et¹)

344 2395 485 2459 moribus
508 2396 760 2480 comprobatum,
783 2399 816 2460 et
837 2395 923 2459 hunc
945 2396 1088 2479 postulat
1113 2395 1157 2459 ibi
1180 2395 1402 2479 presbyterum
1424 2397 1623 2482 consecrari,

345 2497 429 2581 quod
462 2497 566 2562 subito
600 2499 669 2562 fieri
702 2520 761 2562 uos
791 2498 1016 2583 praerogatn²)
1050 2497 1255 2563 observantie
1288 2519 1354 2562 non
1386 2497 1623 2582 acquievimus.

344 2599 482 2684 Ideoque
504 2599 633 2665 dilectio
655 2604 711 2664 tua
734 2599 783 2662 his
806 2600 947 2684 acceptis
976 2599 1110 2664 sabbato
1137 2601 1286 2665 veniente
1315 2600 1416 2664 faciat
1443 2622 1516 2665 eum
1545 2602 1625 2668 sub

345 2701 532 2785 diaconum,
567 2706 599 2766 et
626 2703 653 2766 si
681 2701 769 2767 Deus
798 2702 933 2766 voluerit
961 2705 993 2765 et
1021 2702 1206 2785 vixerinius,
1241 2703 1390 2768 mediana
1416 2702 1626 2769 hebdomoda

345 2804 566 2888 presbyterum
587 2805 790 2890 faciemus³):
819 2808 976 2889 quatenus
998 2805 1244 2888 superveniente
1270 2805 1447 2870 festivitate
1469 2804 1624 2889 paschali

345 2928 437 2971 sacra
458 2907 644 2993 mysterial)
667 2908 701 2972 in
723 2911 900 2971 memorata
922 2908 1054 2972 basilica
1077 2930 1096 2972 a
1119 2900 1255 2991 persona
1276 2906 1471 2991 competenti
1485 2907 1625 2973 valeant

346 3008 522 3094 adimpleri.

856 3196 1049 3299 Epistola
1063 3197 1109 3280 la

953 3349 1002 3387 8011

247 3429 565 3521 “·4951)οοι·ο1α118’)
588 3446 631 3502 de
646 3443 852 3513 recipiendis
875 3446 909 3499 et
931 3458 1000 3500 non
1022 3443 1228 3513 recipiendis
1249 3442 1358 3510 libris,
1381 3442 1443 3511 qui
1462 3442 1624 3515 mimus

344 3549 397 3605 est
419 3560 439 3604 a
454 3547 590 3604 Gelasio
605 3561 694 3617 papa
716 3560 795 3603 oum
809 3547 902 3602 Lxx
924 3546 1005 3602 viris
1029 3545 1272 3603 eruditissimis
1294 3544 1465 3615 episeopis
1479 3544 1519 3602 ln
1536 3548 1625 3605 sede

747 3648 935 3718 apostoliea
956 3647 1053 3704 urbis
1075 3649 1211 3705 Romae.

931 3810 941 3837 s
967 3828 997 3873 P·
1035 3858 1043 3874 .
1644 3852 1654 3882 )

404 3876 409 3881 Ι
432 3916 459 3978 1.
486 3915 594 3999 aas)
610 3915 814 4000 propheticas
831 3916 864 3979 et
878 3810 1081 3998 evddgelicas
1100 3915 1195 3997 atque
1211 3911 1403 3996 apostolicus
1426 3836 1713 3999 scriptumst*

414 4105 434 4168 ¹)
452 4103 471 4156 Z
491 4101 570 4156 addit
587 4108 721 4169 reliplonc,
749 4103 778 4156 et
801 4118 865 4155 mox
883 4100 911 4153 in
929 4098 1095 4169 quibusdam
1119 4097 1261 4153 codicibus
1283 4111 1310 4154 el
1326 4105 1353 4152 ln
1370 4103 1483 4154 emitas
1501 4098 1578 4168 (loeo
1598 4114 1626 4157 et

345 4190 475 4253 moribus).

410 4274 432 4340 ¹)
451 4272 470 4326 Z
488 4283 632 4342 prorepalu
706 4278 762 4325 ideo
836 4276 874 4324 liis
892 4277 984 4325 litteris
1002 4276 1124 4338 acceptis.
1167 4269 1244 4324 Haec
1261 4272 1424 4324 observanda
1441 4269 1557 4326 noviter
1574 4271 1627 4327 de·

345 4360 422 4414 crebo
442 4356 569 4426 synodali
588 4357 690 4423 (Gelam.
711 4355 791 4426 epist.
808 4363 837 4409 ll
857 4374 878 4409 o.
895 4360 938 4423 11)
956 4357 1011 4409 fixa
1029 4357 1098 4408 crat.

325 4441 336 4459 ⁸
411 4446 432 4512 ³)
451 4444 484 4508 (t'
501 4446 555 4509 suc,
574 4442 592 4494 Z
610 4446 739 4508 fintenus,
759 4441 834 4510 quod
852 4440 949 4495 melius
968 4459 1028 4494 cum
1048 4438 1225 4494 antecedenti
1243 4445 1380 4493 amerinae
1397 4439 1541 4509 congruit.

411 4532 432 4595 ⁴)
451 4529 470 4581 Z
489 4532 636 4581 minueris.
673 4528 706 4590 Q¹
726 4526 827 4580 (deinde
845 4547 877 4579 nc
894 4546 1014 4594 persona.

413 4617 432 4680 ¹)
451 4614 495 4667 Ita
512 4612 595 4666 F²H⁸
611 4616 708 4680 Incipit
730 4617 867 4665 decretalis
886 4612 937 4666 eto.
974 4610 1093 4678 [tentiis
1116 4609 1469 4685 inscriptioniliussccole,
1493 4627 1570 4680 quac
1595 4612 1626 4668 in

346 4697 450 4753 monito
469 4700 565 4752 nostro
584 4704 639 4751 nl
658 4696 808 4751 attulimus.

410 4785 432 4843 ¹)
450 4783 502 4848 Qui
520 4782 725 4853 praenuserunt
746 4799 881 4837 canonem
899 4782 1060 4855 Scripturas
1079 4784 1108 4835 et
1127 4781 1195 4848 alia,
1217 4798 1291 4849 quae
1307 4798 1359 4836 nos
1376 4780 1477 4835 melius
1495 4780 1626 4840 Damaso

343 4867 499 4936 tribuimus,
516 4867 562 4924 hic
574 4869 693 4926 addunt:
712 4873 758 4922 das
770 4887 855 4924 oannes
864 4889 907 4937 pr.
919 4888 941 4923 e.
954 4888 992 4923 eo.
1006 4888 1032 4922 o.
1044 4889 1087 4937 ap.
1098 4887 1162 4939 qens
1178 4872 1298 4938 superins
1310 4872 1514 4937 depo-peius
1525 4874 1627 4940 script.
