3412 5664
290 110 333 175 to
658 122 793 173 norrea
816 121 969 170 enanvra
992 120 1029 169 rn
1051 120 1191 171 ournsrr

291 289 436 359 Batonius,
459 303 542 362 quum
562 303 576 341 a
591 284 729 343 Frontone
745 285 849 341 bucaeo
869 284 976 340 saniora
991 291 1019 340 et
1033 283 1184 359 integriora
1198 284 1348 358 accepisset
1361 299 1378 340 e
1393 282 1559 343 virdunensi

291 392 341 432 ms.
363 373 514 449 descripta,
536 370 675 429 annalibus
695 372 752 427 suis
772 369 804 425 ad
825 385 924 426 annum
939 367 1001 428 495
1022 385 1056 425 en
1075 367 1158 440 hujus
1177 368 1338 444 exemplaris
1359 366 1413 426 lide
1433 370 1561 427 inseruit.

292 458 404 517 Fatetur
418 457 540 533 quidem,
563 458 656 514 necin
679 457 731 513 hoc
751 457 830 512 etiam
854 454 948 511 codice
967 454 1063 511 deesse
1083 452 1192 515 ruenda,
1213 452 1263 509 sed
1282 463 1389 516 monet.
1411 453 1563 511 collatione

292 547 360 602 laeta
375 561 436 600 cum
451 546 483 599 iis
499 544 596 618 gestis,
618 558 686 616 quae
701 558 716 596 e
732 541 859 597 Vaticano
871 555 935 596 cusa
950 547 1027 602 sunt,
1049 555 1143 614 purum
1158 537 1267 602 abesse,
1289 541 1355 613 quin
1371 541 1399 595 in
1415 541 1563 614 pristinum

292 630 435 687 candorem
451 627 598 684 habeantur
612 629 746 682 restituta.
776 625 807 681 ln
822 624 875 681 lroc
895 633 982 681 tamen
1004 626 1134 681 ramatum
1150 622 1296 681 lectionum
1317 623 1426 681 delectu
1441 626 1466 680 si
1482 641 1564 681 ocur·

293 716 431 790 petissimo
453 715 511 768 viro
532 712 564 767 ad
585 710 743 786 pensitanda
759 726 882 786 quaeque
897 711 1077 766 necessarium
1092 726 1148 766 non
1164 708 1296 765 defuisset
1311 719 1432 786 tempus.
1456 709 1565 767 ielicior

292 817 353 856 esse
363 800 506 874 potuisset.
536 796 628 873 Neque
643 797 715 853 bunc
729 795 849 852 laborem
863 803 959 870 postea
975 795 1003 851 ln
1019 811 1049 850 se
1064 802 1245 870 susceperuut
1259 793 1351 851 binim
1366 811 1398 851 ac
1411 802 1564 871 sequentes

293 885 469 943 conciliorum
484 882 617 945 editores,
634 891 663 938 ut
681 883 822 938 uarietates
837 894 851 936 a
864 878 1004 937 Frontone
1015 879 1119 936 llueaeo
1135 887 1275 936 annotatas
1291 879 1323 935 ad
1339 882 1469 937 trutinam
1485 896 1565 937 rere-

293 978 398 1033 carem.
415 985 515 1043 easque
530 970 558 1025 in
574 975 678 1024 tentum
693 966 874 1023 transferrent
890 965 1034 1029 lectiones,
1057 981 1126 1041 quae
1141 966 1263 1039 potiores
1280 965 1452 1023 riderentur:
1483 965 1566 1023 Baro·

294 1058 402 1113 niarium
414 1053 551 1128 exemplar
560 1054 669 1128 penitus
680 1052 774 1115 secuti.
792 1050 918 1124 quasdam
934 1066 966 1106 es
981 1049 1124 1125 praedictis
1140 1049 1312 1106 variemtibus
1327 1051 1359 1108 ad
1375 1051 1478 1108 calcem
1499 1049 1566 1108 sub·

292 1142 378 1214 jicere
394 1141 460 1196 satis
476 1137 637 1195 habuerunt.
669 1137 727 1193 lloe
748 1139 839 1210 itaque
854 1153 923 1211 opus
946 1135 1023 1193 nobis
1038 1152 1111 1192 nunc
1125 1134 1293 1192 tentandum.

380 1241 408 1298 2.
430 1245 469 1298 Ac
484 1243 571 1316 primo
588 1239 695 1314 quidem
711 1239 829 1295 occurrit
844 1255 899 1295 non
915 1238 973 1294 leve
988 1237 1056 1294 illud
1071 1236 1228 1301 discrimen,
1246 1237 1319 1311 quod
1335 1237 1464 1295 subnexis
1476 1242 1566 1314 gestis

294 1332 322 1386 in
337 1327 456 1385 editione
470 1325 588 1382 Romana
603 1342 636 1382 er
647 1325 773 1380 Vaticano
784 1322 878 1379 codice
892 1324 1074 1397 praemittitur
1088 1316 1244 1396 Dionysius
1256 1324 1390 1397 Exiguus
1402 1324 1514 1381 Romae
1529 1327 1567 1382 dc

293 1431 401 1490 gracco
423 1416 565 1473 conuerti,
587 1409 748 1466 Virduneusi
769 1416 859 1464 autem
881 1425 930 1463 rns.
947 1406 1031 1464 abest.
1069 1406 1138 1464 ilinc
1159 1406 1260 1464 oboriri
1282 1408 1421 1465 nonnuliis
1441 1411 1566 1485 suspicio

295 1507 403 1575 posset,
419 1498 518 1571 duplex
533 1498 561 1552 in
572 1494 678 1551 duobus
694 1494 746 1550 illis
760 1511 823 1549 mss.
837 1492 993 1548 eorumdem
1005 1500 1146 1566 gestorum
1160 1494 1290 1549 asservari
1300 1494 1462 1567 exemplum.
1480 1511 1566 1552 unum

296 1584 398 1642 scilicet
413 1600 445 1638 ex
462 1581 617 1637 authentico
633 1580 716 1636 latino
732 1578 911 1653 descriptum,
935 1577 1048 1634 alterum
1069 1594 1230 1634 conversum
1251 1595 1266 1634 e
1282 1595 1396 1653 graeco.
1419 1596 1472 1636 nec
1485 1579 1565 1637 aliam

296 1667 475 1745 quaerendam
490 1682 611 1728 causam,
634 1683 682 1720 cur
697 1664 750 1721 duo
766 1663 812 1719 illa
827 1662 947 1737 exempla
964 1671 1005 1718 tot
1020 1663 1091 1720 inter
1106 1678 1137 1718 se
1151 1662 1218 1719 locis
1234 1662 1397 1739 discrepent.
1434 1666 1471 1721 At
1491 1666 1567 1722 iuter

296 1756 451 1813 varietates.
469 1750 567 1826 quibus
583 1768 647 1806 mss.
664 1750 805 1805 Vaticanus
821 1765 852 1804 ac
866 1747 1042 1804 virdunensis
1058 1747 1198 1812 dissident,
1215 1748 1412 1805 excutientibus
1427 1749 1503 1807 nulla
1519 1766 1566 1825 ap·

295 1840 398 1915 paruit.
430 1853 497 1911 quae
518 1836 736 1910 interpretationi
758 1833 879 1889 diversae
900 1851 929 1889 ac
951 1849 1006 1889 nou
1032 1834 1124 1908 potius
1146 1834 1192 1889 uni
1213 1832 1383 1890 librariorum
1405 1834 1500 1907 majori
1523 1835 1566 1892 rel

296 1925 394 1980 minori
410 1921 567 1997 diligentiae
583 1920 724 1976 tribuenda
739 1918 886 1974 videretur.
911 1917 1008 1974 lteinde
1023 1934 1182 1992 persuasum
1199 1918 1277 1975 nobis
1293 1920 1353 1981 luit.
1369 1918 1483 1977 Romani
1498 1936 1566 1977 con·

296 2009 350 2066 cilii
365 2010 391 2064 in
407 2024 487 2064 causa
502 2006 560 2062 itali
576 2007 694 2080 episcopi
710 2013 788 2079 gesta
803 2003 885 2059 latine
900 2003 1053 2077 conscripta
1073 2020 1146 2065 esse,
1174 2012 1221 2059 aut
1240 2005 1263 2059 si
1285 2006 1364 2060 etiam
1385 2006 1413 2061 in
1434 2021 1567 2080 graecum

296 2110 449 2151 sermonem
463 2100 576 2167 propter
588 2091 704 2146 Graecos
717 2090 836 2145 tuissent
847 2105 984 2150 conversa,
1001 2087 1113 2145 latinum
1125 2105 1219 2144 eorum
1232 2089 1368 2164 exemplar
1378 2089 1567 2147 authenticum

296 2180 423 2253 llionysio
439 2177 557 2252 Exiguo,
574 2178 619 2250 qui
636 2175 735 2231 llonrae
751 2174 900 2248 Spnrruaclrl
917 2190 1000 2247 papae
1016 2172 1182 2248 temporibus
1198 2173 1340 2237 scribebat,
1356 2173 1450 2246 ejusve
1466 2192 1568 2251 aequa·

296 2264 365 2322 libus
381 2262 506 2319 Romanis
522 2278 689 2335 nequaquam
705 2262 741 2315 ira
757 2262 881 2334 ignotum
896 2267 942 2313 aut
958 2257 1095 2314 oecultum
1111 2258 1234 2315 iuturum
1249 2260 1342 2323 luisse,
1360 2269 1390 2316 ut
1406 2260 1449 2315 rel
1461 2269 1567 2324 esseut,

296 2351 343 2426 qui
357 2366 453 2406 noram
469 2366 483 2404 e
499 2364 598 2422 graeco
610 2347 815 2402 conversionem
828 2343 860 2399 ab
872 2362 905 2399 eo
918 2352 1089 2418 quaererent,
1106 2344 1148 2400 vel
1158 2346 1205 2418 qui
1216 2360 1277 2401 eum
1290 2344 1322 2400 ad
1328 2345 1457 2401 inutilem
1470 2344 1568 2417 hujus·

297 2435 368 2493 modi
384 2451 493 2508 operam
508 2430 704 2506 suscipiendam
720 2429 848 2485 inducere
863 2430 1025 2503 potuissent.
1063 2428 1204 2486 Praeterea
1224 2438 1251 2486 et
1271 2431 1299 2485 in
1320 2432 1367 2492 iis,
1390 2446 1460 2504 quae
1480 2432 1568 2488 inter·

297 2521 419 2594 loquitur
435 2518 569 2580 Gelasius‚
591 2516 658 2572 adeo
680 2514 838 2570 manifestus
859 2516 932 2570 visus
947 2522 989 2569 est
1004 2512 1063 2585 eJus
1075 2514 1170 2576 stilus,
1191 2523 1222 2570 ut
1243 2515 1428 2571 authenticum
1450 2516 1567 2573 tatinum

298 2606 330 2662 ad
346 2622 395 2662 nos
412 2604 568 2678 pervenisse
584 2601 649 2657 nilril
665 2599 858 2656 dubitaremus.

381 2708 409 2764 3.
440 2705 493 2761 lsta
509 2721 592 2779 quuru
608 2702 841 2764 observassemus,
858 2701 1034 2776 arelretypuru
1050 2704 1211 2776 recognosci
1229 2703 1381 2758 curavimus
1396 2702 1566 2767 Vaticanum,

297 2811 328 2850 er
349 2809 403 2867 quo
420 2793 504 2848 totius
525 2791 564 2846 rei
586 2790 681 2844 veritas
697 2786 804 2843 laudern
821 2785 898 2842 uobis
914 2787 1052 2861 explorata
1068 2787 1126 2843 init.
1172 2786 1200 2843 ln
1223 2787 1274 2843 lroc
1296 2788 1395 2862 quippe
1416 2789 1567 2864 exemplari

297 2887 373 2954 gesta
388 2877 422 2934 de
434 2877 526 2932 lliseui
538 2873 709 2941 absolutione
720 2872 841 2947 proxime
853 2872 987 2927 antecedit
999 2873 1120 2943 libellus,
1133 2887 1215 2946 quem
1224 2874 1365 2929 dederunt
1376 2877 1571 2945 apocrisiarii

297 2965 518 3021 Alexandrinos
534 2963 675 3016 ecclesiae
690 2961 794 3032 legatis
808 2958 845 3013 nb
858 2958 929 3013 erte
938 2957 1029 3013 Romo
1038 2958 1308 3029 Constantinopolim
1318 2960 1479 3030 destinatis,
1496 2960 1568 3016 inira

298 3051 368 3105 inter
382 3046 510 3122 epistolas
526 3046 657 3100 Anastasii
672 3043 693 3098 ll
709 3041 844 3104 edendus,
860 3040 892 3096 ad
908 3043 985 3112 quus
1000 3042 1099 3098 calcem
1114 3042 1229 3117 legitur:
1247 3044 1378 3115 Explicit
1393 3043 1563 3118 Dionysius.

298 3134 365 3188 Tum
380 3134 505 3205 sequitur
520 3131 573 3186 lroc
588 3128 704 3202 llionysii
721 3128 918 3183 testimouium:
934 3128 1090 3199 Dionysius
1104 3129 1238 3203 Enipeus
1251 3130 1287 3184 de
1297 3143 1406 3201 gracco
1418 3134 1566 3187 conuerti.-

298 3219 341 3274 eui
363 3215 544 3286 subjiciuntur
559 3223 636 3287 gesta
652 3213 685 3268 de
700 3211 871 3267 absolutione
887 3211 990 3268 bliseni.
1026 3211 1128 3279 Quibus
1150 3211 1235 3286 prolre
1256 3214 1397 3287 perpensis
1413 3212 1566 3272 Romanum

298 3302 444 3363 editorem,
467 3316 549 3373 quum
566 3298 684 3372 lliouysii
705 3299 889 3353 testimouium
910 3297 944 3352 de
965 3298 1050 3371 gestis
1065 3299 1092 3352 in
1108 3297 1279 3354 absolutione
1294 3297 1387 3353 bliseni
1405 3297 1509 3355 dictum
1524 3301 1566 3355 in·

300 3386 417 3448 tellenit.
436 3384 626 3440 hallucinatum
645 3399 705 3438 esse
720 3383 851 3438 constitit.
889 3380 963 3438 Licet
978 3383 1049 3438 enim
1064 3383 1100 3438 ita
1115 3384 1151 3438 sit
1166 3384 1285 3458 positum
1301 3382 1354 3439 lroc
1368 3384 1564 3447 testimonium.

301 3481 328 3527 ιιι
344 3471 377 3527 ad
389 3480 466 3546 gesta
481 3470 526 3525 illa
541 3466 652 3543 perinde
668 3475 749 3540 atque
764 3467 796 3522 arl
812 3466 1014 3523 arrtecerleuterrr
1030 3466 1149 3524 libellum
1165 3467 1260 3523 referri
1276 3467 1374 3530 valeat.
1391 3467 1459 3524 illud
1476 3477 1565 3526 temen

300 3557 332 3613 ad
347 3554 468 3612 libellum
483 3555 619 3628 pertinere
635 3561 726 3627 aperte
741 3552 834 3607 docuit
851 3551 988 3615 librarius,
1006 3569 1087 3626 quum
1100 3552 1132 3608 ad
1144 3553 1203 3624 ejus
1215 3552 1313 3609 calcem
1327 3552 1484 3627 adscripsit:
1500 3555 1564 3611 Ex·

295 3645 379 3716 plicit
393 3641 558 3713 Dionysius
596 3638 687 3712 Neque
704 3654 766 3692 vero
782 3638 1016 3711 apocrisiariorum
1029 3637 1221 3694 Alexandrinae
1237 3638 1365 3694 ecclesiae
1380 3637 1488 3695 libellus
1503 3637 1565 3695 llio·

301 3728 377 3801 nysio
398 3724 508 3781 attribui
523 3725 612 3798 potuit
633 3726 802 3780 enunciari.
848 3721 976 3790 Quocirca
997 3730 1095 3783 restat,
1118 3731 1148 3778 ut
1169 3724 1218 3796 ipsi
1242 3722 1408 3779 adscribatur
1429 3731 1564 3798 tamquam

299 3813 455 3885 interpreti:
477 3824 529 3883 qua
550 3807 584 3864 dc
602 3825 631 3865 re
653 3817 682 3864 ut
698 3824 777 3864 nemo
793 3806 922 3882 ambigat,
944 3807 1017 3863 docti
1034 3806 1114 3877 lrujus
1130 3808 1252 3864 monaclri
1272 3807 1403 3863 ‹liserturu
1418 3807 1486 3865 illud
1501 3808 1565 3865 sub·

296 3897 391 3968 jicitur
405 3895 604 3951 testimonium:
631 3896 786 3967 Dionysius
802 3894 936 3965 Exiguus
949 3895 985 3947 ele
998 3908 1106 3966 precco
1121 3897 1260 3950 conuerti.

209 3997 213 4065 1
222 3993 286 4064 Etr]
387 3975 474 4059 [idem
489 3978 630 4035 confirmat
642 3978 727 4035 ceder
740 3976 980 4038 Vaticanusi‘liil.
997 3963 1077 4051 quern
1093 3979 1171 4033 etiarn
1187 3995 1237 4053 pro
1253 3979 1303 4034 hac
1317 3978 1424 4051 synodo
1439 3982 1565 4036 recensui

301 4076 328 4124 et
343 4066 420 4137 cujus
437 4065 508 4121 lorte
525 4064 570 4121 ille
586 4063 698 4120 editoris
715 4061 824 4118 llorrrani
841 4063 947 4119 nonnisi
963 4064 1139 4137 apographon
1153 4072 1223 4127 crat;
1241 4064 1267 4118 in
1285 4080 1339 4136 quo
1355 4062 1404 4118 lol.
1414 4063 1454 4121 63
1470 4074 1566 4138 aperte

301 4154 397 4210 litteris
413 4149 569 4222 majusculis
585 4148 759 4206 adscribitur:
790 4148 930 4220 Explicit.
960 4148 1116 4221 Dionysius
1132 4148 1268 4222 Exiguos
1282 4150 1392 4205 Romae
1406 4150 1442 4206 de
1455 4165 1565 4223 gracco

301 4230 454 4314 converti]

386 4323 504 4396 lienique
519 4330 608 4376 cetera
623 4320 797 4375 conveniunt.
829 4318 892 4374 Nam
908 4327 935 4374 et
951 4315 1057 4373 libellus
1071 4317 1103 4373 alr
1119 4320 1296 4392 apocrisiariis
1313 4318 1507 4375 Alexandrinae
1523 4336 1567 4377 ec·
1594 4298 1606 4321 ⁸

301 4410 399 4465 elesiae
416 4409 511 4482 legatis
529 4406 659 4462 Anastasii
671 4404 692 4459 ll
707 4420 790 4477 papae
805 4402 883 4459 datus
899 4403 980 4459 latina
992 4405 1213 4477 interpretatione
1224 4406 1354 4479 eguisset,
1371 4411 1398 4459 et
1408 4403 1566 4479 bionpsium

303 4494 434 4568 Exiguum
450 4493 571 4567 proxime
586 4498 649 4564 post
664 4498 779 4545 mortem
795 4488 905 4552 delusit,
926 4490 970 4545 cui
985 4490 1140 4544 Anastasius
1161 4492 1306 4554 successit,
1328 4488 1436 4545 liorrram
1459 4491 1568 4547 venisse

302 4588 405 4635 certum
421 4586 472 4633 est.
503 4576 574 4633 Alias
590 4584 678 4630 autem
693 4575 836 4630 varietates
852 4576 879 4629 iu
894 4572 1022 4644 subjectis
1038 4575 1256 4631 enunciationlbus
1272 4574 1465 4649 expendemus.

395 4680 417 4735 l.
448 4664 528 4736 Gesta
545 4679 610 4734 lraec
624 4676 715 4732 laudnt
731 4676 842 4751 l'igilius
859 4693 925 4750 papa
939 4677 967 4732 iu
982 4677 1132 4732 constituto
1148 4694 1197 4732 seu
1212 4677 1325 4751 epistola
1340 4675 1380 4732 24
1396 4693 1423 4732 u.
1434 4676 1503 4739 125,
1522 4676 1570 4735 ubi
