3412 5664
313 303 376 368 930
752 316 780 365 s.
796 316 1004 367 nonnrsnas
1026 316 1141 366 raras

206 493 230 530 a.
242 473 387 539 mobilis
409 475 478 538 arte
499 472 667 558 pingendi,
689 493 788 556 quum
810 494 925 558 equum
940 471 1090 557 penicillo
1104 470 1202 536 vellet
1217 469 1376 555 explicare
1389 472 1532 556 periecnn,

313 575 444 641 asellum
459 574 521 639 sibi
535 574 693 659 profuisse
707 573 868 660 pingenti,
892 595 1048 658 asserens,
1071 595 1139 639 non
1155 575 1193 637 ut
1202 572 1387 657 jumentrm
1399 574 1535 640 imitsrein

311 678 460 761 informe,
483 677 539 742 sed
560 698 602 741 ne
623 677 659 741 in
681 675 816 759 alicujus
837 675 985 755 informis
1006 675 1195 741 lineamenti
1210 673 1444 740 similitudinem
1460 675 1535 761 lapan

310 781 475 845 incideret.
521 778 596 844 Non
617 777 793 863 improvide
814 779 998 844 veneranda
1019 780 1149 863 patrum
1176 776 1338 862 sapientia
1364 776 1443 841 iideli
1464 784 1537 863 poste

310 883 447 968 ritati²¹)
462 903 543 967 quae
559 884 667 946 essent
680 880 836 946 canonice
858 880 1011 966 dogmata
1032 879 1173 963 definiit,
1197 882 1287 944 certa
1307 878 1453 943 librorum
1470 881 1537 946 etan

311 988 454 1049 veterum
475 985 510 1048 in
532 983 757 1049 auctoritatem
773 983 967 1068 recipienda,
990 985 1103 1047 sancto
1119 981 1244 1066 Spiritu
1265 980 1459 1063 instituente,
1475 1004 1537 1066 prae

310 1087 428 1171 figens:
461 1108 502 1151 ne
530 1085 674 1170 opinioni
702 1106 778 1150 suae
805 1085 906 1150 lector
932 1083 1120 1170 indulgens,
1154 1104 1221 1149 non
1251 1081 1337 1167 quod
1365 1082 1537 1149 wdificetim

311 1188 546 1253 ecclesiasticae
570 1187 765 1271 conveniret,
789 1187 844 1252 sed
866 1187 950 1272 qnod
970 1184 1165 1271 voluntesn)
1188 1205 1247 1249 sua
1263 1185 1462 1270 concepisset,
1478 1207 1537 1250 sese

310 1293 405 1353 reret.
443 1287 524 1365 Quid
539 1310 617 1376 ergo
631 1288 901 1354 calumniantibus
915 1310 995 1373 opus
1011 1291 1080 1353 erat
1100 1290 1192 1353 extre
1207 1285 1399 1352 constitutos
1412 1285 1538 1352 Eedeiae

309 1391 463 1458 terminos
484 1392 649 1477 porrigere
671 1391 882 1477 quaestiones,
906 1391 992 1455 etde
1013 1390 1064 1455 his
1086 1411 1168 1475 quae
1189 1388 1285 1474 itae)
1307 1387 1459 1453 habentur
1468 1388 1537 1470 diota,

310 1493 400 1579 quasi
422 1493 510 1557 dicta
531 1515 597 1558 non
618 1494 702 1577 sint,
731 1514 858 1558 movere
880 1492 1072 1576 certamine,
1101 1514 1200 1578 quum
1221 1491 1405 1558 Obrisfimm
1424 1490 1489 1554 fides
1503 1511 1538 1554 ca

308 1595 432 1660 nonicis
453 1594 544 1660 libris
566 1598 598 1659 et
618 1595 868 1680 synodalibusss)
890 1595 1071 1680 praeceptis
1089 1597 1123 1659 et
1135 1597 1266 1680 patrum
1287 1591 1474 1678 regularibus
1486 1614 1537 1656 cor·

310 1697 431 1762 stitutia
454 1697 562 1761 stabili
584 1700 616 1762 et
636 1697 829 1762 inconcusso
849 1697 980 1762 tramite
1000 1695 1182 1762 limitetur?

393 1800 424 1865 5.
458 1800 511 1865 De
533 1799 666 1864 arbitrio
687 1803 797 1864 tamen
814 1799 914 1864 libero
936 1802 969 1863 et
990 1800 1097 1884 gratia
1110 1797 1173 1863 Dei
1187 1797 1263 1883 quid
1278 1796 1423 1862 Romana
1441 1796 1490 1861 hoc
1505 1800 1538 1859 est

311 1901 468 1966 catholica
496 1904 648 1986 sequatur
676 1904 709 1965 et
736 1901 887 1987 servet²⁵)
909 1899 1069 1984 Ecclesia,
1099 1901 1176 1965 licet
1202 1900 1238 1964 in
1259 1899 1357 1983 variis
1379 1899 1460 1963 libris
1478 1898 1537 1962 best

310 2002 501 2089 Augustini,
531 2006 564 2066 et
590 2002 727 2067 maxime
754 1995 795 2066 ed
816 2001 975 2067 Hilarium
999 2005 1031 2067 et
1052 2001 1261 2087 Prosperum,
1291 2001 1392 2085 possit
1411 1999 1536 2086 wgnosd,

308 2106 418 2170 tamen
441 2108 474 2169 et
498 2103 533 2168 in
560 2104 687 2169 scriniis
714 2103 936 2170 ecclesiasticis
964 2125 1114 2189 expressa
1142 2102 1332 2189 capitrdass)
1359 2103 1536 2182 continents,

375 2328 407 2394 ²¹)
424 2325 475 2379 Ed.
495 2331 621 2394 potestati
704 2330 830 2381 catholica
851 2331 982 2394 domata,
1005 2325 1040 2380 θ’
1064 2330 1193 2393 definiam.
1233 2325 1340 2395 Aperte
1360 2324 1473 2379 declarat
1487 2321 1536 2376 lior

307 2411 408 2476 misda‚
430 2409 477 2480 qui
500 2408 529 2463 in
551 2409 746 2465 auctoritatem
768 2409 920 2480 recipiendi
941 2411 1032 2465 emant
1053 2411 1179 2464 veterum
1201 2407 1282 2475 libri,
1299 2408 1361 2479 jam
1383 2406 1534 2477 ammonius

308 2496 363 2550 suis
382 2494 487 2566 Spiritu
505 2497 601 2549 sancto
620 2493 796 2562 instituente,
815 2494 941 2563 adeoque
953 2494 982 2548 in
993 2493 1112 2564 synodo,
1130 2493 1215 2548 fuisse
1228 2493 1380 2548 definitam.
1407 2489 1535 2560 Hoersipfl

308 2598 325 2635 a
342 2580 452 2635 Gelasio
469 2580 499 2633 in
517 2579 641 2648 decreto,
665 2579 740 2649 quod
762 2578 797 2634 de
818 2578 897 2634 libris
913 2577 1080 2648 recipiendis
1097 2578 1200 2645 sanxit,
1223 2579 1391 2649 praestitum
1409 2594 1480 2648 quen
1492 2574 1533 2645 plt-

307 2666 379 2720 rium
392 2664 518 2721 codicum
530 2663 697 2720 auctoritate
714 2664 849 2719 firmatur.
879 2664 951 2719 Hinc
967 2664 1044 2719 locus
1061 2664 1115 2719 iate
1133 2663 1241 2718 confert
1258 2679 1315 2718 non
1332 2664 1435 2718 habim
1445 2660 1534 2717 adue

307 2751 423 2805 rendam
445 2749 582 2820 praedicti
603 2749 708 2804 decreti
730 2749 890 2815 ventatem,
912 2748 961 2804 sed
984 2750 1013 2804 et
1036 2747 1074 2802 ad
1097 2764 1241 2816 censurae,
1265 2765 1321 2817 qua
1337 2747 1452 2803 &aaut
1468 2744 1533 2815 plura

306 2835 394 2890 libros
417 2834 592 2904 apocryphos
618 2834 756 2901 alachrat,
783 2833 993 2905 percipiendam
1021 2832 1244 2903 intelligentiam.
1291 2833 1353 2888 Hoc
1379 2832 1445 2888 enim
1466 2828 1534 2887 aab.

307 2919 457 2975 Hormisda
467 2921 633 2990 interprete,
650 2935 706 2973 non
725 2936 773 2974 eos
789 2919 847 2990 legi
863 2918 1007 2990 prohibet,
1024 2917 1075 2972 sed
1086 2918 1208 2988 quadam
1220 2936 1284 2973 curn
1297 2918 1421 2974 cautiom
1431 2912 1532 2982 suitlegi

374 3009 406 3074 ²²)
424 3005 491 3060 bec
507 3013 632 3074 uoluptas.

374 3092 408 3158 ²³)
427 3090 495 3145 bec
513 3089 603 3145 omitt.
622 3097 667 3145 ita.

374 3176 406 3243 ²⁴)
426 3173 519 3232 Cochl.
537 3179 701 3245 synodalibus
718 3180 869 3244 disciplinis.
903 3175 968 3228 Mox
985 3175 1054 3229 boc
1071 3181 1219 3230 inconcusso
1238 3180 1353 3232 termino.
1383 3173 1453 3229 Hanc
1467 3173 1535 3227 tuln!

308 3258 471 3314 Hormisdae
496 3259 531 3314 de
554 3259 633 3315 libris
652 3259 749 3315 Fausti
771 3261 977 3330 responsionem
994 3259 1151 3314 Maxentius
1168 3259 1208 3314 sic
1224 3258 1352 3328 sugillatr
1373 3265 1410 3314 tis
1424 3265 1458 3313 tu
1472 3262 1536 3325 tatia

307 3351 382 3399 muita
400 3356 426 3399 et
447 3364 497 3399 aaa
518 3352 666 3400 necessaria
688 3350 720 3400 de
742 3350 814 3400 libris
835 3350 927 3400 Fausti
946 3350 1078 3414 cujusdam
1097 3353 1165 3404 catti
1185 3352 1302 3415 episcopi
1323 3353 1349 3399 ia
1365 3344 1537 3415 eamqfflv

307 3436 424 3499 loquitar,
443 3450 490 3484 aee
506 3435 543 3484 ad
558 3435 586 3484 id
603 3436 672 3498 quod
688 3436 820 3501 quaeritur
836 3436 1007 3499 respondeas,
1025 3436 1073 3485 sed
1089 3436 1142 3485 aiis
1159 3437 1245 3486 neseio
1257 3451 1323 3502 quae
1334 3437 1371 3487 ad
1379 3450 1430 3485 ren
1439 3450 1483 3485 aaa
1493 3446 1537 3496 ptr

306 3521 414 3569 tinentia
431 3520 503 3569 iaaat'
519 3525 544 3569 et
562 3521 666 3584 prolixo
683 3535 798 3571 samone
816 3520 918 3585 differit.
959 3519 1024 3570 Nate
1042 3536 1114 3586 qaus
1132 3521 1164 3571 de
1180 3521 1246 3585 ipsis
1262 3519 1348 3579 tibris,
1370 3535 1419 3572 m
1434 3526 1503 3569 m
1513 3519 1539 3565 te

306 3605 384 3669 pendi
399 3605 457 3662 siat,
474 3605 523 3654 sed
539 3611 621 3655 utrum
637 3606 689 3655 sim
699 3605 825 3664 cattoiici,
842 3610 958 3656 certatur
970 3607 1093 3671 quaestio,
1111 3607 1153 3656 iile
1165 3621 1215 3655 aaa
1227 3606 1260 3655 de
1272 3606 1337 3670 ipsis
1349 3607 1408 3672 quid
1416 3602 1541 3655 testim

306 3691 353 3747 eit,
372 3689 420 3740 sed
430 3705 474 3739 eos
486 3692 597 3756 qwmuis
608 3705 658 3741 noa
669 3691 695 3741 ia
707 3692 861 3742 auctoritate
872 3689 1013 3753 habendos,
1033 3697 1116 3741 tamea
1126 3692 1248 3756 lepeadoe
1258 3706 1316 3743 esse
1327 3691 1448 3744 decernit.
1467 3684 1541 3749 Quss

308 3786 391 3837 quam
408 3770 431 3823 si
449 3769 609 3841 diligentius
626 3770 818 3843 expendantur
835 3769 1002 3827 Possessoris
1020 3771 1187 3826 consulentis
1204 3771 1305 3839 verba,
1321 3771 1474 3843 appositam
1482 3768 1543 3824 adn

303 3855 475 3923 judicabitur
487 3856 650 3912 Hormisdae
662 3873 831 3927 responsum.
851 3856 914 3912 Nou
926 3855 1000 3911 enim
1010 3855 1057 3910 ille
1070 3855 1104 3910 de
1116 3856 1253 3912 librorum
1260 3857 1367 3923 Fecsti,
1378 3858 1411 3912 ut
1420 3856 1459 3911 its
1468 3853 1543 3909 diua

307 3940 508 4007 catholicitete,
531 3941 580 3995 sed
602 3942 636 3997 de
659 3959 755 3997 eornm
777 3941 944 3996 auctoritate
966 3941 1161 4011 interrogavit
1183 3943 1213 3997 et
1229 3943 1325 3997 utrum
1346 3941 1421 4010 qnod
1436 3957 1469 3995 es
1482 3937 1510 3991 de
1521 3949 1543 3989 rt

303 4027 364 4093 jam
382 4026 555 4096 praelibaret
571 4043 734 4097 responsum
752 4026 923 4098 approbaret
939 4025 1100 4093 Hormisda,
1117 4026 1219 4082 rescire
1237 4044 1301 4081 cum
1318 4027 1381 4083 aliis
1397 4023 1508 4097 expetit

374 4115 407 4182 ²⁵)
424 4112 468 4166 Ita
490 4112 523 4166 0¹
544 4113 573 4167 et
590 4111 695 4178 Cochl.;
718 4115 744 4167 a¹
769 4122 895 4175 asseruet,
916 4111 983 4167 bec
1001 4123 1138 4167 messem.
1177 4111 1298 4167 Nostrae
1320 4111 1432 4167 lectioni
1451 4104 1545 4166 confinii

307 4197 374 4250 illud
393 4196 585 4268 episcoporum
602 4196 632 4251 in
649 4195 777 4253 Sardinia
795 4198 920 4254 exsulum
942 4197 1018 4266 apud
1035 4195 1212 4267 Fulgenb'um
1233 4196 1316 4267 epist
1336 4204 1368 4251 lt
1385 4215 1412 4251 n.
1431 4202 1471 4251 te:
1492 4196 1545 4247 a«

307 4287 417 4338 omnibus
433 4288 541 4338 studium
556 4289 652 4351 perite,
670 4287 750 4339 libros
765 4303 787 4340 a.
808 4287 951 4352 Aupastiai
970 4302 1033 4353 quas
1050 4289 1087 4338 ad
1103 4287 1258 4351 Prospentst
1275 4294 1302 4337 et
1317 4286 1445 4337 Bitunia
1458 4280 1546 4347 srn‘pflft

306 4374 449 4424 memoratis
466 4372 595 4436 fratribus
616 4373 743 4438 iaperere.
783 4371 891 4434 Quarum
912 4375 1060 4424 mendaeem
1081 4371 1173 4423 beatae
1193 4374 1330 4424 menariae
1346 4370 1481 4423 lim
1493 4364 1546 4417 te&

306 4460 463 4522 apostaticae
478 4459 605 4523 ptoriasas
622 4459 727 4508 antistes
748 4459 775 4507 ia
792 4459 912 4523 epistota,
936 4475 1009 4524 qutun
1025 4458 1165 4509 matteas
1180 4472 1209 4507 ee
1224 4465 1317 4508 euecta
1336 4457 1419 4522 [raet
1437 4466 1545 4507 eum

306 4545 408 4609 datique
426 4550 513 4594 nasae
532 4543 681 4594 Possessori
696 4544 844 4608 rescripsit,
862 4559 916 4594 cum
933 4559 1021 4608 mapao
1038 4544 1177 4608 praeconio
1189 4544 1276 4594 luda
1286 4544 1407 4601 inseruit.
1423 4538 1545 4605 cuju&

306 4628 383 4678 verba
400 4636 471 4679 errat:
494 4630 551 4687 „De
573 4628 681 4678 arbitrio
703 4636 785 4679 tamea
807 4634 832 4678 et
852 4630 939 4692 pratia
956 4628 1007 4678 Dei
1023 4629 1086 4695 quiid
1102 4628 1228 4690 Romana,
1250 4628 1300 4680 iae
1321 4633 1361 4680 ed
1377 4627 1503 4681 cetum.
1514 4635 1544 4671 ἓ

307 4721 399 4778 quatur
416 4720 443 4763 et
458 4719 564 4764 seroet
583 4713 701 4764 Ecclesia
718 4710 770 4764 etc.

373 4798 406 4863 ²⁰)
424 4795 500 4849 Inter
516 4795 609 4865 plures
621 4793 744 4849 eruditos
755 4795 895 4863 convenit,
914 4812 948 4851 ea
963 4795 1009 4850 hic
1019 4795 1168 4852 memorari
1183 4795 1321 4866 capitula,
1340 4810 1412 4864 quae
1422 4782 1544 4847 &dedu

306 4879 442 4948 epistolae
460 4886 490 4934 et
511 4880 701 4949 subjiciuntur.
740 4880 782 4934 lta
799 4880 827 4935 in
845 4881 1036 4936 ecclesiasticis
1058 4880 1166 4936 seriniis
1184 4881 1414 4943 continebantur,
1429 4882 1459 4932 at
1471 4878 1543 4929 hm
