3412 5664
279 324 319 388 14
618 338 752 386 uouxnn
775 338 925 386 rnnnvm
949 338 985 394 ru
1008 337 1143 387 sumere
1164 338 1201 385 11.

276 499 374 556 libellis
389 499 442 556 illis
457 514 649 573 responsurus.
673 497 747 566 Quos
763 515 845 572 quum
861 498 992 562 acerbius,
1009 505 1039 553 ut
1054 505 1148 554 notum
1165 505 1214 562 est,
1232 495 1371 554 habuisset
1385 512 1416 553 ac
1430 496 1539 553 demum

276 585 399 658 praemiis
414 583 565 640 deliniisset
579 599 667 659 eoque
681 583 846 658 pellexisset,
863 591 893 639 ut
904 583 985 640 Petro
998 583 1108 657 llongo,
1124 582 1156 638 ad
1169 598 1248 656 quem
1261 581 1450 657 expellendum
1462 583 1540 637 missi

275 669 391 732 lucrant,
407 670 644 732 communicarent,
661 670 813 725 Acoemitae
829 669 952 725 monachi
967 668 1060 724 Vitalis
1072 675 1099 724 et
1111 667 1203 724 Miseni
1220 667 1348 724 delictum
1359 665 1439 722 simul
1456 673 1540 740 atquc

276 755 361 811 Aeacii
377 755 523 828 nequitiam
539 753 725 810 denuntiatum
747 753 886 817 advenere,
910 760 980 810 teste
995 751 1108 827 Evagrio
1124 753 1151 809 lr.
1161 769 1185 809 e.
1198 751 1240 815 lll,
1258 751 1452 810 uoluentes
1467 751 1540 825 apud

276 838 390 896 Felicem
406 838 597 914 supplicesque
613 848 730 901 orantes,
747 847 777 894 ut
793 838 917 895 orientali
929 838 1057 895 ecclesiae
1068 838 1096 895 in
1107 854 1241 894 summum
1254 836 1396 893 discrimen
1408 835 1540 892 adductae

275 922 417 980 subvenire
432 940 466 979 ue
482 932 642 991 moraretur.
676 922 764 991 Quum
778 925 863 997 igitur
878 931 1062 998 congregatur
1075 931 1172 1007 postea
1185 921 1317 996 synodus,
1333 923 1361 977 in
1376 938 1428 996 qua
1435 921 1539 982 Vitalis.

275 1008 392 1065 llisenus
408 1017 435 1064 et
450 1010 561 1065 Aeacius
577 1008 798 1070 condemnantur,
816 1009 875 1082 quis
891 1025 948 1064 eam
964 1016 1076 1083 propter
1090 1007 1164 1064 solos
1180 1007 1241 1063 illos
1253 1007 1359 1081 legatos
1369 1009 1540 1079 specialiter

275 1100 467 1168 congregatam
489 1093 600 1157 dixerit,
622 1100 649 1150 et
670 1111 726 1150 non
747 1102 860 1168 propter
880 1094 969 1167 ipsum
990 1092 1131 1150 Acacium?
1160 1092 1217 1149 Soli
1240 1091 1347 1166 quidem
1368 1091 1452 1148 auditi
1472 1099 1539 1148 sunt

275 1178 368 1234 Vitalis
383 1188 412 1235 et
426 1177 560 1242 llisenns,
581 1187 608 1234 at
623 1180 734 1235 Aeacius
756 1195 810 1235 non
831 1177 915 1234 semel
936 1185 1046 1234 vocatus
1062 1184 1123 1234 ante
1139 1179 1281 1251 utriusque
1295 1176 1423 1233 delictum
1440 1176 1538 1239 iuerat,

275 1263 388 1339 cJ'usquc
403 1262 521 1320 absentis
536 1264 608 1320 vices
623 1262 728 1319 abunde
743 1261 905 1338 supplebant
919 1263 1056 1319 lohannes
1071 1271 1219 1327 accusator,
1236 1269 1320 1318 testes
1336 1261 1427 1337 legati,
1450 1262 1538 1318 Acoe-

275 1350 353 1405 mitae
369 1349 504 1410 monachi,
526 1357 554 1405 ct
574 1348 688 1404 aliorum
708 1349 901 1405 monachorum
922 1356 1003 1422 atque
1022 1349 1106 1422 ipsius
1127 1348 1215 1403 Aeacii
1236 1347 1351 1403 litterae.
1390 1345 1455 1402 lnde
1471 1363 1537 1403 vero

270 1437 570 1506 praevaricationum,
594 1449 660 1507 quas
677 1432 833 1490 denuntiata
848 1434 899 1507 ipsi
914 1434 1047 1489 sententia
1063 1434 1193 1496 continet,
1210 1434 1312 1489 evictus
1328 1431 1538 1488 condemnatus·

275 1535 328 1592 que
343 1526 394 1575 est.
417 1517 519 1586 Quibus
535 1526 638 1575 attente
654 1526 681 1573 et
692 1534 778 1593 aequo
791 1519 879 1574 animo
891 1517 1066 1574 consideratis
1079 1520 1138 1591 quis
1151 1534 1211 1573 eum
1223 1518 1251 1574 in
1262 1515 1368 1590 synodo
1379 1516 1536 1573 damnatum

274 1603 379 1666 dixerit,
395 1603 436 1659 vel
452 1620 521 1678 quae
535 1621 592 1661 non
607 1605 774 1675 specialiter
789 1605 823 1660 ob
837 1607 931 1676 ipsum
946 1610 1131 1677 congregata,
1148 1602 1190 1658 vel
1205 1618 1236 1658 ex
1249 1619 1301 1676 qua
1317 1618 1371 1658 nec
1387 1605 1537 1659 conuictus

275 1705 329 1745 nee
339 1690 586 1762 discussusjuacta
598 1690 814 1746 ecclesiasticas
825 1691 944 1762 reputas
952 1689 1066 1760 suerit?
1083 1687 1130 1744 Cui
1142 1688 1222 1743 etiam
1232 1704 1287 1743 non
1300 1694 1342 1743 est
1353 1688 1536 1760 perspicuum,

274 1774 344 1830 hanc
358 1772 521 1830 Graecorum
536 1773 787 1848 expostulationem,
804 1775 927 1830 Acacium
942 1774 1001 1829 sine
1016 1772 1120 1847 synodo
1136 1772 1220 1828 luisse
1243 1771 1410 1834 damnatum,
1432 1771 1536 1846 simpli·

273 1860 341 1915 citer
355 1865 383 1914 et
399 1857 477 1915 obvio
493 1875 575 1914 sensu
591 1857 733 1914 verborum
755 1858 919 1915 intellectam
941 1857 1038 1921 luisse,
1062 1857 1135 1932 quod
1156 1864 1183 1914 et
1203 1858 1287 1931 ipsius
1307 1871 1450 1913 successor
1470 1864 1537 1930 post

274 1942 399 1999 l'lavitam
416 1941 578 2016 Euplremius
600 1941 693 2013 objicit
712 1943 782 2018 apud
798 1942 932 2000 Gelasium
948 1944 1077 2017 epist.10
1091 1942 1155 2006 n.4,
1177 1944 1318 2000 Acacium
1339 1943 1376 1998 ab
1397 1960 1454 1999 uno
1474 1959 1534 1999 non

269 2031 399 2100 potuisse
414 2030 551 2085 damnari
556 2033 569 2082 t
598 2029 638 2083 An
654 2044 717 2084 vero
735 2027 806 2084 aliud
821 2029 877 2085 sive
892 2028 935 2084 hic
949 2026 1114 2102 liuplremius
1135 2028 1191 2083 sive
1207 2026 1251 2082 alii
1265 2026 1316 2082 sibi
1331 2027 1415 2082 velint
1430 2026 1533 2091 Graeci,

273 2129 355 2187 quum
376 2112 470 2169 dicunt
490 2112 560 2187 apud
576 2112 708 2169 Gelasium
730 2113 857 2187 epictiti
873 2114 938 2176 n.1,
959 2112 1033 2187 quod
1054 2131 1111 2169 non
1130 2115 1254 2185 speciali
1271 2113 1379 2185 synodo
1400 2113 1536 2186 dejectus

270 2199 364 2270 fuisse
380 2199 526 2259 rideatur,
547 2197 713 2254 commodius
735 2199 763 2253 iu
781 2199 852 2254 hunc
867 2197 955 2254 locum
971 2197 1161 2272 expendemus.
1192 2197 1301 2253 iuterim
1317 2205 1436 2260 maneat,
1458 2196 1534 2271 quod

273 2290 300 2338 et
314 2284 342 2338 in
357 2282 485 2353 subjectis
501 2284 572 2339 notis
588 2280 802 2339 confirmabitur:
825 2282 978 2357 epistolam,
1000 2282 1033 2337 de
1049 2299 1101 2356 qua
1117 2283 1231 2357 agimus,
1252 2299 1307 2339 nou
1323 2289 1440 2356 quatuor
1455 2281 1534 2338 dum·

274 2375 345 2424 taxat
365 2366 459 2425 diebus
479 2367 528 2424 sed
548 2368 640 2423 multis
662 2366 798 2424 mensibus
819 2384 879 2423 esse
899 2368 1078 2441 posteriorem
1095 2375 1171 2423 sexta
1185 2366 1365 2442 praecedenti.
1397 2366 1533 2424 Valesium

273 2461 300 2508 et
314 2452 381 2509 alios
398 2455 469 2509 viros
485 2451 579 2509 doctos
596 2451 691 2509 lelellit
707 2452 750 2509 lric
764 2452 894 2527 epistolae
910 2452 985 2509 locus
1001 2451 1072 2507 haud
1087 2468 1181 2527 parum
1197 2446 1351 2509 intricatus:
1366 2453 1436 2510 Post
1450 2454 1532 2509 illam

272 2542 455 2609 sententiam,
484 2554 559 2611 quae
580 2542 610 2594 in
630 2538 768 2595 Acacium
786 2539 1022 2611 perturbatorem
1043 2541 1129 2595 totius
1149 2541 1267 2595 orientis
1289 2539 1432 2595 ecclesiae
1452 2540 1533 2595 dicta

273 2628 329 2685 est,
351 2624 396 2679 bis
415 2639 527 2697 quoque
547 2640 625 2680 nunc
645 2626 749 2680 iterum
770 2627 938 2698 congregati
959 2624 1114 2697 adjicimus
1132 2626 1237 2680 litteris
1257 2629 1445 2680 memoratam
1463 2625 1531 2680 sub·

272 2710 363 2765 dendo
385 2712 563 2779 sententiam,
585 2726 671 2782 quam
688 2711 803 2780 placuit
816 2724 876 2781 per
900 2709 1002 2765 Tutum
1021 2708 1203 2781 defensorem
1218 2709 1326 2765 Acacio
1346 2710 1439 2782 diripi.
1471 2706 1532 2765 Non

272 2790 406 2868 significat
424 2792 560 2867 synodus,
583 2794 630 2849 has
651 2792 754 2849 litteras
775 2792 916 2867 synodicas
937 2810 986 2867 per
1001 2793 1109 2856 Tutum,
1130 2795 1169 2849 uti
1188 2796 1415 2867 interpretantur,
1436 2791 1531 2849 allatas

272 2877 365 2942 luisse,
381 2877 428 2935 sed
444 2879 486 2941 iis,
508 2895 574 2952 quas
591 2876 727 2942 mittebat,
749 2878 846 2935 litteris
867 2877 900 2934 ad
915 2878 1134 2935 archimandritas
1148 2880 1177 2934 in
1192 2880 1266 2952 regia
1282 2876 1347 2934 urbe
1363 2895 1393 2933 ac
1407 2877 1531 2952 Bithynia

271 2965 436 3020 constitutos
450 2965 611 3019 seutentiam
627 2962 754 3020 adversus
769 2964 907 3027 Acacium,
930 2980 998 3037 quae
1020 2963 1083 3021 olim
1104 2980 1153 3038 per
1164 2963 1264 3019 'lutum
1279 2963 1360 3019 missa
1374 2963 1478 3027 luerat,
1500 2980 1530 3020 se

271 3047 433 3118 adjunxisse.
461 3047 538 3116 Quod
554 3046 729 3105 confirmatur
743 3049 784 3105 his
801 3047 887 3105 verbis
902 3050 1023 3123 proxime
1034 3047 1225 3124 sequentibus:
1242 3048 1324 3117 Quod
1337 3064 1405 3123 erpo
1418 3051 1531 3121 placuit

271 3150 294 3190 s.
311 3137 419 3207 synodo
435 3136 515 3207 apud
528 3136 642 3192 beatum
653 3135 772 3191 Petrum
786 3137 954 3206 apostolum,
970 3138 1044 3191 sicea
1059 3135 1192 3204 dicimus,
1209 3140 1236 3190 et
1249 3149 1306 3206 per
1323 3134 1424 3190 Tutum
1436 3136 1529 3191 eccle·

270 3221 332 3275 siae
346 3220 527 3291 defensorem
542 3223 740 3277 sanctissimus
756 3223 799 3276 eir
814 3220 901 3277 Felix
921 3226 1011 3293 caput
1029 3227 1159 3276 nostrum
1180 3226 1207 3275 ct
1227 3220 1467 3292 archiepiscopus
1487 3222 1529 3276 in·

270 3305 389 3375 dicauit,
406 3308 435 3360 in
450 3306 569 3361 subditis
584 3308 756 3362 continetur.

356 3389 385 3444 t.
415 3388 472 3443 lam
488 3388 553 3444 nihil
570 3387 664 3445 obesse
680 3389 799 3451 videtur,
821 3390 886 3462 quin
907 3396 1026 3446 veterem
1040 3405 1185 3463 sequamur
1198 3388 1271 3445 Petri
1285 3387 1383 3445 Labbei
1398 3388 1526 3454 codicem,

270 3473 298 3528 in
314 3488 368 3547 quo
385 3473 450 3528 hacc
465 3473 578 3546 epistola
594 3473 646 3529 lll
659 3473 759 3531 Nonas
776 3473 905 3531 Octobris
921 3475 1090 3550 Symmacho
1110 3494 1135 3532 v.
1153 3491 1179 3532 c.
1200 3491 1279 3531 cons.
1301 3474 1361 3547 (ie.
1378 3490 1449 3530 anno
1464 3473 1526 3532 485

270 3556 297 3612 d.
313 3555 462 3629 bOetobr.)
477 3560 664 3632 consignetur.
687 3560 724 3615 Ac
739 3575 801 3615 vero
817 3559 878 3616 ideo
894 3560 977 3616 relata
992 3576 1006 3614 a
1022 3559 1127 3616 Valesio
1143 3559 1232 3615 estad
1248 3558 1375 3616 Calendas
1391 3560 1527 3634 Augustas

270 3641 456 3715 praecedentis
471 3645 547 3707 anni,
565 3643 638 3717 quod
654 3659 712 3699 eam
729 3644 823 3700 eodem
838 3645 964 3718 scriptam
979 3644 1022 3701 die
1037 3644 1168 3707 crederet,
1185 3661 1236 3718 qua
1251 3645 1376 3719 superior
1388 3653 1481 3701 octava
1495 3644 1528 3699 ad

269 3726 417 3790 Zenonem,
439 3744 614 3801 quaererem
629 3729 693 3802 ipsis
709 3730 839 3803 Augustis
854 3729 976 3786 Calendis
991 3728 1052 3785 data
1067 3736 1185 3786 notatur.
1213 3731 1249 3786 At
1263 3728 1336 3804 quod
1351 3731 1392 3785 vir
1406 3729 1529 3785 eruditus

270 3812 384 3869 eredidit
397 3821 443 3868 aut
457 3830 507 3887 pro
523 3822 597 3870 certo
613 3816 713 3888 posuit,
730 3814 812 3889 longe
827 3831 842 3869 a
857 3831 919 3870 vero
936 3812 1025 3877 abest,
1048 3831 1131 3888 quum
1146 3814 1249 3871 nullum
1265 3816 1301 3870 sit
1316 3813 1440 3877 dubium,
1462 3815 1527 3888 quin

270 3897 335 3954 baec
349 3897 463 3973 epistola
478 3914 493 3954 a
507 3899 590 3973 priori
605 3898 710 3973 syuodo
726 3901 762 3956 sit
776 3901 865 3955 inissa.
897 3898 989 3974 Neque
1004 3900 1048 3956 hic
1070 3898 1162 3964 obest,
1184 3899 1257 3973 quod
1273 3899 1370 3973 synodi
1386 3899 1457 3955 illius
1472 3901 1529 3974 epi·

269 3982 339 4038 stola
354 3981 386 4038 ad
402 3984 526 4039 Acacium
542 3991 659 4058 quatuor
673 3993 736 4042 ante
751 3985 819 4041 hanc
834 3982 927 4040 diebus
944 3983 1005 4040 data
1019 3992 1139 4041 notetur.
1156 3983 1248 4058 lleque
1261 3986 1332 4041 enim
1344 3985 1465 4042 insolens
1477 3983 1530 4040 luit

269 4066 394 4123 liomauis
405 4066 587 4142 pontificibus,
599 4078 630 4125 ut
641 4069 817 4143 synodorum,
829 4068 925 4143 qulbus
936 4077 1102 4143 praeessent,
1113 4077 1191 4145 gesta
1203 4079 1231 4126 et
1240 4070 1343 4126 litteras
1355 4069 1418 4126 inde
1432 4071 1529 4126 missas

269 4169 324 4209 non
338 4152 432 4209 iisdem
448 4152 496 4209 sed
511 4153 622 4211 dirersis
637 4154 771 4211 interdum
787 4153 880 4210 diebus
897 4156 1098 4228 consignarent.
1127 4155 1226 4211 Notum
1242 4162 1293 4219 est,
1309 4154 1429 4211 llilarum
1445 4170 1529 4230 quum

268 4237 402 4312 synodum
417 4237 516 4294 Romae
530 4247 644 4313 propter
659 4239 748 4295 Gallos
763 4237 901 4295 habuisset
916 4238 971 4294 lllll
987 4238 1040 4295 Cal.
1058 4238 1218 4303 Decembris,
1234 4241 1267 4296 iis
1283 4247 1387 4296 tantum
1398 4239 1528 4295 llllionas

269 4322 389 4394 ejusdem
405 4326 503 4381 mensis
518 4325 668 4399 scripsisse.
705 4323 834 4381 Similiter
848 4323 981 4399 llispanos
1002 4326 1045 4380 vix
1066 4327 1194 4381 certiores
1217 4324 1279 4381 lecit
1298 4324 1393 4380 lllCal.
1409 4325 1542 4382 ianuarii

270 4407 303 4465 de
323 4409 408 4483 gestis
428 4409 525 4484 synodi
546 4411 573 4465 in
594 4426 687 4467 eorum
703 4426 782 4466 causa
798 4408 918 4466 llllltlal.
936 4407 1085 4466 Decembris
1101 4409 1216 4466 habitae.
1246 4409 1338 4483 ltaque
1360 4409 1426 4466 nihil
1446 4417 1529 4473 vetat,

270 4495 413 4568 quominus
435 4493 508 4551 Felix
530 4495 657 4569 epistolas
680 4494 698 4551 6
719 4503 747 4550 et
767 4494 785 4552 8
806 4493 897 4550 eadem
920 4495 947 4551 in
967 4494 1073 4568 synodo
1093 4497 1206 4570 scriptas
1228 4495 1339 4552 diversis
1360 4495 1531 4570 consignarit

269 4577 371 4636 diebus.

554 4678 592 4740 In
612 4677 726 4740 Felicis
747 4679 910 4758 epistolam
930 4679 966 4741 12
988 4675 1236 4762 („Diaboticae“).

207 4807 258 4879 [aq
358 4801 385 4858 1.
421 4797 459 4857 Ex
474 4801 506 4857 iis
521 4810 564 4857 est
578 4801 714 4875 epistolis,
738 4818 802 4876 quas
817 4801 932 4859 lacobus
948 4800 1107 4858 Sirmondus
1128 4803 1242 4860 eveteri
1258 4802 1351 4859 codice
1366 4799 1530 4859 virdunensi

270 4885 353 4942 edidit
367 4888 394 4942 in
410 4903 489 4960 saepe
505 4885 612 4943 lautlato
628 4886 774 4961 appendice
789 4888 850 4946 cod.
867 4887 1003 4944 llreodos.
1021 4905 1083 4963 pag.
1095 4887 1164 4946 134.
1186 4888 1272 4945 Erunt
1288 4888 1411 4951 tortasse,
1430 4887 1530 4962 quibus
