3450 5678
586 319 588 322 ·
665 309 856 360 sersrouas
880 299 982 360 5-8.
1419 301 1460 363 95

226 471 338 531 lbeodoro
350 470 453 528 lectore
467 477 585 526 constat.
617 469 721 528 Abhinc
736 480 825 527 autem
841 470 873 527 ad
888 471 1034 528 Palmarem
1051 487 1138 545 usque
1152 471 1286 546 synodum
1309 475 1382 531 nulla
1397 475 1460 531 sub·

226 558 389 621 strutiones
404 572 467 613 eum
483 572 516 612 er
531 557 689 631 episcopatu
704 557 752 612 illo
773 556 910 629 dejectum
922 566 1058 631 putemus.
1092 556 1176 613 lmmo
1192 557 1225 612 ad
1240 558 1266 613 id
1282 567 1389 634 tempus
1405 577 1459 616 non

226 641 330 701 dduitilli
342 658 404 724 spes
422 640 516 698 sedern
531 657 611 716 quam
627 640 766 698 obtinebat
778 641 953 716 Symmachus
969 642 1127 716 occupandi.
1155 642 1270 699 'lantum
1292 644 1325 700 de
1345 645 1390 700 illa
1410 662 1459 719 spe

225 727 323 803 depulsus
335 735 376 784 est
389 727 518 783 Palmaris
534 726 631 800 synodi
643 726 756 797 judicio.
788 726 841 783 Sed
857 744 946 802 neque
962 727 994 783 ab
1010 728 1059 783 hac
1071 727 1177 801 syuodo
1194 728 1340 803 quidquam
1356 729 1460 805 legitur

226 813 298 870 deillo
310 810 452 884 dejiciendo
468 811 619 868 decretum.
650 813 709 879 Aut,
723 813 747 867 si
770 814 850 869 etiam
870 813 971 887 aliquid
987 829 1019 868 ea
1034 812 1067 869 de
1083 830 1112 869 re
1129 812 1268 869 decretum
1283 831 1457 888 poneremus,

226 914 283 956 aeuo
294 914 340 955 nou
352 897 436 960 videt,
451 898 596 973 angustius
617 913 677 953 esse
694 897 897 971 quatuordecim
913 893 1018 954 dierum
1033 890 1212 962 intervallum,
1229 915 1309 973 quam
1325 909 1355 956 ut
1371 901 1458 965 delata

226 983 321 1040 adrentus
333 983 504 1039 Laurentium
521 984 657 1039 sententia
672 982 857 1040 Theodericus
874 985 985 1047 moneri,
1008 981 1141 1058 caqueab
1157 982 1204 1039 illo
1222 983 1335 1058 probata
1349 1003 1457 1042 sueces-

225 1068 326 1144 soreiyi.
339 1067 466 1130 ordinari,
482 1077 510 1124 et
525 1070 553 1124 in
568 1067 684 1124 concilio
699 1067 799 1124 sedere
806 1069 951 1142 potuisset.
975 1069 1061 1124 'laceo
1077 1069 1156 1124 etiam
1168 1067 1320 1141 Symmachi
1335 1072 1456 1145 proxime

226 1151 315 1210 abodito
324 1152 446 1210 Palmatis
461 1152 560 1228 synodi
574 1154 724 1210 constituto
741 1170 796 1210 non
811 1169 856 1209 eas
871 1153 955 1210 luisse
970 1171 1023 1217 res,
1041 1170 1110 1228 quae
1121 1155 1209 1227 ipsum
1225 1156 1362 1229 copiosam
1375 1173 1456 1231 syuo-

227 1236 272 1293 dun
286 1255 436 1302 convocare,
465 1241 490 1295 ei
511 1247 575 1313 post
596 1237 635 1294 14
657 1238 714 1295 dies
738 1238 892 1313 praesidere
912 1247 939 1294 et
960 1247 1062 1295 statuta
1082 1238 1266 1312 praescribere
1287 1248 1453 1314 paterentur.

226 1320 283 1378 tate
294 1325 450 1400 superiorem
466 1341 497 1381 ac
511 1323 659 1394 subjectam
674 1323 809 1398 synodum
831 1325 910 1380 unius
925 1322 1046 1395 ejusdem
1061 1324 1168 1380 concilii
1182 1324 1249 1380 duas
1264 1327 1383 1381 actiones
1399 1327 1455 1381 lru·

226 1414 266 1462 sua
276 1411 400 1473 muman,
422 1426 507 1484 quum
522 1409 572 1465 alia
588 1408 672 1465 mtrlta
687 1417 745 1465 tum
760 1409 881 1466 diversae
897 1411 1038 1484 utriusque
1053 1408 1266 1483 subscriptiones
1281 1411 1455 1485 persuadent.
1516 1477 1520 1485 ,

228 1489 303 1550 lacuit
319 1503 401 1552 umen
422 1496 578 1570 opinionem
598 1496 684 1551 secuti
704 1504 769 1550 suut
789 1496 956 1569 posteriores
977 1494 1154 1567 conpiliorum
1175 1494 1309 1559 editores,
1337 1495 1453 1570 indeque

227 1575 307 1634 nunu
322 1580 346 1638 iu
365 1579 448 1637 rebus
470 1596 501 1636 ac
521 1581 607 1655 gestis
622 1580 774 1654 Symmachi
795 1579 982 1636 confusionem
1003 1579 1175 1636 induxerunt.
1207 1579 1328 1637 Labbeus
1345 1581 1452 1656 quidem

227 1661 287 1723 itan.
299 1664 361 1740 quod
376 1664 408 1721 ad
424 1682 525 1722 anuum
539 1666 643 1727 attinet,
665 1681 786 1722 errorem
806 1667 932 1728 correxit,
953 1664 1001 1721 sed
1024 1667 1051 1721 in
1067 1665 1163 1721 ceteris
1185 1683 1240 1721 uon
1260 1666 1372 1722 sustulit
1387 1683 1452 1723 eon·

229 1743 333 1816 lusionem,
345 1752 427 1808 immo
443 1752 525 1807 auxit.
553 1749 677 1819 Quamvis
693 1752 763 1807 enim
778 1749 925 1821 subiectam
941 1750 1075 1825 synodum
1086 1752 1222 1808 Avieno
1201 1755 1323 1824 ynniore
1336 1754 1453 1809 console

229 1828 312 1891 lalltan
323 1844 411 1922 pouat,
434 1845 462 1892 et
478 1835 511 1892 ab
526 1853 559 1894 eo
576 1845 664 1893 tamen
680 1838 806 1910 synodus
820 1837 954 1893 Romana
970 1843 1078 1910 quarto
1099 1844 1127 1892 et
1144 1839 1220 1893 aiios
1231 1837 1378 1894 Palmaria
1398 1855 1450 1909 ap-

227 1918 306 1985 niara
316 1904 504 1986 inscribiturss
493 1922 572 1997 eique
586 1923 709 1996 proxime
721 1920 838 1978 Enuodii
852 1921 960 1978 libellus
975 1920 1127 1992 subjicitur,
1149 1938 1229 1996 quem
1244 1925 1451 1997 apolopeticum

229 2001 298 2072 lttll
312 2006 425 2082 synodo
432 2015 520 2073 vocat,
542 2024 625 2082 quum
644 2006 783 2064 Ennodius
803 2024 858 2063 uon
872 2023 923 2082 pro
945 2007 1051 2082 synodo
1067 2008 1174 2064 Avieno
1188 2010 1312 2080 juniore
1334 2010 1452 2066 consule

231 2080 297 2155 bibita
307 2091 348 2148 sed
361 2108 413 2167 pro
428 2094 593 2168 superiore
585 2092 736 2179 apologiam
752 2092 875 2156 ediderit,
894 2101 975 2167 atque
996 2093 1062 2148 baec
1076 2093 1209 2167 superior,
1232 2110 1286 2149 nou
1303 2110 1373 2167 quae
1388 2091 1451 2149 sub·

227 2165 298 2238 l'iss'lttn
309 2186 332 2233 et
344 2185 452 2252 quarta
468 2185 496 2234 et
509 2179 657 2235 Pulmonis
674 2177 806 2253 appellata
823 2179 869 2235 sit.
899 2178 953 2234 Nec
969 2179 1094 2240 correxit,
1116 2179 1167 2234 etsi
1187 2177 1253 2234 sidit
1273 2186 1301 2233 et
1316 2177 1451 2240 refutavit,

229 2269 313 2318 motem
325 2261 446 2326 llarrsius
463 2265 564 2339 etipse
578 2262 767 2320 labbeanam'
760 2265 964 2337 inscriptionem
979 2264 1100 2319 retinens
1115 2270 1143 2319 et
1157 2262 1289 2319 adnotans
1305 2264 1376 2320 hau'd
1391 2263 1451 2320 leli·

229 2341 274 2405 ᾱιι
288 2361 333 2403 eam
352 2352 467 2406 tertiam
488 2365 551 2408 esse
565 2351 727 2407 Romanam
743 2349 909 2422 Symmachi
921 2351 1068 2423 synodum,
1090 2356 1118 2405 et
1132 2351 1269 2422 synodum
1285 2350 1451 2406 Palmarcm

225 2434 365 2517 praecedere
384 2435 499 2492 debere.
531 2434 611 2492 Solus
632 2434 786 2491 llarduinus
807 2442 834 2490 et
854 2436 1058 2534 inscriptionem
1079 2433 1152 2490 illam
1173 2433 1265 2490 falsam
1280 2437 1404 2500 removit,
1423 2442 1450 2490 et

164 2540 171 2551 ·
225 2503 470 2585 ἒῐιιιιιιιιιιιιιὸθῖ
486 2519 595 2577 indubie
608 2520 759 2595 adscripsit,
777 2521 915 2576 monuisse
930 2527 1083 2582 contentus,
1101 2519 1173 2593 quod
1185 2536 1266 2594 supra
1281 2522 1449 2576 monuimus:

223 2598 245 2653 in
260 2603 329 2660 titulis
345 2621 490 2663 canonum
505 2614 533 2663 et
553 2607 745 2669 decretorum
767 2610 817 2680 qui
831 2608 966 2678 praefixi
983 2613 1051 2662 sunt
1070 2605 1269 2678 Dionysianac
1290 2609 1452 2663 collectioni

220 2698 270 2754 na,
280 2686 342 2747 donc
356 2693 495 2765 synodum
511 2695 625 2748 tertiam
639 2694 794 2765 appellari,
812 2694 938 2748 secundo
954 2699 1049 2748 antem
1060 2695 1181 2748 coneilio
1193 2695 1370 2766 assiynatum
1382 2709 1449 2748 con-

218 2770 317 2830 tb'ltlm
328 2777 360 2833 dc
375 2777 464 2834 rebus
479 2780 621 2836 eeclesiae
637 2779 852 2848 conservandis,
874 2779 952 2851 qnod
965 2777 1029 2832 alias
1042 2780 1212 2848 inscriptam
1227 2779 1268 2833 ad
1281 2777 1449 2835 Caesarium

214 2853 392 2919 Arelnmsem.
422 2861 460 2919 Eo
476 2871 564 2919 autem
580 2861 689 2920 deducti
703 2872 767 2919 sunt
783 2864 831 2919 viri
848 2862 1000 2919 eruditione
1016 2862 1089 2926 clari,
1110 2861 1173 2917 dum
1190 2865 1386 2919 commentitias
1401 2862 1449 2918 lsi·

210 2938 415 3004 deuinctam
430 2947 551 3023 synodos
571 2965 622 3024 pro
638 2950 707 3006 veris
724 2947 864 3012 habentes,
886 2948 919 3004 ad
941 2964 985 3003 eas
1007 2949 1125 3022 genuina
1142 2947 1291 3020 Symmachi
1313 2957 1391 3022 gesta
1408 2955 1449 3002 ut·

207 3041 301 3101 mque
314 3033 481 3090 accomodare
496 3034 652 3092 voluerunt.
682 3033 735 3091 Sed
757 3034 865 3105 rejectis
886 3029 1042 3107 impostoris
1058 3031 1139 3103 hujus
1155 3032 1297 3087 mendaciis
1313 3033 1448 3088 evanescit

203 3113 284 3168 omnis
295 3115 333 3172 illa
356 3118 453 3195 caligo,
475 3136 527 3194 qua
546 3137 639 3176 rerum
660 3137 674 3175 a
690 3120 849 3194 Symmacho
865 3127 1003 3194 gestarum
1019 3117 1086 3173 ordo
1102 3119 1242 3172 severitas
1259 3117 1448 3192 obtegebatur.

199 3196 271 3254 nabit
282 3200 356 3275 igitur
371 3203 426 3275 jam
442 3213 522 3268 vetat,
545 3208 688 3280 quominus
703 3205 852 3276 subjectam
874 3203 1009 3278 synodum
1024 3202 1056 3258 ad
1072 3219 1170 3258 aunum
1184 3201 1254 3264 502.
1274 3213 1357 3276 prout
1371 3220 1448 3278 prae·

196 3284 253 3339 nxz
268 3287 290 3341 ei
307 3290 450 3346 consularis
469 3299 533 3346 nota
555 3292 684 3366 postulat,
706 3291 864 3346 referamus.
902 3289 987 3360 liujus
1008 3297 1096 3344 autem
1117 3289 1215 3361 synodi
1236 3288 1344 3345 decreta
1365 3306 1447 3363 quum

192 3379 300 3427 senatus
312 3370 419 3431 homati
437 3377 507 3432 scito
529 3384 585 3432 tum
602 3376 764 3433 Theoderici
784 3378 857 3451 regis
873 3376 962 3432 edicto
979 3391 1049 3430 anno
1067 3373 1165 3430 Christi
1181 3373 1241 3432 507
1261 3373 1363 3430 lirmata
1378 3392 1447 3438 esse,

189 3459 331 3532 ipsummet
343 3459 505 3518 Theoderici
520 3462 638 3519 edictum
653 3462 686 3518 ad
701 3462 799 3537 synodi
815 3462 914 3518 calcem
929 3461 1080 3532 subjeetum
1096 3458 1175 3516 fidem
1191 3460 1279 3516 faciet.
1320 3464 1322 3466 ’

393 3621 432 3682 In
453 3621 629 3699 Symmachi
650 3621 853 3702 epistolant
875 3618 989 3705 („Boni
1002 3619 1228 3704 imperatoris“).

268 3742 345 3816 Apud
360 3741 512 3800 Ennodium
530 3745 706 3820 epistolarum
723 3746 784 3802 libri
796 3746 828 3802 lV
848 3747 932 3819 prima
949 3754 1000 3802 est.
1033 3745 1119 3814 Quum
1140 3746 1240 3819 scripta
1259 3752 1311 3807 est,
1333 3744 1446 3801 necdum
1461 3750 1513 3818 [ιθ]

177 3827 299 3886 seb‘mrua
313 3831 475 3886 exstinctum
498 3848 547 3888 nec
567 3831 697 3888 ecclesiae
712 3831 846 3888 Romanae
861 3849 912 3905 pan
940 3831 1044 3887 reddita
1065 3838 1132 3886 erat.
1164 3830 1275 3904 Synodo
1290 3830 1401 3886 Palmari
1417 3848 1447 3887 ac

174 3913 275 3972 libello
290 3931 340 3987 pro
354 3913 413 3986 ejus
428 3915 587 3972 ceremiam
602 3926 731 3992 suscepto
747 3917 830 3992 longo
844 3918 981 3990 posterior
997 3924 1048 3973 est.
1077 3915 1153 3971 lluuc
1168 3917 1238 3971 enim
1254 3915 1374 3971 libellum
1390 3918 1446 3972 vul·

171 4001 250 4076 gavit
268 3997 405 4056 Enuodius
424 4000 511 4057 adhuc
531 4001 674 4065 diaeonus:
696 4004 723 4058 in
744 4004 794 4059 hac
814 4011 903 4059 autom
925 4002 1040 4076 epistola
1055 4001 1214 4058 Marcelliani
1236 4017 1285 4055 seu
1301 4000 1445 4058 Marcellini

169 4085 301 4142 muniuit
316 4086 443 4160 episcopi,
460 4103 539 4160 quem
556 4088 685 4144 ecclesiae
701 4088 866 4162 AquileJensi
882 4089 1066 4162 praepositum
1079 4087 1171 4149 luisse,
1195 4103 1278 4159 quum
1286 4085 1341 4157 jam
1357 4085 1445 4143 Euno-

167 4171 236 4227 dius
253 4169 390 4227 Ticinensi
404 4180 553 4246 praeesset,
575 4189 608 4228 er
629 4174 715 4247 ipsius
730 4174 906 4247 epistolarum
922 4173 951 4237 V,
969 4173 987 4229 5
1004 4172 1172 4246 exploratum
1194 4181 1245 4228 est.
1277 4173 1315 4227 hc
1329 4172 1444 4228 schisma

165 4254 288 4331 quidem
303 4254 425 4329 pluribus
441 4259 518 4313 annis
533 4274 730 4332 perseverasse,
752 4268 779 4315 et
795 4275 944 4333 anonymus
960 4258 1164 4314 blanchinianus
1181 4259 1390 4331 Anastasiusque
1405 4260 1444 4313 in·

163 4343 278 4401 dicant,
293 4349 321 4396 et
337 4357 369 4396 ex
383 4340 613 4418 subsequentibus
628 4343 727 4400 litteris
742 4345 913 4402 manifestum
928 4343 984 4400 fiet.

424 4498 435 4515 ‘
470 4503 510 4565 In
530 4505 705 4583 Symmachi
725 4507 888 4584 epistolem
909 4507 930 4567 8
952 4503 1042 4588 (‚,Qoi
1054 4502 1141 4589 me“).

258 4621 299 4681 Es
314 4623 408 4682 codiee
423 4629 605 4702 manuscripto
621 4628 798 4687 bibliothecae
813 4630 921 4705 collegii
937 4630 1094 4687 Parisiensis
1109 4608 1246 4688 societatis
1261 4630 1325 4686 Jesu
1340 4631 1441 4703 primus
1454 4635 1525 4707 [Ed]

160 4729 227 4771 enm
243 4709 337 4767 edidit
352 4709 503 4769 llarduinus
519 4714 582 4770 coll
600 4732 676 4772 conc.
693 4715 723 4779 ll,
737 4717 808 4774 963.
847 4715 970 4773 Eamdern
987 4725 1014 4773 et
1029 4716 1202 4773 Constantius
1223 4735 1255 4772 ea
1271 4715 1367 4772 eodem
1383 4715 1443 4773 Col

160 4799 297 4860 hunino,
324 4813 357 4851 eu
382 4816 438 4873 quo
458 4800 536 4874 plura
557 4803 682 4876 superius
704 4813 878 4860 monumenta
904 4806 932 4860 in
952 4804 1098 4879 appendice
1120 4803 1284 4903 epistolaeb
1304 4801 1442 4890 produxit,

160 4886 251 4948 eruit,
269 4892 299 4939 et
316 4900 367 4939 nos
383 4887 408 4942 in
424 4889 655 4960 praestantissimo
669 4889 793 4945 Vaticano
810 4889 926 4966 Reginae
944 4892 1048 4950 1997
1040 4891 1199 4948 invenimus.
1226 4889 1252 4944 ln
1264 4875 1357 4946 dietis
1355 4906 1444 4947 exorn-
