3450 5678
679 335 872 414 nmsronsn
896 355 945 412 12.
971 355 1021 413 13.
1426 347 1486 415 ist

218 542 328 585 mone:
352 524 398 583 Ne
419 525 522 584 tardes
544 527 682 583 conuerti
701 524 744 582 nd
761 525 932 595 Dominum,
957 528 987 582 et
1009 540 1046 583 ne
1068 523 1198 600 differas
1220 525 1258 583 de
1279 523 1329 582 dic
1346 526 1376 582 in
1393 524 1488 583 diem:
1500 521 1616 597 (14161

217 623 293 708 quia
320 621 403 686 sicut
429 622 465 685 in
493 621 616 685 incerto
643 620 729 684 vitae
755 623 917 705 tempora,
952 621 999 685 ita
1025 621 1061 685 in
1086 624 1157 685 tuto
1185 620 1311 684 animae
1339 586 1582 721 1011111111ΕζξΙΙ

218 746 287 789 esse
308 722 465 806 remedia,
488 725 526 787 ut
547 722 647 786 intret
668 722 703 786 in
725 722 878 806 gaudium
900 722 1021 788 domini
1043 722 1108 805 sui,
1132 743 1227 806 quem
1242 721 1374 787 veniens
1388 723 1487 787 ‹lomi-

218 848 279 890 nus
301 847 339 889 ea
361 846 442 911 quae
464 824 525 889 sibi
548 823 679 908 placent
700 824 861 888 invenerit
882 825 1019 909 operari.
1049 824 1142 889 Unde
1157 828 1190 888 et
1204 824 1308 889 fateor
1322 846 1373 889 me
1387 824 1486 889 fuisse

217 929 385 1010 miratum,
417 948 473 991 cur
493 926 617 990 tamdiu
638 925 758 1010 legatio
780 927 937 1010 promissa
959 926 1149 1010 tardaverit,
1185 948 1282 1010 quum
1303 908 1597 1031 facienda¹)l,ff,“t,t}

217 1029 265 1099 vis
288 1031 346 1112 sit,
370 1032 406 1092 ut
427 1050 529 1113 regna
558 1027 707 1110 coelestia
728 1027 907 1112 rapiantur.
952 1027 1184 1094 Verumtamen
1211 1029 1384 1093 instinctus
1405 1028 1485 1114 ipse,
1539 1019 1546 1044 ’
1587 1021 1592 1031 ¹

218 1153 312 1216 quem
333 1129 589 1195 mansuetudinis
613 1133 736 1194 vestrae
758 1128 901 1194 declarat
927 1129 1111 1214 alloquium,
1139 1151 1229 1214 spem
1250 1151 1408 1214 supernae
1428 1131 1486 1195 mi·

218 1233 408 1298 sericordiae
431 1230 616 1316 pollicetur3
642 1231 777 1315 desuper
799 1234 848 1295 est
870 1232 956 1295 enim
978 1236 1012 1295 et
1033 1233 1137 1316 ipsum
1158 1232 1239 1297 velle
1261 1231 1344 1316 quod
1366 1232 1485 1298 bonum

218 1339 277 1400 est.
316 1334 448 1401 Confido
471 1337 587 1417 autem,
611 1333 762 1418 quoniam
784 1341 838 1413 qui
858 1340 957 1414 eoepit
978 1342 1009 1398 in
1032 1339 1114 1400 vobis
1129 1355 1203 1415 opus
1216 1339 1334 1414 bonum,
1347 1342 1624 1419 perficietPhil.t‚s.

218 1459 310 1518 usque
331 1444 362 1502 in
382 1444 481 1514 linem.
515 1435 604 1520 Ergo
627 1435 697 1499 viae
719 1435 770 1499 cui
794 1435 942 1519 coepistis
957 1435 1108 1519 insistite,
1132 1439 1165 1500 et
1179 1436 1295 1519 spretis
1311 1438 1486 1502 errantium

218 1539 348 1604 lubricis
371 1538 537 1603 nobiseum
559 1559 656 1622 supra
678 1541 803 1621 petram
826 1535 961 1600 solidam
982 1541 1090 1602 tenete
1112 1537 1259 1622 vestigia.
1293 1537 1364 1603 'Pali
1386 1541 1487 1604 erevit

217 1641 363 1706 Ecclesia
396 1642 509 1704 sancta
544 1661 717 1722 consensu,
753 1639 837 1723 quod
863 1638 914 1703 his
941 1639 1047 1703 verbis
1078 1639 1324 1723 apostolicorum
1357 1645 1486 1705 actuum

219 1746 354 1807 testatur
375 1742 525 1807 historia:
549 1747 751 1806 Multitudinis
771 1747 957 1806 credentium
978 1753 1047 1806 erut
1066 1763 1121 1806 eor
1135 1763 1226 1806 unum
1248 1754 1277 1806 et
1292 1750 1396 1807 antina
1410 1764 1483 1808 uno.
1497 1760 1636 1824 Act,4‚32‚

216 1844 302 1910 Nam
338 1843 602 1929 quamadmodum
640 1843 787 1907 connecti
819 1846 972 1926 poterunt
1005 1844 1131 1928 gratiae
1163 1843 1314 1928 vinculis,
1353 1867 1485 1929 quorum

217 1947 340 2011 distant
361 1947 457 2011 corda
479 1944 673 2010 sententiis?

301 2049 331 2112 2.
364 2047 446 2132 Fac,
475 2048 601 2111 domine
623 2047 813 2132 imperator,
843 2048 989 2112 effectum
1011 2069 1118 2112 rerum
1145 2048 1239 2112 fidem
1261 2049 1396 2134 probare
1418 2071 1485 2114 ver-

218 2151 339 2215 borum.
396 2149 472 2214 Non
500 2150 585 2213 enim
618 2150 817 2214 sermonibus
845 2153 1083 2234 cognoscuntur
1110 2151 1276 2214 hominum
1308 2152 1402 2216 corda
1429 2153 1484 2217 sed

217 2253 392 2336 fructibus,
421 2273 518 2336 quum
547 2253 580 2314 et
601 2250 766 2316 Abraham
794 2255 888 2336 pater
915 2256 1024 2317 noster
1051 2274 1117 2316 non
1144 2253 1231 2316 nuda
1252 2252 1322 2318 Deo
1342 2253 1404 2318 fide
1427 2255 1481 2318 sed
1493 2275 1551 2330 Jffl
1559 2283 1633 2344 221,

216 2377 312 2440 opere
338 2354 433 2420 fidem
463 2353 705 2417 commendante
733 2355 900 2436 placuerit.
950 2352 1045 2419 Unde
1077 2353 1127 2418 vel
1156 2376 1215 2439 pro
1246 2354 1483 2439 dispensatione

216 2457 295 2521 mibi
318 2456 440 2521 credita
463 2456 512 2520 vel
534 2456 664 2538 pietatis
686 2459 811 2519 vestrae
835 2455 919 2519 circa
940 2476 991 2519 me
1013 2455 1217 2541 benignitate
1238 2478 1407 2541 perpensa,
1430 2458 1483 2523 do-

216 2560 303 2623 mine
325 2559 387 2641 fili,
420 2557 532 2621 hortor
559 2561 592 2621 et
619 2556 777 2641 supplico,
812 2560 849 2621 ut
876 2557 1015 2622 studium
1041 2557 1145 2642 pacis,
1178 2560 1262 2643 quod
1283 2580 1341 2643 per
1363 2560 1483 2644 scripta

215 2660 398 2746 praefertis,
422 2659 462 2723 ad
486 2658 705 2742 componenda
727 2659 894 2723 nobiscum
916 2659 1062 2741 adjirtore
1077 2659 1145 2724 Deo
1168 2661 1262 2724 eain
1284 2651 1345 2744 his,
1368 2662 1482 2746 quibus

215 2763 366 2827 laborant
387 2761 555 2844 ecelesiae,
580 2760 742 2845 dirigatis,
772 2761 847 2844 quia
874 2761 1048 2826 secundum
1075 2761 1266 2847 prophetam
1292 2785 1363 2844 pax
1388 2770 1593 2829 muttuPsalm.

215 2868 408 2945 attinentibus
430 2884 536 2928 nomen
552 2876 644 2941 tuum,
669 2875 697 2926 et
711 2884 771 2928 non
787 2875 830 2928 est
845 2870 906 2928 itta
919 2870 1107 2944 scandatum.
1136 2862 1211 2929 Non
1226 2868 1302 2928 sunt
1316 2865 1483 2950 incognita
1498 2844 1615 2906 ¹¹⁸’¹⁶⁵·

215 2967 301 3052 apud
322 2965 600 3031 mansuetudinem
622 2967 778 3048 vestram,
806 2986 888 3049 quae
909 2987 968 3029 nos
991 2966 1032 3030 ab
1054 2988 1106 3050 ea,
1130 2979 1237 3052 'quam
1263 2967 1483 3052 redintegrare

215 3070 371 3154 cupimus,
395 3069 520 3132 urritate
542 3067 737 3131 discernant.
782 3065 866 3131 Date
889 3089 1034 3151 operam,
1058 3071 1095 3131 ut
1116 3067 1285 3150 laudande,
1309 3090 1390 3154 quae
1412 3091 1483 3154 pro-

214 3171 362 3253 fitemini,
387 3169 609 3253 compleantur
631 3169 761 3252 effectu,
786 3172 819 3232 et
841 3169 992 3253 apostoli,
1028 3169 1118 3253 eujus
1142 3169 1396 3235 communionem
1418 3194 1483 3237 cre·

214 3273 291 3337 ditis
314 3272 535 3356 expetendam,
559 3272 636 3335 totis
658 3271 778 3334 viribus
801 3271 971 3355 sequimini
993 3272 1206 3356 disciplinam.
1240 3272 1280 3336 In
1294 3276 1398 3338 totum
1412 3295 1482 3359 per-

214 3376 283 3439 dita
305 3375 472 3438 noxiorum
493 3373 651 3437 declinate
668 3373 828 3457 contagia,
852 3373 1000 3456 scientes,
1024 3395 1090 3438 non
1103 3373 1223 3439 habere
1239 3396 1309 3439 eum
1324 3376 1483 3461 religiosis

213 3478 329 3563 impios
357 3477 553 3561 portionem,
592 3498 652 3539 nec
679 3474 779 3539 ullum
807 3475 881 3539 fidei
910 3497 983 3540 cum
1010 3476 1144 3560 perfidia
1176 3497 1244 3540 esse
1276 3478 1481 3541 consortium.

215 3580 421 3664 (busequens
449 3583 513 3661 est,
542 3578 653 3662 utqui
676 3598 818 3641 erromm
841 3577 1019 3643 detestatur
1045 3578 1223 3663 principes,
1257 3579 1361 3644 oderit
1382 3583 1483 3645 secta-

213 3686 310 3746 tores.
356 3679 561 3745 Exsecrabile
594 3679 751 3743 habeatur
783 3680 817 3743 in
845 3679 938 3764 flore,
973 3680 1055 3766 qnod
1090 3681 1262 3745 damnatur
1288 3681 1324 3745 in
1350 3683 1481 3748 semine.

215 3784 337 3850 Offerte
358 3782 419 3846 hoc
441 3805 556 3847 munus
573 3783 650 3865 Dec,
674 3803 733 3866 pro
755 3782 879 3865 vestris,
902 3803 1025 3866 precor,
1049 3781 1159 3847 offerte
1181 3784 1393 3868 temporibus:
1412 3785 1482 3868 jam

215 3886 270 3951 din
297 3885 381 3950 hanc
405 3908 424 3948 a
447 3885 534 3950 vobis
557 3884 696 3948 hostiam
723 3905 781 3969 pro
804 3884 904 3948 tantis
926 3906 1008 3968 quae
1030 3884 1119 3948 vobis
1143 3884 1279 3949 contulit
1302 3884 1482 3973 Christus'2)

213 3992 389 4074 exspectat.

298 4091 329 4156 3.
368 4088 449 4166 Quid
471 4111 551 4173 opus
573 4093 622 4153 est
651 4090 735 4173 apud
763 4089 853 4154 illum
879 4110 989 4174 preces
1018 4087 1183 4173 adhibere,
1217 4090 1272 4174 qui
1299 4091 1483 4176 supplicat?

214 4191 280 4258 Vos
303 4192 430 4256 senatui
452 4191 539 4255 urbis
561 4191 697 4274 Romae,
733 4196 768 4256 ut
796 4213 847 4255 me
869 4191 909 4254 ad
931 4212 1044 4274 pacem
1065 4190 1263 4276 hortaretur,
1298 4191 1480 4277 injmrgitis

214 4295 286 4380 Ego
308 4316 374 4358 non
396 4292 499 4357 solum
521 4315 592 4356 eum
615 4293 665 4356 his
687 4293 727 4356 ad
757 4315 810 4357 vos
832 4291 1076 4376 supplicationis
1103 4293 1200 4357 verba
1228 4297 1396 4376 converto,
1426 4296 1481 4358 sed

213 4396 360 4482 vestigiis
383 4394 497 4460 vestris
526 4417 598 4458 cum
620 4394 793 4459 universali
822 4393 972 4457 advolvor
993 4393 1148 4458 Ecclesia.
1203 4395 1322 4459 Audite
1350 4417 1400 4458 me
1422 4417 1481 4479 pro

215 4591 246 4638 13
283 4587 303 4653 ¹)
322 4584 355 4638 G¹
369 4587 395 4639 a¹
413 4587 535 4650 furiendo
547 4588 640 4649 jussit,
658 4583 725 4636 bce
741 4587 862 4648 [1111111110
880 4587 930 4635 ista
948 4586 1007 4638 sint.
1042 4580 1130 4635 Nullis
1148 4581 1273 4651 apicibus
1291 4581 1414 4649 mutatis,
1432 4581 1482 4636 sed

214 4684 284 4737 quos
294 4668 436 4723 Romanus
453 4667 544 4720 editor
561 4665 633 4719 male
651 4666 841 4736 copulaverat,
860 4664 954 4719 debite
973 4665 1119 4736 separatis,
1142 4666 1263 4734 genuina
1280 4665 1405 4719 redditur
1422 4683 1481 4721 sen·

213 4754 303 4809 tentia
320 4751 497 4818 Hormisdnc,
515 4751 663 4805 alludentia
681 4752 717 4805 ad
734 4751 802 4805 illud
820 4750 918 4806 Manu.
941 4758 984 4817 ll,
1004 4758 1047 4805 12:
1070 4756 1180 4821 Regnum
1198 4757 1322 4806 coelorum
1345 4758 1391 4806 vim
1411 4758 1482 4820 pati-

214 4851 266 4900 tur,
285 4851 311 4893 et
328 4843 431 4893 violenti
448 4837 584 4906 (adeoque
602 4853 657 4890 non
675 4835 750 4906 pigri
767 4837 817 4890 aut
834 4836 1016 4905 negligentes)
1034 4843 1139 4905 rapiunt
1157 4842 1225 4891 ittud.

282 4923 514 4992 Ξ)111111111111111
536 4928 677 4990 benefieiis,
700 4937 820 4991 moxque
840 4943 891 4990 pro
915 4927 1053 4976 universati
1121 4928 1260 4977 abscindite
1334 4929 1480 4993 partirentur
