3450 5678
587 338 679 385 1111.
705 337 936 387 —ae1srous
961 329 990 387 1.
1357 324 1420 391 615

160 501 207 568 Qui
228 499 418 557 nihilomnino
440 498 473 554 de
494 498 626 569 ejusmodi
648 498 781 572 palinodia
797 506 974 554 memorantes
991 498 1017 554 id
1033 508 1128 554 contra
1143 499 1307 563 obtendunt,
1330 503 1419 574 ponti·

134 626 139 647 .
160 585 232 641 licem
248 584 323 640 illum
343 582 368 639 id
389 583 525 639 dumtaxat
541 586 672 658 exegisse,
695 594 724 639 ut
740 586 819 639 nerins
836 585 932 646 dcccii,
948 601 1002 639 non
1019 585 1096 639 ctiam
1113 593 1264 640 ceterorum
1280 584 1338 655 ejus
1353 603 1418 642 cou-

157 670 269 725 sortium
290 669 398 724 nomiua
419 676 571 724 tacerentur
592 668 674 740 (cons.
697 668 852 724 llormisdac
882 670 960 742 epist.
981 668 1133 730 12012,
1168 669 1226 726 129
1248 687 1276 725 n.
1293 670 1321 734 3,
1357 670 1417 726 132

157 772 181 809 n.
199 753 237 825 2).
281 752 493 827 Quemquamne
509 754 683 826 hocquidem
699 770 790 810 rerum
806 771 874 815 esse.
895 755 992 826 cuique
1013 753 1153 826 epistolam
1175 755 1315 818 Anastasii
1338 771 1417 828 quam

156 839 193 895 illi
208 838 351 913 appellant,
367 838 469 911 legenti
484 839 547 893 satis
563 837 672 912 patebit.

238 923 266 979 2.
298 922 467 997 Quapropter
482 939 541 978 eum
559 940 613 978 uon
628 923 715 979 divim
732 923 835 979 ultione
854 939 1023 997 percussum,
1041 931 1071 979 ut
1085 923 1124 979 illi
1141 923 1243 986 volunt,
1265 924 1313 980 sed
1329 927 1415 999 pravis

154 1007 254 1064 artibus
275 1017 356 1082 atque
376 1008 479 1063 insidiis
494 1007 566 1062 Festi
589 1009 698 1081 patricii.
716 1010 762 1081 qui
775 1009 915 1064 Anastasio
930 1011 1055 1082 degusto
1076 1009 1235 1083 promiserat
1248 1017 1328 1083 atque
1342 1027 1415 1067 reee-

53 1107 61 1110 ·
155 1101 237 1166 perat.
254 1110 283 1148 se
299 1093 337 1149 illi
353 1100 383 1148 ut
398 1092 530 1149 llenotico
546 1092 728 1148 subscriberet
744 1110 942 1166 persuasurum,
960 1110 1014 1149 nou
1030 1095 1088 1148 sine
1104 1093 1149 1148 hot
1165 1104 1232 1149 nutu
1248 1092 1415 1151 subtractum

153 1178 320 1234 arbitramur.
351 1177 539 1233 Verumtamen
564 1179 666 1251 patricii
688 1176 767 1248 hujus
793 1179 965 1252 pollicitatio,
992 1177 1069 1248 (eujus
1091 1177 1251 1254 Theodorus
1275 1179 1362 1236 lector
1388 1187 1414 1235 et

153 1263 327 1337 Timophanes
343 1264 496 1325 meminere.
518 1263 600 1317 multa
621 1262 692 1318 illius
712 1264 813 1318 norrrini
828 1262 1022 1318 contumeliosa
1038 1263 1255 1320 comminiscendi
1277 1264 1365 1320 locum
1387 1273 1415 1321 et

153 1349 320 1405 occasionem
336 1347 418 1404 dedit.
447 1346 502 1403 Nec
517 1346 591 1403 abest
605 1348 733 1422 suspicio,
755 1349 828 1421 ipsos
840 1347 903 1404 illos
919 1349 1112 1410 schismaticos,
1129 1349 1175 1421 qui
1191 1358 1302 1404 auctore
1316 1348 1413 1405 eodem

153 1431 232 1490 l'esto
248 1440 342 1489 eontra
357 1432 542 1507 Symmachum
559 1449 665 1488 omnem
680 1429 793 1506 lapidem
809 1431 959 1496 movebant,
977 1450 1037 1488 mox
1054 1440 1203 1489 commenta
1225 1435 1275 1489 ista
1294 1431 1411 1505 linxisse,

152 1517 247 1592 quihus
269 1524 298 1574 et
314 1517 391 1588 justo
411 1516 533 1592 pontifici
554 1517 738 1580 detraherent,
755 1525 781 1573 et
796 1518 871 1574 arulae
886 1518 1047 1591 Byzantinae
1063 1517 1181 1573 larorem
1205 1517 1256 1574 sihi
1276 1535 1411 1593 compara·

151 1611 219 1659 rent.
242 1601 321 1659 Certe
336 1603 431 1658 similis
445 1603 553 1676 generis
569 1598 678 1658 illorum
695 1601 821 1677 figmenta
838 1604 990 1659 etiamnunc
1007 1596 1170 1673 teruntur⁴)‚
1187 1612 1215 1658 et
1231 1620 1265 1662 eu
1279 1603 1411 1674 ejusmodi

43 1736 46 1741 .
151 1686 270 1744 lontibus
286 1689 398 1743 vitarum
415 1686 609 1762 pontificiarum
626 1688 786 1761 compilator
802 1688 929 1743 hauserit.
961 1687 1046 1743 Porro
1063 1686 1158 1743 l'estus
1175 1686 1284 1744 Romam
1304 1689 1411 1744 rediens

10 2767 91 2828 32.

150 1774 318 1829 Anastasium
339 1773 390 1828 vita
406 1772 527 1828 iunctum
549 1774 690 1845 corriperlt.
727 1772 839 1828 llortem
862 1772 919 1843 ejus
947 1790 1017 1828 aiano
1043 1771 1105 1829 498
1126 1772 1169 1828 dic
1195 1773 1233 1829 17
1255 1772 1410 1829 Novembris

148 1866 238 1914 vetera
254 1867 426 1913 monumenta
440 1859 610 1931 consignant.
627 1859 652 1912 in
669 1857 766 1930 quihus
782 1865 809 1913 et
822 1860 950 1914 onnoml
969 1859 1124 1914 mensesll
1142 1858 1250 1914 dies24
1266 1857 1409 1915 Ecclesiam

147 1942 347 1999 administrasse
374 1951 545 2011 memoratur.
576 1941 605 1998 ln
631 1941 738 1999 basilica
763 1942 833 1998 beati
860 1942 932 1998 Petri
957 1942 1073 2017 apostoli
1099 1959 1160 1998 eum
1186 1943 1323 2017 sepultum
1350 1960 1410 2001 esse

144 2027 204 2083 xttt
218 2027 350 2084 llalendas
373 2026 530 2084 llecernhres
551 2035 579 2084 et
601 2045 719 2084 cessasse
741 2029 924 2102 episcopatum
940 2028 996 2085 dies
1013 2036 1137 2102 quatuor,
1161 2026 1228 2083 liber
1248 2027 1410 2102 pontificalis

145 2112 238 2169 tradit.

680 2230 877 2237 -——..

657 2395 896 2498 mm

129 2535 1617 2636 mmmmmmmmmmmffl·

556 2667 621 2731 pro
643 2667 727 2731 pace
750 2650 996 2715 ecclesiarum.

190 2795 210 2842 t
227 2791 299 2848 Quod
315 2803 359 2854 pro
377 2791 476 2839 christo
493 2790 617 2852 iungatur
634 2789 772 2851 legatione,
789 2791 849 2837 dum
866 2802 910 2851 pro
928 2804 991 2851 pace
1009 2795 1129 2852 precatur
1145 2792 1283 2841 Ecclesiae.

181 2878 213 2927 Π.
230 2877 302 2932 stand
318 2888 366 2924 non
384 2876 420 2924 sit
437 2879 533 2923 temere
548 2875 714 2937 judicandum
731 2875 761 2923 dc
778 2875 821 2933 iis,
839 2875 910 2938 qui')
924 2876 980 2936 jam
997 2876 1030 2924 ad
1047 2876 1128 2924 Deum
1145 2877 1329 2937 migraverunt.

169 2963 213 3011 m
231 2963 265 3010 ut
281 2962 428 3022 specialiter
444 2961 471 3008 in
488 2960 605 3008 Ecclesia
622 2971 710 3008 nomen
728 2963 846 3007 taceatur
863 2961 960 3007 Aeacii.

171 3047 212 3095 lv.
230 3045 301 3101 tincti
317 3058 471 3107 magnopere
489 3045 616 3094 cententio
634 3045 669 3093 sit
686 3045 806 3092 cavenda

184 3131 214 3180 V.
232 3132 265 3179 uc
282 3131 468 3179 Alexandrinos
490 3131 630 3191 imperator
652 3129 787 3178 1111111111
808 3130 840 3177 ad
862 3130 937 3179 fldem
959 3131 1084 3179 macerem
1106 3136 1133 3180 et
1156 3133 1189 3181 ad
1211 3144 1298 3193 pacem
1320 3134 1404 3182 redire

226 3216 385 3265 catholicam.
549 3215 553 3224 ’

167 3301 209 3351 VI.
226 3301 381 3349 helmenstnr
398 3302 543 3362 imperator,
560 3303 590 3347 nt
607 3298 754 3347 constitutis
772 3300 927 3360 apostolicae
945 3300 1013 3348 sedis
1031 3301 1193 3362 obtemperet.

155 3386 207 3435 m
224 3386 295 3441 anrl
312 3398 367 3444 ecs,
389 3399 451 3446 qnos
473 3389 530 3447 pest
547 3384 735 3432 damnationem
758 3397 831 3432 snam
853 3384 896 3432 rel
913 3385 1058 3445 baptizarit
1079 3387 1122 3434 rel
1140 3388 1269 3436 ordinavit
1286 3389 1404 3451 Aeacius,

225 3470 297 3519 nulla
310 3471 394 3531 portio
410 3471 533 3519 laesionis
550 3470 672 3531 attingat

92 3544 208 3605 ἾΠῑ
225 3553 297 3610 Quod
317 3555 379 3603 mali
400 3556 466 3603 hona
488 3554 656 3603 ministrando
678 3552 730 3601 sihi
749 3555 920 3604 tantummode
947 3559 1067 3616 noceant,
1093 3569 1139 3604 nec
1161 3558 1293 3607 Ecclesiae
1317 3573 1403 3610 sacra·

224 3644 312 3688 menta
328 3640 519 3689 commaculent.

293 3771 592 3837 Gloriosissimo
627 3775 664 3835 et
693 3772 1040 3858 elementissimol)
1069 3773 1158 3838 filio
1186 3776 1403 3843 Anastasio

385 3875 563 3958 Angusto
583 3874 827 3938 hirastasius
850 3876 1070 3960 epiecopus.

226 3997 254 4057 1.
293 3993 468 4056 Exordium
491 3993 696 4076 pontificatus
718 3993 781 4057 mei
803 3993 949 4076 primitus
965 3993 1073 4057 oblata
1088 3995 1214 4078 populis
1229 4019 1309 4080 paee
1331 4021 1401 4082 pro·

205 4233 228 4299 ⁴)
245 4230 443 4299 Fragmentum
461 4230 528 4283 illud
546 4230 616 4293 dic0,
635 4230 709 4299 quod
722 4248 755 4284 ox
767 4229 927 4299 pervetusto
941 4229 1034 4284 codice
1043 4229 1196 4285 Veronensi
1208 4233 1242 4287 de
1255 4235 1400 4289 Anastasio

117 4301 170 4353 ΨΦ
186 4297 501 4421 ᾖγ111111119111131111
517 4298 696 4377 Β111111111111Ι
707 4299 763 4351 not.
784 4297 921 4375 ranorum
947 4297 984 4351 ad
1000 4298 1176 4377 Anastasium
1199 4303 1266 4355 tom.
1286 4304 1399 4369 11111,

115 4381 194 4437 (auo
215 4384 269 4436 que
283 4366 388 4435 Judrcro
406 4385 458 4420 mn
476 4367 628 4420 dochssunr
645 4384 730 4436 apeme
748 4366 906 4435 Symmachr
924 4368 1044 4419 aetatem
1062 4367 1184 4436 attingat.

206 4455 226 4521 ¹)
244 4451 288 4505 Ila
309 4469 372 4505 mss.
392 4451 425 4506 H.
461 4451 515 4505 Alii
539 4451 634 4518 (eiiam
652 4451 744 4519 E²ll*)
764 4458 807 4520 peti
828 4457 863 4503 ad
885 4455 1014 4505 Dominum
1034 4458 1211 4520 ntiproverant.
1253 4454 1332 4520 Quod
1354 4457 1401 4509 ob·

121 4549 230 4603 Retro,
256 4536 322 4604 quia
344 4536 467 4589 nonnulli
491 4538 585 4606 psaltes
607 4535 826 4605 nourrirmlirnqne
845 4527 964 4589 Hilarius
982 4556 1084 4604 repnum
1103 4543 1152 4592 Dei
1168 4556 1186 4592 1
1203 4559 1282 4605 repon
1303 4543 1401 4593 Dornini

121 4622 341 4691 distinguentes
358 4620 479 4690 primum
497 4621 534 4674 ad
551 4621 780 4674 resurrectionem
798 4637 883 4689 nsque
901 4621 1069 4689 universam,
1088 4622 1207 4676 alterum
1223 4625 1287 4693 posh
1299 4623 1399 4693 spiriti·

122 4700 190 4761 laus
207 4705 298 4762 beatis
316 4705 477 4759 concedunt.
515 4704 569 4759 Sed
587 4706 724 4761 Anastasii
748 4707 839 4759 textus
856 4713 997 4775 nequead
1014 4712 1094 4761 licum
1111 4724 1199 4775 neque
1218 4715 1254 4762 ad
1271 4714 1400 4763 Dominum

123 4791 269 4861 postolat.

205 4879 226 4942 ²)
245 4876 293 4929 Η10
311 4879 530 4928 excellentissimo.
