3412 5664
302 338 317 361 ι
342 303 404 370 130
825 319 852 367 s.
869 318 992 369 ariani
1014 317 1129 367 rusia

857 470 1039 576 Epistola
1064 472 1097 554 2.

206 594 289 713 aiii
302 606 328 643 V·
493 626 615 692 niiari
638 625 739 690 urnis
761 624 892 691 mmai
914 623 1158 691 archidiaconi
1179 622 1224 689 ai
1245 622 1463 691 vicarium.

381 769 482 817 Latinis
509 774 534 817 el
554 766 660 816 Graecis
683 767 714 815 de
732 764 868 814 Posclotis
890 766 1075 830 conputatione
1098 766 1166 814 inter
1187 778 1216 814 se
1239 764 1448 815 dissentientibus
1467 765 1566 819 usna

384 855 521 904 Victoriam
539 852 606 913 odii,
626 856 652 899 ui
669 851 727 912 ejus
744 850 909 900 dissensionis
926 856 952 900 ei
970 852 1082 915 origines
1099 850 1212 916 inquirat
1229 855 1254 898 et
1272 849 1310 899 ad
1325 864 1381 899 eain
1397 852 1566 903 renovenda

799 930 877 999 optus
894 936 1009 988 rationes
1024 935 1157 1000 proferat.

494 1067 769 1134 Dilectissimo
792 1071 831 1132 et
856 1066 1085 1132 lionorabili
1114 1072 1257 1132 saneto
1283 1067 1408 1133 fratri
1429 1066 1566 1135 Victor

587 1168 753 1234 Hilarus
781 1168 1093 1235 archidiaconus
1122 1168 1233 1234 urbis
1260 1168 1418 1236 Romae.
1529 1211 1538 1220 ·

429 1313 457 1374 l.
481 1308 585 1384 Quum
608 1305 759 1390 pleraque
781 1304 820 1370 de
841 1306 967 1371 ratione
989 1304 1133 1390 paschali
1159 1309 1228 1370 tarn
1248 1306 1289 1371 de
1311 1306 1436 1372 Graeco
1456 1306 1566 1373 band.

343 1433 439 1497 quam
460 1432 480 1473 a
502 1408 626 1473 Latinis
650 1407 779 1472 condita
800 1428 1017 1491 recenserem,
1041 1407 1223 1493 discrepare
1243 1408 1330 1473 inter
1351 1430 1386 1474 sc
1407 1412 1566 1475 utrorum<

343 1513 521 1578 sententias
551 1514 646 1594 atque
672 1510 734 1574 sibi
767 1510 906 1575 invicem
933 1509 1088 1574 resultare
1119 1511 1284 1595 perspexi:
1317 1514 1356 1576 ut
1382 1515 1501 1577 neuim
1527 1533 1566 1599 pe

343 1616 419 1679 dum
440 1615 650 1698 impugnatur
672 1612 713 1676 ab
735 1611 852 1695 altera,
876 1616 1005 1697 putetur
1028 1613 1191 1678 evidenter
1207 1613 1371 1679 adstruere
1392 1613 1490 1699 hujus
1508 1612 1566 1679 obe

343 1717 473 1782 vanfiae
496 1714 708 1799 disciplinam.
747 1713 816 1789 Quo
838 1714 891 1798 fit,
915 1718 952 1779 ut
973 1738 1072 1800 quum
1093 1714 1256 1780 institutio
1277 1714 1396 1781 Latina
1415 1716 1468 1782 rel
1489 1714 1566 1783 Gra

344 1818 516 1884 eruditioni
549 1816 742 1881 domesticae
769 1816 874 1901 magis
900 1816 1008 1882 favere
1038 1816 1219 1900 contendit,
1256 1818 1430 1903 praecipuo
1456 1840 1566 1885 muner

344 1920 529 2006 peragendo
551 1920 637 1984 inter
659 1940 768 1983 eorum
790 1918 1004 1987 dissensiones
1026 1922 1153 2005 tempus
1175 1940 1271 2004 saepe
1293 1941 1359 1985 non
1382 1922 1552 2005 congruat

429 2022 460 2086 2.
483 2020 701 2106 Quapropter,
731 2021 942 2086 dilectissime
962 2020 1079 2103 frater,
1112 2023 1240 2108 tanta²)
1268 2043 1376 2087 rerum
1402 2022 1566 2109 ambignit

345 2128 508 2210 permotus
529 2128 605 2188 tuae
626 2123 808 2188 dilectionis
830 2124 935 2189 studio
957 2123 1094 2188 fidenter
1115 2124 1269 2210 injungo,
1292 2128 1330 2189 nt
1350 2146 1408 2211 per
1422 2124 1566 2190 otiumd

345 2231 461 2312 genter
493 2226 653 2311 inquiras,
687 2224 738 2290 vel
770 2225 855 2291 unde
883 2225 1068 2309 supradicta
1100 2225 1267 2291 diversitas
1299 2228 1436 2313 oriatur,
1470 2228 1522 2294 vel
1552 2254 1566 2292 ι

345 2329 547 2414 potissimum
574 2328 699 2392 ratione
720 2328 839 2392 veritas
867 2328 1054 2412 indagetur:
1082 2332 1119 2392 ut
1146 2327 1297 2415 deinceps
1324 2329 1474 2396 dissonae
1494 2331 1566 2418 opis

345 2424 396 2495 iiis
419 2452 524 2495 errore
546 2429 673 2494 sublato
701 2428 788 2493 idem
810 2451 935 2515 semper
965 2433 1075 2494 terrem
1097 2430 1199 2515 possit
1219 2431 1429 2518 universitas,
1458 2437 1566 2519 quate:

346 2533 454 2598 cuncti
477 2533 512 2597 in
535 2553 702 2597 commune
724 2531 834 2596 fideles
856 2555 876 2596 a
898 2532 1002 2597 dubiis
1024 2531 1171 2596 omnibus
1186 2533 1326 2618 expediti
1347 2535 1384 2599 in
1397 2536 1516 2601 summi
1537 2556 1566 2601 ei

346 2636 465 2700 britate
490 2635 635 2719 mysterii
667 2634 824 2715 inoffenso
853 2634 1030 2698 devotionis
1057 2635 1188 2700 tramite
1216 2636 1410 2722 dirigantirr.
1464 2638 1532 2704 οη
1559 2660 1566 2722 ,¹

345 2738 450 2821 nobis,
473 2737 678 2803 dilectissime
693 2736 803 2802 frater.

860 2923 1041 3028 Epistola
1067 2926 1102 3009 3.

240 3101 335 3151 asar.
473 3078 627 3147 Victorii
649 3078 693 3145 ad
715 3078 885 3146 Hilarum
908 3078 1011 3144 urbis
1032 3077 1164 3145 Itoniae
1186 3078 1490 3148 archidiaconum.

550 3222 639 3271 Hilari
656 3222 688 3271 de
706 3222 892 3289 computatione
909 3220 963 3270 diei
977 3219 1107 3283 paschalis
1121 3221 1259 3284 maluistis
1275 3220 1415 3284 eotnfneii.

499 3352 664 3416 Domino
704 3373 793 3417 vere
834 3356 974 3416 sancto
1016 3371 1060 3415 ac
1103 3352 1330 3417 venerabili
1373 3353 1415 3417 in
1452 3352 1566 3419 Chris

592 3452 715 3517 fratri
742 3451 884 3518 Hilaro
919 3452 1204 3519 archidiacono
1233 3454 1452 3520 Victorius.

434 3590 462 3651 l.
485 3584 617 3652 Utinam
641 3589 819 3673 praeceptis
841 3590 920 3673 tuis,
945 3589 1167 3655 archidiacone
1189 3590 1381 3656 venerabilis
1396 3590 1528 3675 Hilare,
1550 3594 1566 3657 t

348 3689 463 3754 effectu
485 3689 607 3755 valeam
636 3711 747 3775 parere
774 3713 870 3775 quam
891 3694 982 3756 voto!
1026 3691 1087 3757 Est
1115 3693 1201 3757 enim
1223 3695 1257 3758 et
1284 3693 1447 3778 hocopus
1469 3692 1566 3759 arduo

348 3795 381 3855 et
410 3813 499 3856 meae
528 3792 762 3879 intelligentiae
790 3793 928 3858 facultas
956 3793 1082 3879 exigua.
1133 3794 1205 3880 Ego
1233 3798 1356 3879 sutem,
1386 3794 1471 3880 quod
1498 3794 1541 3860 ad

349 3894 482 3977 attinet,
514 3896 639 3959 etiamsi
662 3895 828 3980 delegatae
850 3897 1004 3961 materiae
1026 3919 1156 3982 superer
1177 3897 1376 3983 quantitate,
1399 3897 1480 3962 satis
1502 3895 1566 3963 hab

344 3996 482 4078 jussioni
515 4000 589 4061 tuae
622 3996 844 4081 possibilitatis
878 4019 967 4062 meae
999 3997 1214 4064 obedientiam
1247 4020 1313 4064 non
1344 3997 1502 4084 defuisse,
1537 4021 1566 4085 qr

347 4098 477 4163 tametsi
499 4099 713 4163 ministerium
727 4099 859 4164 minime
880 4098 1029 4183 impleret
1049 4100 1247 4185 injunctum,
1273 4104 1359 4167 certe
1380 4100 1527 4167 debitum
1548 4122 1566 4187 p

348 4198 485 4264 solveret
512 4200 708 4285 obsequium.
758 4200 866 4287 Teque
893 4202 1059 4285 deprecor,
1091 4206 1128 4267 ut
1155 4203 1182 4267 si
1210 4203 1375 4289 quidpiam
1401 4224 1495 4268 secus
1523 4225 1566 4289 qu

351 4301 476 4367 voluisti
499 4303 700 4388 provenerit,
722 4304 977 4369 imbecillitatem
991 4325 1095 4369 meam
1110 4307 1206 4390 atque
1220 4326 1300 4390 opus
1315 4304 1503 4389 impositum
1517 4326 1566 4371 aei

345 4403 419 4487 jure
440 4405 657 4488 perpendens,
687 4405 867 4491 imperfecti
896 4406 1037 4470 laborem
1059 4406 1183 4492 negotii
1205 4406 1312 4472 officio
1332 4405 1425 4471 malis
1448 4408 1566 4474 testim

348 4528 445 4590 quam
472 4507 597 4571 merito.
642 4506 817 4573 Maximum
844 4509 931 4572 enim
957 4508 1112 4573 indicium
1140 4529 1230 4573 meae
1259 4528 1337 4593 erga
1363 4510 1397 4572 te
1418 4512 1566 4575 renerent

349 4612 413 4691 est,
449 4608 593 4693 imperiis
616 4609 680 4673 tuis
709 4609 848 4694 amplius
875 4632 926 4674 me
959 4610 1144 4695 impendere
1172 4610 1325 4694 voluisse,
1359 4632 1457 4695 quam
1486 4632 1566 4697 poss

416 4781 436 4845 ¹)
454 4779 472 4831 i.
491 4796 514 4834 e.
534 4778 677 4834 l'sstisitati
694 4779 828 4849 paschali.

416 4864 438 4929 ²)
456 4862 511 4915 Alii
528 4875 662 4919 tantoniam.
698 4864 784 4918 Bucb.
