3450 5678
216 238 280 306 458
690 257 718 304 s.
736 254 876 305 canusa
898 253 1012 303 aaran

118 414 205 465 11-405
217 411 259 475 ab
281 411 350 493 ejus
372 409 435 473 fide
457 408 507 473 vel
530 410 768 493 praedieatione
797 409 935 492 sejuncti
957 413 1044 492 sunt,
1071 409 1127 474 sed
1149 410 1250 494 ipsius
1272 414 1489 493 communica

160 482 202 534 ⁹⁶¹
217 512 362 594 tionisw)
390 533 448 595 per
470 513 610 595 gratiam
632 511 691 575 Dei
715 533 813 594 usque
835 511 869 574 in
891 511 1041 576 ultimum
1068 512 1153 577 diem
1180 512 1265 578 vitae
1294 537 1371 580 suae
1398 515 1489 581 fuere

217 613 404 698 participes,
428 612 579 697 legendos
602 613 756 677 decernit.

302 714 384 779 Item
407 715 581 779 decretales
604 716 766 799 epistolae,
789 738 869 799 quas
892 715 1068 780 beatissimi
1091 739 1195 801 papae
1216 717 1350 782 diversis
1365 722 1489 804 tempo-

216 817 304 881 ribus
327 816 369 881 ab
390 816 468 880 urbe
495 815 598 880 Romu
621 838 678 900 pro
707 817 903 881 diversorum
925 821 1053 901 patrum
1085 819 1369 906 consultatione²¹)
1396 821 1488 888 dede·

216 922 304 1001 runt,
328 917 556 983 venerabiliter
577 918 796 1004 suscipiendas
819 941 898 983 esse.

299 1021 331 1085 4.
376 1019 458 1084 Item
481 1024 574 1105 gesta
594 1024 779 1084 sarrctorimr
800 1025 987 1106 martyrius,
1017 1024 1070 1107 qui
1094 1023 1325 1108 multiplicibus
1347 1028 1488 1092 tormen·

216 1127 322 1188 torum
344 1122 537 1222 cruciatibus
560 1125 593 1186 et
614 1123 813 1187 mirabilibus
829 1124 1066 1189 confessionum
1081 1125 1252 1210 triumphis
1267 1126 1486 1213 irradiante).

216 1224 293 1301 Quis
325 1225 389 1289 istu
423 1224 651 1290 catholicorum
685 1225 809 1289 dubitet
837 1231 870 1290 et
899 1226 1022 1310 majora
1055 1249 1108 1291 eos
1138 1229 1174 1292 in
1197 1229 1355 1313 agonibus
1388 1230 1488 1295 frume

215 1348 400 1412 perpessos,
428 1349 488 1391 nec
515 1328 580 1391 suis
609 1326 728 1391 viribus
761 1327 816 1391 sed
851 1327 910 1391 Dei
944 1329 1052 1414 gratia
1080 1333 1113 1393 et
1142 1330 1301 1413 adjutorio
1336 1332 1489 1397 uniuersa

216 1428 395 1494 tolerasse?
431 1427 493 1495 Sed
526 1429 597 1493 ideo
626 1429 800 1493 secmrdum
835 1431 1002 1515 tantiquam
1036 1433 1300 1497 consuetudinem
1328 1434 1486 1520 singulari

217 1531 342 1596 cautela
364 1531 446 1616 in²³)
470 1535 584 1596 sancta
607 1530 753 1596 Romana
777 1531 910 1596 ecclesia
934 1555 998 1597 aaa
1020 1534 1183 1618 leguntur,
1212 1535 1287 1619 quia
1308 1539 1342 1599 et
1364 1558 1486 1620 eorum,

282 1754 315 1821 ²⁰)
332 1753 375 1808 tta
393 1752 424 1808 ί)Ι
437 1752 470 1806 F²
481 1753 519 1807 H³
536 1752 580 1819 (θ’
598 1764 624 1806 ut
635 1755 882 1819 cauraunicatienr'a).
914 1755 951 1807 At
967 1753 1002 1807 Fe
1014 1754 1048 1807 F'
1061 1753 1097 1808 K⁴
1115 1761 1348 1823 ramaunicatt'ene,
1366 1756 1409 1811 F*
1421 1778 1487 1813 con-

214 1843 386 1901 rauuicattoat,
406 1839 490 1893 ceteri
508 1855 574 1893 vero
592 1837 656 1893 libri
675 1843 849 1893 salamantinis
868 1840 897 1891 et
914 1854 977 1892 mox
996 1844 1164 1901 decerniauu,
1184 1839 1231 1893 ubi
1250 1856 1284 1894 ex
1302 1840 1333 1896 ί)1
1351 1841 1387 1896 F'
1397 1842 1435 1898 ΙΝ
1447 1843 1489 1898 F·

215 1923 252 1977 Η3
264 1921 434 1978 restituimus
446 1929 569 1988 decana,
583 1922 688 1978 seilicet
696 1924 824 1977 ltomann
836 1923 961 1989 ecelesia,
974 1923 1051 1992 cujus
1064 1923 1175 1979 nominc
1188 1924 1315 1980 Gelmim
1327 1926 1382 1982 boe
1393 1926 1498 1983 decre·

214 2011 274 2063 tum
286 2008 467 2078 promulgans
479 2009 605 2079 superins
616 2005 773 2078 praemisit:
787 2013 900 2062 ltarnnaa
909 2015 1017 2063 ecclesia
1027 2019 1086 2077 post
1099 2015 1155 2064 itan
1167 2016 1262 2064 ueteris
1273 2018 1312 2065 uel
1323 2017 1382 2067 neci
1398 2016 1490 2068 Treta·

214 2099 300 2157 menti,
324 2115 388 2164 quac
404 2101 559 2164 reputariter
575 2099 735 2162 ananpnrnn,
759 2100 833 2147 etiarn
854 2099 901 2147 lias
918 2100 1014 2162 ameipi
1032 2114 1081 2149 aren
1101 2098 1220 2164 prohibet
1241 2101 1396 2165 scripturas.
1433 2096 1491 2152 Ubi

215 2178 286 2235 sicut
303 2178 338 2234 de
355 2179 482 2234 nomana
494 2180 609 2234 ecelesia
629 2200 678 2233 noa
694 2182 826 2247 prohibet,
845 2178 886 2232 ita
899 2180 928 2232 et
940 2177 985 2232 hic
998 2178 1032 2232 de
1045 2179 1144 2233 euclem
1156 2185 1272 2233 decernit
1284 2179 1395 2235 dicitur.
1421 2180 1494 2238 Ver·

215 2265 282 2319 bum
299 2269 393 2319 autem
410 2264 569 2320 lieren-ninus
586 2264 622 2318 ab
642 2280 686 2328 co,
710 2263 756 2331 qui
780 2263 923 2317 decretum
946 2263 999 2318 hoe
1017 2283 1034 2318 a
1052 2263 1151 2318 ceteris
1169 2264 1254 2331 gesfis
1272 2264 1417 2333 distraxit,
1439 2266 1493 2323 im·

214 2350 368 2422 prudenter
385 2349 566 2405 substitutum
584 2348 764 2419 suspicamur.

282 2438 314 2504 21)
333 2434 462 2503 Plerique
480 2452 575 2489 omncs
594 2453 657 2488 mss
677 2452 740 2488 ema
758 2437 782 2487 e'
802 2440 986 2497 consolatione,
1010 2435 1089 2504 lapsu
1107 2434 1229 2490 librariis
1246 2435 1327 2490 valde
1345 2436 1495 2505 familiari,

214 2521 248 2575 Fd
260 2521 301 2574 ΡΝ
313 2526 533 2586 consultationem,
551 2520 588 2574 fl³
606 2525 803 2575 rorasuttationc:
830 2519 881 2573 Hic
904 2519 1101 2574 animadvertit
1119 2518 1250 2587 quisque,
1272 2541 1358 2590 papae
1383 2538 1493 2579 nomen

215 2604 376 2676 simpliciter
393 2622 445 2675 pro
463 2606 589 2660 Romame
608 2604 731 2660 antistite
749 2603 878 2672 positum.
910 2604 999 2658 Pluris
1017 2607 1112 2658 autem
1130 2606 1215 2659 refert
1227 2605 1376 2660 observare
1390 2610 1496 2664 Decre-

215 2697 299 2745 tattnnr
311 2696 475 2760 epistolarum
492 2691 603 2744 naariae
616 2708 662 2744 cas
675 2689 720 2742 hic
732 2688 865 2757 intelligi,
884 2707 955 2757 qnae
972 2708 1022 2743 usu
1034 2692 1094 2744 tum
1106 2694 1236 2760 receptae
1249 2693 1342 2758 erant,
1360 2708 1494 2762 quasque

214 2777 295 2832 Leol
313 2775 422 2846 epistt
441 2781 492 2829 uia
511 2774 639 2844 designat
662 2774 704 2828 his
726 2774 829 2827 verbis:
854 2780 1003 2830 decretalia
1020 2781 1157 2830 constituta
1180 2785 1230 2829 tarn
1247 2779 1339 2830 beatae
1360 2784 1494 2835 recorda-

215 2868 290 2918 tionis
309 2866 454 2916 Innocentii
470 2867 660 2930 quatriennium
677 2866 837 2914 decessorum
855 2870 1009 2923 aestrorum,
1030 2881 1095 2930 quae
1113 2866 1145 2915 dc
1163 2865 1342 2916 ecclesiacticis
1353 2868 1496 2921 ordinibus

214 2958 240 3001 et
251 2967 373 3003 canonum
389 2953 549 3015 morampata
560 2957 618 3000 suat
630 2951 783 3016 disciplinis,
802 2951 926 3001 custodiri
937 2950 1031 3000 debere
1042 2951 1196 3001 mucimus.
1224 2945 1296 3000 Illutl
1308 2964 1376 3003 vero
1389 2948 1429 3003 tul
1442 2966 1496 3005 eas

215 3032 354 3103 epistolas,
371 3049 440 3100 quas
458 3031 578 3084 Isidorus
596 3031 736 3087 Mercator
753 3032 877 3102 priorum
895 3031 1058 3100 pontificum
1074 3031 1186 3085 nomine
1199 3030 1365 3096 construxit,
1383 3032 1495 3090 sunta-n

215 3117 329 3185 quidam
346 3116 541 3182 accomodant,
560 3134 645 3185 quum
663 3117 715 3171 hue
733 3117 769 3170 ad
787 3117 928 3172 saeculum
945 3133 1049 3170 nonum
1067 3116 1170 3185 ubique
1188 3115 1291 3170 fuerint
1306 3116 1436 3185 ignotae.

281 3204 313 3270 υ)
332 3201 362 3258 C'
376 3202 410 3256 F‘
428 3207 605 3271 inprcdiuatur
623 3201 708 3268 (haud
731 3202 814 3256 dubie
837 3219 888 3272 pro
912 3205 1098 3271 irradiantur),
1120 3202 1157 3256 Ηὅ
1175 3207 1342 3257 illustrantur.
1378 3201 1495 3261 Deinde

99 3313 108 3330 ·
215 3291 348 3358 u¹tdsetp
373 3292 488 3354 Quirite
506 3308 561 3342 esse
579 3294 769 3354 catholicorurn,
787 3285 1308 3355 F¹F⁴F¹Fsfl³renncnaoucurm
1341 3286 1374 3341 ln
1393 3287 1496 3359 plerin-

215 3393 270 3443 que
287 3373 348 3429 aliis
366 3392 430 3427 mss.
450 3374 479 3427 et
497 3376 521 3427 c¹
535 3375 560 3427 e²
579 3378 638 3438 Quis
656 3379 706 3426 ista
724 3373 779 3440 (vol
790 3376 838 3439 ita)
856 3377 1050 3432 andnuman,-
1068 3370 1102 3426 0²
1113 3371 1147 3425 pa
1159 3371 1201 3425 ΡΙ·
1212 3370 1247 3425 F'
1258 3371 1297 3425 11·
1309 3371 1448 3429 omittunt
1465 3386 1496 3429 et

215 3460 280 3514 rante
301 3464 403 3526 rainere
420 3458 464 3524 (Ο2
482 3457 561 3512 addit
578 3475 630 3514 sec.
651 3461 753 3527 manu).
782 3459 890 3528 Aperta
907 3458 955 3512 fiet
973 3456 1055 3511 lectio
1074 3456 1101 3511 in
1120 3457 1193 3511 hune
1205 3455 1332 3512 modum:
1362 3460 1428 3522 θαι
1445 3478 1495 3514 ω-

216 3549 362 3599 tlrotr'coruna
379 3546 490 3610 dubitet,
509 3564 553 3599 eoa
570 3550 621 3598 ista
639 3555 664 3598 et
680 3550 791 3611 najara

282 3630 315 3698 ¹⁸)
334 3628 459 3693 Quatuor
476 3648 538 3684 mss.
553 3652 569 3683 a
580 3641 678 3686 serrata.
706 3629 805 3684 Verius
823 3627 870 3683 alii
888 3627 953 3682 libri
971 3634 997 3682 ia
1008 3638 1110 3691 santa,
1129 3628 1182 3681 hoc
1194 3632 1237 3681 est
1248 3632 1318 3681 intra
1330 3631 1420 3683 Mna
1431 3633 1494 3697 affi-

215 3722 267 3777 cia,
287 3731 358 3783 qnae
376 3714 508 3768 Romanis
525 3715 553 3768 in
572 3714 693 3770 ecclesiis
712 3716 892 3784 peraguntur.
930 3713 1018 3767 Totus
1041 3712 1085 3766 hie
1102 3712 1179 3766 locus
1196 3711 1225 3766 in
1242 3710 1331 3768 veleri
1348 3728 1495 3771 monum

216 3799 378 3854 collectione
397 3799 462 3854 olim
480 3800 513 3853 l).
534 3799 630 3865 l’etiti,
649 3803 715 3854 tuae
733 3800 793 3868 ejus
812 3799 885 3853 dono
904 3797 1090 3853 bibliothecae
1109 3795 1319 3863 Germanensis,
1335 3796 1378 3853 ita
1395 3814 1494 3855 eorru-

214 3887 280 3958 ptus
297 3887 327 3941 ct
343 3885 528 3955 interpolatus
545 3886 672 3940 ell'ertur:
710 3890 787 3939 Gesta
805 3895 954 3951 ascripsere,
974 3904 1039 3953 quae
1056 3887 1209 3937 mirabilibus
1226 3886 1381 3937 minutus
1398 3893 1427 3963 et
1442 3891 1493 3939 trt-

215 3976 312 4041 narptie
333 3976 474 4034 irradiant,
497 3983 523 4025 et
544 3993 561 4025 a
581 3975 713 4027 entolina
737 3976 798 4025 airis
820 3975 981 4037 conscriptae
1005 3980 1074 4031 suat,
1098 3973 1244 4024 ornamentis
1266 3986 1436 4029 remane:
1458 3988 1496 4024 ea

215 4077 288 4120 aero,
311 4077 376 4127 quae
393 4059 426 4110 ab
448 4062 584 4111 haereticis
601 4064 640 4112 acl
657 4062 743 4111 idiotis
761 4059 914 4125 corapositac
932 4060 971 4108 uel
987 4059 1150 4108 adulteratae
1166 4064 1238 4120 sunt,
1262 4059 1408 4108 mmm
1424 4064 1496 4109 net·

214 4149 335 4213 pianmr:
358 4162 423 4210 qnae
441 4147 466 4195 in
485 4149 549 4210 ipsis
566 4162 651 4198 eorum
669 4148 745 4196 dictu
762 4145 795 4194 at
813 4144 992 4194 ecclesiasticis
1010 4143 1072 4193 ciria
1088 4144 1143 4193 arne
1160 4157 1232 4193 more
1248 4141 1412 4207 seusana
1425 4160 1495 4208 pec-

214 4240 281 4286 cunt.
316 4228 406 4292 Quum
430 4226 576 4281 lectionem
600 4245 684 4294 quum
707 4226 748 4279 vir
767 4225 933 4279 clarissimus
951 4224 1068 4293 probat,
1091 4223 1153 4293 plus
1170 4238 1260 4291 aequo
1279 4223 1372 4278 defert
1389 4223 1496 4291 codici,

215 4313 244 4367 in
262 4329 317 4381 quo
335 4313 460 4366 veterum
479 4312 632 4365 sententiae
651 4328 705 4364 non
724 4310 822 4365 minori
844 4308 955 4363 lieentia
973 4308 1149 4363 adulteratae
1173 4308 1276 4379 passim
1293 4307 1495 4365 ermannus.

215 4398 313 4466 Neque
325 4411 391 4451 vero
409 4396 437 4450 in
456 4413 490 4449 eu
507 4395 637 4461 lectione,
656 4414 740 4463 qruim
758 4395 843 4450 ceteri
855 4394 964 4448 codices
981 4394 1156 4463 lanucserunt,
1175 4393 1259 4447 ullam
1276 4409 1403 4464 pugnam
1416 4408 1496 4461 etse,

216 4484 248 4537 ut
264 4482 336 4547 vult,
357 4481 470 4548 largiar.
507 4480 628 4535 Tantum
647 4480 772 4535 Gelasius
790 4480 825 4533 ab
845 4497 878 4534 eo
900 4479 984 4547 longe
1002 4479 1101 4533 abesse
1118 4496 1147 4533 se
1165 4480 1297 4545 testatus,
1319 4476 1435 4547 publice
1460 4486 1495 4535 nt

216 4570 297 4637 gna
313 4568 480 4635 martyrum,
504 4566 570 4620 lieet
585 4566 713 4620 Romanu
734 4565 761 4618 in
781 4563 896 4620 ccclesia
912 4563 1024 4634 publice
1042 4581 1098 4618 non
1122 4564 1263 4632 legantur,
1280 4562 1411 4633 nnat,
1434 4565 1497 4621 tta·

216 4652 268 4706 tim
285 4669 334 4707 eur
352 4652 381 4705 in
399 4651 517 4706 ecclesia
533 4651 660 4705 ltonrana
678 4668 732 4705 non
750 4651 881 4716 leamrtur
899 4648 1026 4719 expilieat.
1057 4648 1130 4702 Dum
1144 4663 1211 4702 rere
1228 4647 1328 4703 cadem
1340 4646 1385 4701 ab
1403 4646 1496 4703 eccle

216 4738 258 4791 sia
275 4738 402 4792 &mana
419 4736 521 4806 suscipi
540 4735 676 4799 declarat,
699 4735 780 4789 simul
798 4738 825 4788 et
843 4752 877 4789 eu
895 4732 1021 4788 fidelibus
1039 4735 1119 4788 extra
1136 4732 1281 4787 oculatum
1299 4748 1333 4785 sc
1354 4730 1496 4801 privatim

159 4886 166 4895 ·
216 4822 310 4891 legere
328 4822 411 4877 licere
430 4822 497 4877 satis
515 4824 612 4892 uprerte
631 4821 720 4875 docet.
751 4822 839 4875 Immo
858 4820 931 4874 infra
949 4817 1087 4885 Gelasius,
1105 4835 1157 4873 neu
1173 4816 1249 4886 quod
1262 4814 1391 4873 susurri
1408 4818 1496 4874 nun
