3450 5678
213 344 217 353 ·
268 323 333 386 202
731 335 757 380 s.
776 330 943 379 stireman
966 329 1080 375 raras

161 508 254 559 asar.
352 492 382 553 2.
427 489 488 552 seu
514 511 579 552 uua
602 510 658 551 nos
682 486 766 550 ratio
788 485 868 549 facit
896 507 965 548 esse
994 484 1176 548 sententiae
1203 483 1409 567 molliunt),
1444 506 1545 568 qiram

269 591 437 655 maluimus
466 594 499 654 te
527 591 629 654 fratre
652 595 684 653 et
712 588 899 673 coepiscopo
922 591 1031 651 nostro
1060 585 1208 670 Projecto
1234 587 1395 651 referente
1424 608 1546 673 cogno

269 716 367 777 scere,
391 717 456 758 non
479 693 598 757 ueretris
619 692 737 757 litteris
759 694 890 776 propter
911 689 1116 774 opprobrium
1139 688 1313 773 publicare.
1348 689 1434 754 Nam
1450 713 1546 755 scan-

269 798 387 879 dalum,
420 797 509 879 cujus
540 800 652 859 auctor
682 794 894 879 cognosceris,
925 792 972 856 ita
1000 791 1176 857 moderatio
1199 796 1309 858 nostra
1333 793 1546 877 compescuit,

270 906 305 963 ut
328 900 428 963 frater
451 903 484 962 et
499 899 704 981 coepiscopus
720 918 808 960 meus
816 897 842 981 ⁷)
859 895 1042 980 Gregorius,
1067 917 1160 979 quem
1183 916 1248 959 non
1264 899 1452 979 proveetum
1470 919 1548 962 con-

269 1008 336 1067 stat
357 1024 425 1065 esse
441 1000 494 1064 sed
512 1001 683 1085 pulsauit),
707 1000 829 1064 nullam
847 1020 985 1081 calisam,
1010 998 1093 1062 sicut
1108 998 1214 1082 petiit,
1238 1002 1344 1062 tecum
1359 998 1546 1083 habiturus,

269 1105 486 1169 Mutinensem
520 1104 679 1185 gulicrnct
712 1104 890 1182 ecelesiam,
924 1106 957 1167 et
992 1101 1237 1165 contubernium
1265 1101 1427 1185 spiritale,
1460 1103 1545 1188 quod

269 1207 375 1272 sortiri
406 1229 471 1270 nun
500 1207 669 1291 oportebat
700 1206 846 1289 invitum,
876 1228 940 1268 nou
971 1208 1096 1268 recuset
1123 1203 1285 1287 amplecti.
1329 1204 1388 1270 Cui
1414 1204 1442 1269 si
1467 1205 1546 1290 quid

270 1311 391 1396 negotii
415 1310 524 1373 forsan
548 1309 729 1392 emerserit,
759 1312 905 1373 nostrum
928 1308 1002 1391 abl)
1025 1328 1061 1370 eo
1090 1305 1139 1370 vel
1168 1309 1281 1371 eontra
1309 1328 1395 1371 eum·
1408 1310 1547 1392 petatur

269 1436 413 1477 examen.

353 1517 384 1581 3.
418 1513 672 1579 Necessitatibus
696 1514 803 1596 etiam,
828 1536 906 1598 qum
928 1514 1069 1577 faciente
1092 1516 1124 1577 te
1147 1512 1348 1598 compellitur
1369 1512 1546 1599 sustinere,

268 1620 328 1683 hae
352 1618 539 1682 definitione
563 1617 821 1700 consulemus't),
854 1621 890 1680 ut
912 1617 1017 1680 refuso
1039 1616 1179 1700 praedic,
1208 1616 1290 1701 quod
1320 1620 1397 1680 ante
1420 1639 1546 1682 annum

268 1722 328 1784 sini
345 1722 455 1785 datum
472 1742 540 1784 esse
557 1724 792 1801 commemorat,
816 1726 911 1804 utque
927 1719 967 1783 ad
983 1719 1150 1783 ecclesiam
1165 1719 1389 1784 Ravennatem
1401 1740 1545 1813 reverso,

268 1823 425 1908 possessio
453 1823 487 1886 in
510 1822 706 1886 Bononiensi
733 1822 870 1906 triginta
899 1822 1069 1886 solidorum
1092 1822 1252 1886 redituum
1275 1821 1450 1887 liberorum
1472 1822 1547 1887 sine

269 1924 470 1988 dubitatione
498 1925 645 1989 tradatur
673 1925 706 1988 in
739 1925 822 1988 diem
851 1925 971 1989 scilicet
1001 1925 1087 1989 vitae
1110 1926 1189 2008 cjuS,
1218 1924 1307 1989 salvo
1331 1924 1547 2010 proprietatis

264 2028 337 2111 jure
361 2027 561 2091 Ravennatis
584 2028 747 2110 ccclesiae,
770 2028 809 2090 ad
832 2050 927 2111 quami
944 2032 1017 2112 post
1035 2028 1192 2112 praedicti
1209 2027 1333 2092 obitmn
1350 2032 1545 2095 revertetur.

352 2130 383 2194 4.
429 2129 518 2205 Quod
547 2131 573 2194 si
602 2153 667 2195 non
699 2131 796 2194 suerit
825 2130 943 2194 nostris
971 2130 1111 2214 paritum
1141 2130 1334 2214 constitutis,
1363 2130 1440 2215 quid
1470 2136 1546 2216 post

269 2233 559 2317 transgressionem
576 2239 705 2297 mancat
729 2237 959 2315 continuarem,
984 2233 1053 2317 ipsc
1076 2232 1257 2317 perpendis.
1303 2233 1546 2299 Denuntiamus

269 2340 386 2418 autem,
417 2336 500 2419 qrrod
533 2337 560 2398 si
588 2336 723 2420 posthac
752 2336 925 2420 quidquam
953 2336 1019 2400 tale
1052 2335 1316 2421 pracsrmrpseris,
1346 2340 1379 2400 et
1401 2336 1547 2422 aliquem

269 2460 324 2500 seu
352 2438 536 2521 episcopum
565 2461 620 2501 seu
642 2439 865 2523 presbyterum
893 2463 948 2503 seu
971 2440 1140 2503 diaconum
1169 2439 1306 2503 invitum
1327 2438 1436 2503 facere
1456 2440 1548 2517 forte

269 2539 451 2623 credideris,
475 2541 693 2605 ordinationes
717 2541 776 2604 tilii
800 2541 1000 2605 ltaveunatis
1022 2541 1174 2606 ecclesiae
1197 2542 1247 2606 vel
1260 2541 1467 2607 Aemiliensis
1488 2564 1547 2609 no-

269 2642 351 2705 veris
367 2643 567 2708 auferendas.
603 2643 689 2708 Data
705 2643 751 2707 IV
762 2644 799 2729 ¹¹)
817 2644 975 2709 Calerulas
990 2644 1080 2709 Junii
1096 2643 1249 2709 Severino
1272 2644 1339 2709 viro
1362 2645 1548 2711 clarissimo

269 2745 408 2810 consule.

141 3047 175 3101 (a.
188 3046 244 3096 lsai

703 2882 708 2887 ’
768 2918 948 3023 austra
977 2917 1029 3001 15.

127 3117 215 3170 (ΗΜ)
228 3113 253 3165 ἃ,
472 3069 651 3158 Simplicii
676 3091 786 3157 papae
809 3073 853 3138 ad
876 3072 1051 3138 Zenonem
1073 3069 1343 3156 imperatorem.

137 3188 169 3233 ²²
182 3180 242 3233 Μ’·
301 3215 444 3277 Strnplirins
464 3214 573 3264 Zenonis
590 3217 678 3263 lurida!
695 3217 803 3264 stantium
822 3217 846 3263 tn
864 3215 1001 3278 pnrn'endts
1019 3214 1107 3262 caedis
1119 3215 1235 3277 episcopi
1248 3215 1402 3265 Antiocltern'
1418 3222 1514 3268 eredo·
1559 3220 1608 3285 pt

300 3300 370 3347 ribus·
383 3316 417 3351 in.
431 3300 464 3362 1).
493 3300 562 3347 Hinc
580 3300 677 3349 rceultl.
698 3317 771 3364 prium
784 3301 929 3348 neccessario
939 3299 1038 3359 suerint
1050 3315 1095 3348 suu
1108 3301 1188 3362 ipsius
1205 3300 1313 3349 cerasina
1330 3301 1362 3351 de
1379 3303 1515 3364 peltendiri

301 3390 378 3431 carru
397 3386 496 3445 imperii
512 3391 591 3432 melna
608 3385 751 3446 nraejnsnndi
768 3385 905 3434 drrniinibns
918 3383 994 3447 tristi.
1024 3383 1176 3434 stillicidiali
1193 3385 1309 3451 episcopi
1319 3386 1513 3438 ordinariam

300 3469 522 3531 t‘cnsluntinnpuli
540 3469 635 3529 sinuum
658 3470 750 3518 «adtritis
772 3469 955 3518 corutilinrn'lrus
978 3474 1108 3527 coresirrnut
1126 3470 1161 3533 (a.
1174 3470 1209 3534 3).
1250 3471 1284 3522 ll!
1306 3471 1454 3523 haereticos
1477 3473 1514 3525 ab

384 3553 504 3602 dorreiunrn
521 3555 643 3603 socictate
662 3554 763 3615 (inescari
782 3555 849 3602 Zeno
862 3554 955 3615 jubent
974 3557 1083 3619 repetito
1101 3572 1216 3607 sermone
1234 3559 1312 3607 instat
1330 3554 1365 3619 (n.
1377 3556 1416 3619 ⁴1).

420 3685 650 3770 Simplicius
674 3687 884 3772 episcopus
907 3686 1056 3751 Zenoni
1079 3690 1269 3775 Augusto.
1293 3690 1306 3703 '

355 3808 381 3869 1.
422 3805 469 3869 lle
492 3806 625 3871 ecelcsia
640 3807 846 3872 Antiochcua
869 3808 1066 3872 venerandos
1088 3809 1167 3874 milri
1183 3831 1309 3894 semper
1330 3816 1464 3879 vestrae
1480 3818 1551 3902 pie·

267 3932 570 3939 -—.-..-—-—-

266 3976 311 4031 liic.
330 3979 404 4031 locus
423 3996 440 4032 u
458 3977 572 4032 Nicolao
592 3980 602 4032 l
622 3997 665 4048 cp.
678 3986 711 4033 lt
730 3980 765 4033 ad
785 3979 971 4054 lliucuniruin,
990 3980 1060 4033 sicut
1079 3999 1096 4033 a
1114 3980 1249 4036 Gratiano
1267 3999 1289 4036 c.
1304 3987 1319 4035 7
1337 3982 1372 4037 D.
1386 3990 1420 4039 Ἠ
1440 3988 1472 4041 ct
1486 3988 1550 4053 (sed

267 4063 305 4115 ini
325 4064 392 4117 lidae
410 4084 446 4117 es
464 4069 572 4132 ltepesrn
593 4070 711 4133 (imperii
728 4065 863 4134 inscript.)
882 4085 903 4119 c.
918 4073 950 4120 63
969 4069 997 4119 t'.
1012 4065 1047 4118 Xl
1068 4083 1113 4132 qu.
1127 4075 1151 4119 3.

334 4154 354 4215 (ἡ)
373 4150 459 4204 11⁷11*
477 4156 596 4204 melioris.
632 4156 752 4217 ProJ'ectt
769 4152 913 4219 eujirsdarn
931 4152 967 4205 al»
987 4151 1103 4206 eeclesia
1115 4151 1179 4206 Feri
1192 4152 1311 4208 Cornelii
1329 4153 1357 4208 in
1375 4154 1548 4231 episcopum

267 4235 389 4305 cooptati
409 4238 438 4288 et
456 4252 473 4289 a
491 4253 520 4289 sc
538 4236 690 4290 consecrati
709 4236 832 4289 nmrninit
852 4256 872 4290 s.
887 4237 986 4291 Petrus
1005 4237 1191 4306 t'lrrpeologus
1209 4256 1291 4294 serm.
1306 4245 1361 4294 165.

334 4326 354 4389 7)
374 4321 410 4374 ll⁸
428 4333 522 4376 noster.

334 4412 355 4471 ⁸)
374 4405 482 4460 Scilicet
497 4425 513 4460 a
526 4408 599 4459 clero
612 4408 781 4462 itan-nnus
794 4408 934 4473 ccclesiae,
953 4410 1056 4477 inqua,
1075 4413 1106 4464 ut
1123 4411 1237 4465 eredere
1251 4429 1303 4481 par
1315 4413 1365 4475 est,
1384 4413 1547 4473 eminebat.

334 4498 354 4559 ⁹)
374 4511 404 4546 ee
422 4513 457 4545 ea·
476 4512 513 4553 en,
533 4493 634 4547 rectius
653 4494 688 4545 ll⁷
701 4495 737 4546 H,
750 4494 838 4546 111011·
852 4494 920 4548 h‘al
940 4498 972 4547 ab
991 4515 1020 4548 eo
1044 4496 1070 4548 lr.
1084 4516 1107 4549 e.
1127 4496 1149 4549 si
1168 4496 1211 4549 rel
1229 4495 1289 4566 ipse
1306 4512 1358 4567 pro
1377 4514 1408 4552 se
1429 4500 1477 4555 vel
1496 4502 1548 4559 atii

266 4578 398 4633 adsersus
417 4596 479 4633 eum
498 4584 623 4632 nostrum
643 4596 758 4632 examen
776 4582 882 4648 petant,
912 4580 983 4633 adeo
1003 4581 1031 4633 ut
1051 4581 1207 4651 Simplicius
1230 4582 1282 4637 sibi
1301 4583 1360 4650 ejus
1379 4600 1485 4641 cieuses
1503 4606 1549 4643 re-

267 4670 367 4727 servet,
385 4664 441 4719 sire
461 4682 524 4719 reus
541 4665 575 4718 sit
594 4664 650 4717 sire
669 4670 754 4718 nitor.

335 4753 366 4817 ¹⁰)
384 4750 433 4802 11¹⁰
450 4750 570 4804 secunda
588 4767 671 4802 mauu
689 4757 845 4805 counrlr'rnns.
864 4768 983 4821 urorquc
1002 4751 1030 4805 in
1048 4752 1176 4816 ‹ininibus
1194 4771 1255 4807 mss.
1276 4758 1311 4807 iln'
1327 4758 1424 4810 dutum.

336 4838 365 4901 ¹¹)
384 4836 427 4888 Sic
446 4836 571 4906 plerique
590 4854 651 4889 ruas.
673 4836 768 4897 aetiani
786 4837 822 4890 pp
835 4838 894 4905 ppt,
913 4841 940 4891 ct
958 4838 1037 4892 lill12.
1074 4841 1112 4892 nt
1128 4839 1165 4892 ll*
1178 4856 1207 4890 cc
1229 4843 1277 4893 ll!
1297 4844 1357 4893 Kal.
1389 4840 1477 4899 Unde
1496 4864 1548 4901 au·

267 4923 324 4973 tem
340 4921 477 4977 Batonius
495 4922 565 4977 hane
583 4921 730 4993 epistolam
750 4927 774 4976 Χ
788 4927 920 4980 Kalendas
938 4929 1019 4980 Julius
1037 4924 1170 4995 scriptun
1189 4924 1298 4993 dixerit,
1315 4942 1367 4981 nos
1383 4926 1471 4999 urgit.
