3412 5664
265 311 306 375 32
632 327 768 375 nonrrn
791 325 943 373 renavis
966 325 1002 373 m
1025 325 1166 375 cscnsu

266 504 354 543 marus
370 496 535 560 sequnntur,
558 486 743 561 praeferimus.
780 485 827 542 Ubi
843 503 907 542 vero
927 486 997 560 apud
1018 486 1086 543 alios
1106 502 1239 543 canonum
1254 485 1448 561 compilatores
1465 485 1536 543 iudi·

265 581 349 628 eatam
365 572 452 629 lector
465 571 592 635 offendet,
608 573 695 646 primo
711 571 773 628 inde
788 571 992 635 admonebitur,
1013 571 1105 627 ollerri
1119 569 1169 627 sibi
1185 570 1316 645 epistolae
1332 572 1415 642 hujus
1430 572 1538 646 capitu·

265 657 321 714 lurn
335 657 378 713 vel
392 674 425 713 ex
441 657 583 713 lsidoriana
599 656 641 712 vel
656 664 729 713 certe
744 673 777 712 er
793 655 909 730 llispana
924 655 1087 712 collectione
1103 655 1277 731 «inscriptum,
1304 655 1403 713 deinde
1418 655 1536 713 arduam

265 744 289 798 ei
310 760 365 798 non
386 744 438 798 erit
458 742 568 798 alteram
589 740 661 797 illam
682 741 841 798 divisionem
862 741 894 796 ad
910 748 1030 797 nostram
1046 740 1205 797 divisionem
1221 757 1358 798 revocare.
1396 740 1447 797 Ubi
1463 743 1538 797 cuim

265 836 370 883 sertum
387 825 551 890 laudabitur,
569 827 597 882 in
613 834 740 901 quartae
756 827 857 882 nostris
873 826 1055 901 quaerendum
1072 827 1132 888 erit,
1150 825 1195 881 ubi
1210 828 1369 901 septimum,
1392 828 1420 882 in
1436 827 1537 900 quinto

264 913 431 973 invenietur,
453 920 480 967 ct
500 913 539 967 sie
560 910 686 985 deinceps
707 912 739 966 ad
756 910 845 967 linem.
877 910 985 981 llajoris
1001 912 1070 967 euim
1087 913 1217 967 momenti
1232 913 1285 967 erit
1300 911 1436 973 recolere.
1460 909 1538 986 quod

266 996 479 1053 observavimus:
499 995 641 1070 epistolam
656 997 733 1051 istam
749 997 836 1070 primo
852 996 884 1051 ad
900 995 1028 1071 quasdam
1043 994 1134 1052 ltaliae
1150 997 1302 1070 provincias
1318 998 1448 1070 scriptam
1464 1012 1539 1058 csse,

265 1082 387 1156 adeoque
403 1080 531 1137 uorrnnlla
547 1082 696 1144 continere,
713 1098 781 1154 quae
796 1082 916 1154 regionis
933 1081 1014 1152 hujus
1030 1083 1219 1155 episcoporum
1229 1083 1338 1155 propria
1350 1090 1423 1144 suut,
1441 1097 1539 1156 quam·

266 1168 305 1223 ris
321 1167 404 1223 multa
419 1168 457 1222 cis
472 1166 587 1222 adnuirta
602 1167 657 1221 sint
672 1164 779 1222 decreta
795 1165 944 1240 generalia,
967 1182 1036 1240 quae
1057 1165 1089 1221 ad
1111 1182 1205 1222 omrrcs
1226 1167 1353 1223 ecelesias
1368 1183 1457 1240 aeque
1473 1182 1541 1241 pen

266 1254 379 1308 tineent.

476 1384 515 1446 In
535 1383 651 1446 osum
672 1401 771 1461 papae
793 1383 958 1462 spensam
977 1382 1011 1443 rs
1035 1339 1316 1465 cinomanna).

131 1523 180 1588 int.
193 1520 252 1589 En!
352 1508 379 1562 1.
410 1507 564 1563 constituta
578 1505 712 1570 subnexa,
737 1522 805 1579 quae
820 1504 942 1561 Labbens
959 1521 974 1561 e
990 1507 1144 1575 codicibus,
1162 1513 1192 1561 nt
1208 1505 1338 1580 loquitur,
1359 1509 1418 1579 fide
1440 1495 1542 1581 diqnis

265 1592 297 1648 ad
310 1591 408 1648 calcem
423 1600 584 1648 tractatuum
596 1590 693 1647 Gelasii
702 1590 758 1661 jam
770 1590 899 1652 ediderat.
915 1592 942 1647 in
954 1590 1061 1646 dnobus
1073 1592 1240 1665 perantiquis
1253 1589 1425 1648 colbertinae
1436 1590 1541 1648 biblio-

265 1679 358 1734 thecae
374 1676 579 1751 exemplaribus,
596 1693 651 1732 uno
667 1676 770 1732 scilicet
785 1683 843 1731 not.
855 1675 916 1732 784
928 1674 1138 1751 Langobardicis
1153 1675 1353 1732 characteribus
1368 1684 1481 1733 exarato
1509 1685 1541 1734 et

264 1763 350 1819 altero
366 1762 514 1823 notdssdtl
537 1761 569 1816 ab
591 1762 667 1817 anuis
687 1760 783 1816 saltem
804 1760 867 1819 800
882 1760 1027 1834 descripto,
1046 1756 1131 1837 [sicut
1145 1761 1172 1816 in
1188 1759 1296 1817 bucano
1313 1762 1362 1825 88,
1385 1760 1539 1818 barberino

264 1848 356 1910 2888,
372 1846 544 1903 Vallicellano
560 1847 607 1903 h5
623 1847 692 1902 etin
709 1846 835 1901 Vaticano
848 1845 940 1908 5845,
956 1847 999 1901 vix
1015 1847 1125 1902 mitioris
1141 1847 1309 1920 antiquitatis
1324 1845 1475 1909 codicibus,
1491 1864 1540 1902 re·

264 1935 416 2007 perluatur.
448 1931 477 1988 ln
493 1931 617 1988 ornnihns
633 1933 665 1987 iis
682 1938 795 2004 excepto
813 1924 923 2005 ultimo]
940 1931 1077 2004 proximae
1093 1930 1190 1986 Gelasii
1211 1931 1342 2005 epistolae
1363 1949 1424 1988 cnm
1440 1932 1537 1996 titulo,

264 2035 344 2091 qnem
360 2016 484 2073 clusimus
500 2016 669 2080 serrandum,
685 2015 875 2086 snbjiciuntur.
905 2014 1058 2071 l'ormulam
1074 2014 1202 2072 exhibent
1217 2017 1242 2072 ei
1258 2016 1377 2081 decreto,
1394 2016 1471 2091 qnod
1486 2018 1538 2073 lu·

264 2104 397 2158 stinianns
412 2103 560 2176 imperator
571 2101 674 2157 horeb.
690 2100 750 2158 123
766 2101 850 2174 capi
869 2102 1058 2175 episcoporum
1075 2100 1201 2157 electioni
1211 2104 1350 2175 praemitti
1362 2100 1451 2172 jubet,
1468 2120 1538 2159 cun·

263 2197 427 2243 sectandam.
458 2186 521 2243 liam
536 2188 709 2243 contexuisse
729 2185 833 2241 videtur
849 2184 981 2248 Gelasins,
999 2187 1043 2259 qui
1060 2187 1088 2242 ln
1104 2188 1293 2260 manuscriptis
1310 2196 1337 2243 et
1352 2189 1379 2261 in
1396 2187 1491 2244 ironic
1507 2197 1537 2244 et

264 2272 296 2328 ad
319 2272 417 2328 calcem
434 2271 603 2336 adscribitur,
620 2279 650 2327 ut
665 2271 845 2335 decretorum,
863 2288 931 2345 quae
947 2273 974 2327 in
990 2271 1105 2345 epistola
1119 2272 1253 2345 superiori
1269 2281 1402 2337 sanxerat,
1419 2289 1536 2330 exsecu-

266 2359 332 2414 tioni
348 2359 522 2432 prospiceret.
554 2356 655 2412 Exinde
672 2356 748 2412 linxit
764 2372 837 2419 uros,
853 2356 947 2412 saltem
964 2357 989 2411 in
1006 2355 1093 2419 ltalia,
1111 2365 1140 2412 ut
1156 2357 1285 2431 episcopo
1301 2358 1400 2432 cuique
1416 2360 1443 2414 in
1460 2358 1536 2414 ordl-

239 2464 241 2468 ’
265 2444 373 2498 natione
388 2460 445 2505 sua.
463 2444 501 2498 uti
517 2459 567 2499 rros
583 2443 664 2514 ‹locct
679 2441 789 2503 titulus,
812 2440 964 2497 traderetur
989 2435 1075 2516 [unde
1091 2449 1119 2497 ct
1135 2443 1162 2497 in
1178 2440 1276 2497 librum
1291 2442 1418 2498 diurnum
1434 2442 1535 2503 llnma·

263 2545 361 2584 nornrn
383 2526 541 2602 pontificum
563 2526 663 2601 cap.lll
684 2526 752 2583 tit.9
774 2525 858 2582 relata
873 2520 941 2601 est].
987 2525 1061 2581 llane
1081 2534 1155 2582 certe
1176 2527 1401 2583 consuetudinem
1423 2527 1534 2584 Gelasio

264 2614 444 2669 recentiorem
460 2629 514 2668 non
530 2629 591 2668 esse
606 2611 775 2685 subsequens
792 2610 952 2683 epistolalti
968 2608 1147 2667 confirmabit.
1170 2611 1210 2665 hd
1226 2612 1346 2667 eamdem
1362 2610 1433 2669 lraud
1450 2612 1534 2670 dubie

264 2699 382 2772 respexit
398 2697 546 2772 Gregorius
553 2696 572 2767 l,
590 2714 673 2772 quum
689 2695 721 2751 ad
737 2696 883 2769 Augustini
898 2697 1141 2770 interrogationem
1155 2696 1298 2770 respondit
1312 2695 1456 2770 (epistlll,
1470 2697 1532 2770 etp

264 2783 329 2840 Mos
345 2791 441 2839 nntcm
455 2785 532 2840 sedis
553 2785 730 2854 apostolicae
745 2789 796 2850 cst,
819 2782 959 2837 ordinatis
971 2784 1116 2853 episcopis
1129 2789 1319 2855 praeceptum
1342 2785 1476 2854 tradere,
1500 2791 1532 2839 nt

263 2870 299 2923 cle
308 2872 386 2925 omni
399 2870 548 2941 cispetatico,
566 2870 642 2941 qnod
655 2868 776 2936 accedit,
794 2873 920 2939 quatuor
933 2868 1001 2938 ficri
1014 2867 1137 2923 debeant
1150 2870 1311 2939 portiones.
1335 2865 1367 2922 tn
1381 2869 1405 2923 is
1421 2868 1531 2941 quidem

264 2971 330 3028 papa
345 2954 495 3009 iohannem
511 2954 667 3026 episcopum
687 2951 848 3009 ebissitana
863 2952 978 3014 civitate,
1002 2967 1071 3024 qnae
1093 2950 1125 3007 ab
1143 2950 1268 3008 hostibus
1284 2960 1361 3026 capta
1377 2953 1480 3017 inerat,
1503 2955 1532 3009 in

264 3038 455 3113 squillacinum
472 3037 646 3103 transferens,
663 3045 752 3094 totnur
767 3035 921 3092 Gelasianae
937 3034 1017 3106 hnjns
1034 3035 1165 3092 formulae
1180 3047 1257 3110 capnt
1271 3036 1319 3093 lei
1335 3046 1459 3111 repetere
1474 3055 1532 3095 non

265 3125 365 3180 omittit
380 3122 470 3198 (epist.
478 3123 507 3186 ll.
524 3121 589 3196 37),
610 3123 674 3180 licet
693 3121 813 3179 carnalem
834 3122 886 3195 ipsi
906 3122 933 3177 iu
955 3122 1039 3195 prima
1062 3120 1245 3186 ordinatione,
1269 3124 1308 3178 nti
1323 3139 1409 3197 prope
1424 3132 1532 3180 certmn

264 3209 378 3271 videtur,
390 3208 445 3278 jam
462 3208 624 3264 tradidisset.
661 3207 787 3279 Ejusdem
810 3222 919 3281 quoquc
939 3205 1071 3262 formulae
1094 3205 1181 3263 verbis
1198 3207 1346 3281 Gregorius
1359 3207 1380 3263 ll
1401 3208 1532 3265 bonifacii

265 3293 417 3369 hiognntini
438 3294 558 3368 episcopi
579 3293 791 3354 ordinationem,
824 3292 862 3346 uti
885 3291 962 3346 testis
983 3299 1025 3347 est
1048 3308 1116 3364 qnae
1136 3291 1206 3365 apird
1222 3292 1346 3348 enurdem
1363 3292 1531 3350 bonifacium

264 3388 352 3434 exstat
370 3378 484 3452 epistola
498 3376 557 3433 154
600 3377 707 3433 d.Giles
723 3395 765 3449 cp.
780 3373 838 3447 10).
855 3377 1027 3432 renuntiavit.
1059 3376 1140 3433 lmrno
1155 3394 1226 3433 auno
1240 3377 1300 3434 978
1317 3395 1399 3451 qnnm
1415 3378 1532 3454 Stepha-

265 3479 315 3518 nus
326 3462 475 3533 Cajaeensls
491 3461 619 3518 ecclesiae
635 3462 741 3536 praesul
758 3460 860 3518 electus
876 3469 947 3516 essct
963 3469 1045 3535 atque
1060 3460 1209 3526 ordinatus,
1226 3461 1373 3518 Gerlrcrtns
1385 3462 1532 3521 confirma·

266 3549 346 3604 tionis
358 3547 416 3618 ejus
429 3546 566 3603 decretum
580 3546 612 3602 ad
624 3546 724 3602 elernnr
738 3554 764 3601 ct
777 3545 1082 3620 populumCajaceuscnr
1099 3549 1169 3603 misit
1185 3547 1226 3602 his
1242 3546 1329 3604 verbis
1338 3542 1375 3622 ¹):
1391 3549 1531 3608 Fratrem

258 3636 324 3705 jam
346 3641 373 3688 ct
395 3635 595 3703 coepiscopum
616 3638 743 3689 nostrmn
760 3631 937 3702 Stephanum
960 3634 1037 3688 robis
1052 3634 1246 3690 ordinavimus
1261 3637 1455 3708 sacerdotem,
1480 3640 1534 3694 cni

264 3720 391 3774 dedimus
405 3722 434 3774 in
451 3719 602 3789 mandatis,
620 3733 656 3774 nc
673 3735 800 3792 unquam
821 3718 1028 3775 ordinationem
1041 3726 1213 3790 praesumot
1229 3721 1373 3792 illicitum,
1395 3730 1423 3777 et
1438 3732 1531 3778 cetera

264 3819 296 3857 er
313 3802 403 3860 eracleus
421 3802 518 3858 tlelasii
533 3802 648 3858 formula
663 3820 799 3877 expressa.

350 3887 378 3944 2.
395 3887 533 3944 Rationem
549 3905 622 3952 rere,
638 3905 687 3944 cur
701 3889 728 3944 in
744 3887 789 3944 illa
802 3886 915 3943 lormnla
932 3888 1073 3962 peculiaris
1089 3888 1201 3946 dehlris
1217 3888 1249 3945 ad
1262 3890 1459 3949 ordinationem
1471 3910 1531 3950 noar

264 3973 423 4045 recipiendis
438 3974 538 4029 rnerrtio
555 3972 609 4037 hat,
626 3975 728 4030 rrronito
750 3975 778 4029 in
793 3973 982 4046 epistolam13
999 3973 1095 4031 Felicis
1108 3973 1130 4029 ll
1145 3974 1199 4031 n.2
1212 3974 1267 4045 jana
1279 3977 1529 4050 attigimusz-nhni·

264 4075 322 4113 rum
331 4057 418 4114 Felice
425 4058 446 4112 ll
462 4056 590 4133 pontifice
601 4061 725 4133 contigit,
743 4059 836 4114 uthlri
849 4057 940 4132 plures
952 4059 1151 4116 dirailonserici
1164 4060 1326 4117 etllunerici
1337 4064 1533 4135 persecutione

264 4144 398 4218 exagitati.
408 4142 569 4217 baptismum
581 4145 678 4201 iterato
689 4145 866 4218 susciperent.
883 4144 1018 4201 acdeinde
1031 4146 1114 4200 varias
1128 4146 1155 4201 in
1166 4148 1293 4222 regiones
1308 4146 1432 4221 dispersi.
1448 4150 1532 4208 etiarn

263 4227 618 4291 sacrosambircntordines.
635 4228 1287 4305 taatretsiecclesiasticaclegesdennobaptizatos,
1302 4232 1530 4306 quemadmodum

264 4320 290 4367 et
308 4314 457 4371 haereticos
474 4322 519 4369 aut
534 4313 566 4370 ab
582 4315 685 4371 haeresi
701 4315 848 4377 vernentes,
865 4332 880 4368 a
895 4314 968 4370 clero
983 4315 1119 4372 arcebant.
1149 4317 1219 4373 llaec
1233 4331 1323 4373 autem
1339 4317 1478 4393 disciplina
1494 4338 1532 4377 ue

154 4440 159 4465 ,
263 4400 355 4473 quavis
371 4400 475 4455 ratione
492 4407 683 4463 temeraretur,
707 4415 789 4474 quum
805 4398 926 4455 Gelasius
943 4398 1023 4456 Fnlici
1044 4402 1165 4475 prorirne
1180 4405 1373 4466 successisset,
1396 4404 1532 4461 lonnnlac

264 4483 393 4540 ordinatis
421 4486 553 4558 episcopis
580 4484 722 4540 trnrleudac
744 4484 905 4557 praedictam
935 4484 968 4540 de
990 4485 1060 4542 diris
1081 4486 1227 4543 clausulam
1248 4488 1418 4545 inserendam
1439 4488 1531 4547 duxit.

264 4569 340 4636 Quod
355 4572 379 4625 si
394 4572 430 4626 ita
445 4578 502 4632 est,
518 4570 621 4644 inquiet
637 4570 748 4643 aliquis.
770 4569 871 4633 saltem
880 4569 985 4626 sublata
1000 4587 1081 4627 causa
1096 4575 1229 4629 removeri
1244 4573 1336 4630 debuit
1354 4582 1382 4629 ct
1397 4574 1532 4634 clausula.

264 4653 311 4709 ltin
327 4663 415 4711 tannen
428 4663 534 4711 retenta
551 4663 603 4710 est.
624 4652 685 4709 Eam
701 4656 772 4710 enim
789 4672 843 4710 nen
860 4655 940 4711 morlo
956 4657 982 4711 in
996 4657 1118 4729 epistola,
1135 4676 1187 4732 qna
1200 4658 1364 4734 t‘ireqoriusl
1376 4659 1532 4718 iohannem

264 4885 305 4938 nd.
321 4821 350 4938 1?
362 4818 429 4939 tlpppp
443 4816 702 4954 qpiqlcrpqglerherti
716 4816 838 4884 Cauprrnni
858 4796 968 4873 liii-errae
987 4807 1117 4886 leniantur
1135 4821 1209 4891 aaprrrd
1223 4821 1332 4888 Ughelli
1352 4822 1431 4877 ltalia
1449 4840 1532 4881 macra
