3412 5664
708 125 904 174 urrsronan
928 116 957 174 9.
984 118 1033 176 10.
1153 194 1159 203 Ι
1445 119 1506 184 341
1538 83 1547 99 ’

204 304 347 353 rerum
373 280 513 347 sentitur
538 278 702 367 exsilium,
730 300 806 344 num
833 278 912 345 illud
941 281 1054 346 salutis
1083 288 1265 368 causaest,
1296 286 1358 351 hoc
1385 287 1507 354 ruinae.
1522 302 1639 371 (ansa)

214 389 299 457 uec
326 404 385 453 nos
405 382 550 449 inaniter
576 383 612 448 in
638 384 672 447 te
693 403 759 447 uno
781 382 907 468 perpeti
931 387 1047 449 cuncte
1065 385 1242 471 jactamus,
1270 408 1368 472 quum
1396 412 1508 456 seeun-

228 492 311 559 tum
334 484 510 572 apostolum
538 489 571 551 et
593 486 629 550 in
651 483 821 569 cujuslibet
842 485 976 551 membri
999 487 1103 572 glorie
1129 493 1246 554 cuncta
1268 491 1411 558 membra
1435 516 1507 560 con·
1524 470 1612 595 ἓξὲξ·

237 592 410 681 gaudeant,
433 588 523 654 etin
545 609 735 675 quacunque
762 591 854 672 parte
877 590 1018 674 corporis
1047 590 1199 657 convulsa
1226 593 1330 657 omnis
1353 616 1508 683 compago
1557 582 1564 607 '
1609 586 1614 597 ’

243 696 377 763 vexetur.
409 690 456 756 Et
476 713 536 757 nos
558 690 687 776 quidem
708 712 767 775 pro
790 691 917 774 affeetu,
940 713 1035 777 quem
1050 693 1110 757 tibi
1132 694 1293 779 debemus,
1318 696 1507 780 prudentiae

249 802 313 865 tuse
337 795 511 861 cruciatum
532 797 716 859 nostrornm
738 793 896 859 viscemm
918 795 1064 859 duximus
1078 796 1304 862 intimandum.
1329 798 1417 863 uuae
1433 821 1507 867 con-

189 914 194 961 ἐ
255 896 389 967 mendae
409 896 569 980 intererit,
593 895 858 981 quemadmodum
874 896 915 961 ab
929 895 980 961 his
1002 897 1125 983 laqueis
1140 901 1281 984 expediri
1296 923 1363 966 non
1378 923 1505 968 renuas.

256 998 342 1067 Nobis
361 998 444 1075 enim
465 999 501 1065 in
524 1001 659 1084 utroque
681 999 805 1065 fruetis
827 1021 893 1065 non
917 1023 1034 1066 vacuus
1058 1002 1129 1085 erit,
1153 1002 1255 1086 sivel,
1279 1004 1363 1088 quod
1386 1005 1506 1071 deside·

189 1122 193 1175 ς
255 1102 293 1169 ris
315 1102 457 1167 omnibus
479 1101 698 1187 imploramus,
733 1101 773 1166 de
801 1104 876 1167 tuse
905 1103 1018 1168 salutis
1045 1108 1077 1168 et
1097 1104 1204 1169 famae
1231 1105 1506 1192 redintegratione

251 1204 441 1288 gratulemur,
466 1204 515 1270 vel
538 1204 576 1287 si,
604 1203 689 1291 quod
713 1204 809 1289 absit,
843 1208 954 1270 nostra
986 1207 1108 1291 scripta
1136 1209 1381 1293 contempseris,
1416 1209 1506 1294 adju·

248 1304 348 1373 mdo
363 1305 450 1372 tratri
474 1306 606 1373 minime
628 1306 766 1371 defuisse
788 1306 962 1372 videamur.

740 1509 923 1615 Epistola
949 1512 993 1596 10

840 1663 890 1702 seu

226 1748 367 1818 0011111
382 1774 489 1832 papae
511 1758 806 1817 commonitorium
828 1760 873 1816 ed
889 1759 1057 1816 Faustum
1077 1760 1281 1829 magistrum
1302 1763 1504 1832 fungentem
1516 1734 1644 1869 (afflc-

545 1861 730 1931 legationis
753 1862 870 1918 officio
892 1862 1214 1930 constantinopoli..

189 1992 211 2045 Β.
248 1984 479 2047 &modereris
496 1994 692 2059 objiciebantur,
710 1994 818 2044 macine
832 2009 893 2043 uero
906 1994 975 2058 quod
985 1992 1107 2043 Acacium
1123 2000 1232 2058 praeter
1242 2010 1354 2046 conones
1366 1996 1469 2046 domna·

247 2072 320 2121 ‘⁸¹⁸²
343 2093 388 2131 esee
402 2078 585 2141 obtendebant,
610 2078 726 2129 Gelestae
743 2078 852 2142 refellit,
876 2093 908 2133 oc
930 2078 1176 2143 sedisapostolicae
1198 2095 1340 2145 supremam
1358 2074 1498 2132 otndtcst'

754 2164 971 2226 jrrmtdictr'onem.
1260 2165 1263 2170 '

329 2299 355 2362 1.
379 2298 449 2387 ligo
470 2318 595 2385 quoque
616 2301 726 2362 mente
748 2296 876 2381 percepi
893 2294 1032 2360 Graecos
1055 2298 1089 2360 in
1105 2320 1163 2361 sua
1181 2295 1399 2363 obstinatione
1414 2321 1503 2364 man-

232 2400 344 2481 Μῦς,
360 2424 413 2469 nec
422 2402 447 2487 ¹)
477 2401 528 2465 cui
555 2398 645 2465 velut
670 2399 870 2484 insperatum
899 2397 999 2462 videri
1027 2401 1149 2482 potest,
1179 2399 1263 2483 quod
1293 2402 1342 2463 est
1368 2400 1503 2466 inante

237 2503 483 2589 munitum.
524 2500 726 2587 Quapropter
748 2501 847 2577 non²l
870 2503 938 2564 tarn
960 2504 1092 2584 propter
1114 2500 1280 2584 religionis
1303 2523 1415 2567 causas
1438 2507 1503 2567 stu-

244 2588 324 2661 ifflt
348 2603 601 2692 dispositionibus
632 2603 768 2688 publicis
802 2603 949 2684 obviare,
984 2601 1038 2664 sed
1073 2602 1179 2686 potius
1212 2622 1270 2686 per
1302 2604 1502 2668 occasionem

189 2750 192 2761 .
249 2690 404 2777 tuatonis
424 2707 535 2793 regiae
557 2705 749 2771 catholicam
775 2704 871 2769 fidem
899 2703 1074 2767 moliuntur
1102 2705 1254 2784 evertere,
1284 2707 1316 2768 et
1338 2704 1395 2767 tali
1420 2726 1502 2768 com-

255 2806 386 2895 ¹meiol)
405 2810 556 2875 nitrmtur
575 2811 705 2893 sperata
725 2810 898 2892 praestare.

266 2998 272 3011 .
328 2909 353 2976 2.
391 2910 474 2989 Quid
501 2910 563 2975 sibi
586 2910 654 2975 vult
676 2912 793 2993 aretem,
823 2906 905 2993 quod
935 2906 1052 2970 dixerit
1080 2907 1269 2992 imperator,
1299 2931 1318 2970 a
1346 2908 1439 2972 nobis
1468 2932 1502 2972 se

266 3006 445 3099 lr‘tligieseq
468 3012 668 3095 damnatum,
693 3032 765 3077 eum
786 3032 882 3095 super
904 3010 965 3074 hae
988 3013 1080 3093 parte
1103 3013 1136 3073 et
1158 3010 1303 3074 decessor
1324 3032 1414 3075 meus
1436 3032 1502 3075 non

264 3158 535 3181 *Νη-.-.-

189 3268 191 3275 ·
267 3242 310 3301 tu
323 3250 455 3307 notiminra
473 3266 557 3319 quum
576 3250 628 3305 hoc
646 3249 707 3303 loeo
725 3248 870 3318 aptissima
887 3247 1009 3301 medium
1027 3247 1176 3315 quemdam
1196 3248 1301 3301 lentem
1319 3245 1433 3302 minime
1450 3246 1504 3301 sibi

189 3456 197 3477 0
312 3422 329 3477 'l
342 3420 374 3475 d*
384 3420 426 3475 F·
436 3422 466 3475 a¹
484 3440 515 3473 ue
532 3424 584 3482 cui,
607 3436 727 3487 moxque
745 3419 782 3472 θ’
793 3419 828 3473 1¹⁸⁶
842 3420 881 3472 ΡΝ
895 3418 928 3473 0¹
942 3420 977 3472 0²
995 3422 1156 3486 impii-ntum,
1176 3417 1194 3467 l»
1207 3420 1233 3467 cl
1246 3417 1273 3469 d¹
1293 3422 1361 3486 qaod
1378 3427 1416 3471 ecl
1434 3429 1503 3472 aare.

308 3504 328 3571 'l
341 3504 384 3561 lu
394 3505 431 3560 1³⁸
441 3504 477 3559 Ρ*
490 3504 530 3559 F·
542 3503 581 3559 N³
592 3506 628 3559 0²
639 3505 679 3569 a⁸3
698 3502 745 3557 alii
758 3503 827 3557 editi
840 3503 936 3561 (etiam
948 3503 988 3571 (Ρ)
1003 3524 1051 3557 non
1058 3508 1123 3570 jum.
1153 3501 1367 3571 hincapparet,
1384 3501 1503 3572 impera·

244 3604 326 3649 urm
342 3587 507 3646 Theoderici
523 3587 698 3659 respondisse
717 3586 829 3657 legatis,
847 3606 906 3642 sese
924 3587 1070 3657 quonunus
1087 3586 1155 3656 ipsis
1172 3586 1352 3651 concederet,
1370 3585 1445 3654 quod
1462 3586 1503 3642 illi

238 3674 380 3757 adltrliae
397 3674 548 3731 utilitatem
564 3674 713 3745 petebant,
731 3672 881 3742 religionis,
898 3672 951 3727 hoc
967 3673 1009 3725 est
1027 3670 1144 3738 dissidii,
1163 3671 1238 3739 quod
1250 3670 1372 3725 Graecos
1388 3669 1463 3725 inter
1474 3674 1504 3725 et

235 3762 376 3819 manos
392 3758 598 3826 intercedebat,
617 3757 705 3813 causis
723 3757 848 3813 detineri.

300 3848 323 3915 ⁸)
340 3846 384 3901 11⁸
393 3844 422 3900 d‘
435 3844 466 3900 d¹
478 3862 541 3900 cum
552 3860 631 3910 mss,
649 3842 697 3897 alii
715 3842 782 3897 editi
801 3853 944 3899 commento.
973 3840 1049 3906 Quae
1068 3840 1224 3908 hic'tepauo
1241 3846 1325 3908 repta,
1344 3839 1373 3894 in
1385 3841 1504 3910 epistola

228 3930 360 4005 sequuti
375 3936 470 4003 leporio
485 3933 588 3999 publico
604 3927 775 3999 appellatur:
794 3943 866 3995 quae
883 3925 1015 3980 videlicet
1032 3942 1050 3979 a
1067 3923 1241 3980 Theoderico
1259 3938 1327 3993 rega
1344 3940 1401 3979 non
1418 3925 1502 3979 eccle

225 4015 361 4075 aenne
377 4014 427 4069 sed
443 4013 573 4086 publicae
594 4014 635 4067 rei
654 4029 737 4067 causa
759 4011 899 4066 destinata
917 4012 985 4066 erat.
1023 4010 1054 4063 In
1073 4025 1106 4064 eo
1124 4009 1219 4064 autem
1238 4007 1363 4064 Gelasius
1382 4008 1503 4065 Graecos

224 4100 322 4173 turpis
338 4104 480 4156 mmcd
495 4098 602 4170 argunt,
620 4096 696 4167 quod
713 4112 809 4151 eorum
822 4096 951 4161 obtentu,
969 4110 1042 4163 quae
1060 4092 1147 4163 legati
1164 4092 1218 4148 sibi
1230 4094 1266 4148 ab
1284 4092 1352 4164 ipsis
1364 4092 1503 4164 praestari

223 4186 369 4263 patebunt
391 4184 428 4241 ad
449 4182 579 4256 publicae
600 4182 642 4239 rei
660 4181 899 4243 commoditatem,
921 4179 975 4251 ipsi
996 4178 1049 4233 sibi
1067 4196 1085 4233 a
1101 4177 1234 4235 &mama
1251 4177 1370 4232 meinaim
1389 4177 1501 4232 concedi

224 4270 381 4333 volebant,
400 4269 474 4325 unde
491 4270 521 4325 ct
537 4268 601 4324 fidei
619 4267 754 4323 inferrent
771 4269 799 4321 et
817 4265 947 4334 religioni
965 4263 1124 4333 perniciem.
1148 4324 1152 4331 ,

300 4358 323 4415 ‘l
341 4353 470 4424 Plerique
488 4369 584 4409 omnes
601 4370 664 4407 mss.
678 4351 724 4419 (0¹
737 4352 782 4421 0²)
801 4368 863 4406 cum
876 4349 958 4404 editis
976 4348 1071 4417 (etiam
1084 4349 1124 4417 (Ρ)
1142 4355 1167 4402 in
1179 4354 1301 4417 relipione
1319 4346 1364 4413 (Fi
1376 4346 1416 4401 Fm
1430 4346 1462 4399 V'
1478 4354 1502 4401 in

223 4444 361 4513 remae),
378 4438 458 4507 qnod
467 4456 501 4494 ex
512 4437 628 4506 antiquo
640 4435 777 4492 scribendi
796 4451 873 4489 more
892 4441 1035 4504 inreltpr‘ose
1054 4432 1172 4505 irtepsit.
1204 4430 1365 4487 Anastasius
1377 4448 1406 4485 se
1419 4437 1501 4486 irreli-

220 4536 299 4601 ,ἰωι
317 4524 483 4581 nmmum
500 4521 641 4589 obtendit,
663 4521 744 4591 quasi
767 4522 865 4575 contra
886 4518 1070 4573 reverentiam
1091 4518 1146 4589 ipsi
1169 4517 1253 4573 ctiam
1278 4515 1419 4585 religionis
1438 4518 1502 4586 Jure

222 4610 367 4667 debitam.
397 4610 435 4663 At
451 4608 618 4665 oalmniam
636 4606 748 4677 repellit
759 4605 898 4672 Gelasim,
916 4622 1000 4675 quum
1019 4620 1109 4673 neque
1127 4603 1186 4674 ipse
1199 4618 1288 4672 neque
1302 4601 1430 4682 decessor
1442 4601 1503 4670 ejus

222 4714 293 4755 eum
311 4694 373 4750 ralla
390 4692 528 4750 renuntia
543 4693 603 4749 lata
620 4691 792 4760 damnarint,
809 4690 895 4747 immo
912 4689 1070 4745 honorificis
1087 4706 1152 4745 cum
1169 4686 1278 4758 seriptis
1291 4702 1400 4757 semper
1413 4686 1503 4742 colue-
