3412 5664
520 350 755 412 s1>1sronas5
779 361 966 408 areanum.
1314 348 1375 414 073

228 464 236 497 l

96 502 332 579 innocentiam
365 516 562 581 absolutione
596 516 764 601 gauderet,
805 518 861 580 aut
888 518 1019 600 propter
1046 515 1173 599 objectu
1200 518 1373 602 convictus,
1388 540 1415 577 a.
1427 530 1483 578 501.

98 617 219 683 reatui
240 618 429 702 subjaceret.

196 722 229 787 5.
266 719 345 785 Post
365 721 545 805 hujusmodi
569 722 743 786 constituta
770 722 841 806 quis
869 722 965 785 finem
994 725 1087 786 tanto
1115 723 1257 809 datum7)
1286 724 1376 790 dubi-

102 825 199 887 taret
214 844 282 888 esse
296 824 451 909 negotio?
485 823 561 900 Quis
584 824 622 887 de
643 827 711 887 tam
726 845 894 887 numeroso
910 823 1043 888 coneilio
1059 825 1257 890 sacerdotum
1272 827 1376 912 magis

103 926 205 990 nasci
227 926 370 991 crederet
392 926 586 991 confusionis
609 926 817 1011 ambiguum?
850 924 965 1011 (tuidi)
988 925 1118 1010 profuit,
1143 928 1212 991 seni
1232 929 1317 993 vitae
1338 930 1377 993 de
1409 1009 1416 1022 ι

104 1026 238 1113 prolixo
260 1028 384 1093 itineris
406 1030 492 1093 ultra
515 1029 555 1092 ad
577 1051 635 1093 nos
657 1028 844 1113 imposuisse
866 1027 1046 1114 negotium,
1082 1029 1190 1113 quidl)
1212 1033 1377 1095 tantarum

105 1130 320 1195 ecelesiarum
342 1132 526 1195 absentibus
549 1131 764 1195 sacerdotibus
779 1130 877 1194 fuisse
893 1131 1104 1215 suspcnsmn?
1136 1130 1217 1206 Quid
1233 1133 1301 1216 spei
1317 1133 1378 1197 erit

104 1232 287 1317 reliquum,
321 1234 348 1297 si
370 1234 408 1297 de
429 1237 522 1298 tanto
545 1234 632 1298 exitu
654 1256 719 1298 non
742 1233 835 1297 datur
863 1233 1033 1317 impetrare
1057 1233 1272 1298 conventmn‘?
1316 1234 1377 1299 Sed

107 1337 282 1399 massata
309 1336 490 1420 sufficiant,
528 1358 607 1421 quae
636 1337 675 1399 ad
702 1335 761 1399 hoc
788 1339 916 1399 tantum
950 1336 984 1399 in
1012 1336 1196 1400 memoriam
1223 1337 1301 1401 satis
1329 1341 1379 1401 est

105 1458 280 1521 revocare,
317 1438 427 1524 quo¹⁰)
450 1438 610 1503 desinant.
656 1437 748 1502 Bona
776 1443 824 1502 est
852 1438 1094 1521 praeteritorum
1121 1437 1315 1522 recordatio,
1350 1439 1376 1503 si

106 1560 198 1625 quae
220 1539 400 1624 displicent,
424 1543 532 1604 secata
555 1563 631 1605 cura
647 1540 856 1625 correptionis
871 1540 1027 1604 emendet.
1061 1539 1135 1603 Non
1151 1541 1264 1604 saltem
1279 1542 1378 1606 disce·

106 1641 265 1707 dentibus
291 1642 448 1727 aliquibus
477 1642 683 1729 dilatoque¹¹)
706 1643 836 1727 negotio
866 1643 905 1706 ad
933 1642 1089 1707 secundae
1117 1643 1377 1728 congregationis

107 1744 275 1809 venientis
297 1745 433 1828 repetita
452 1744 588 1827 judicia,
617 1767 675 1829 pro
702 1745 779 1828 fide,
811 1767 868 1829 pro
896 1744 1096 1828 innocentia,
1132 1766 1190 1828 pro
1217 1746 1378 1831 aequitate

108 1846 298 1929 concordis,
334 1846 463 1910 remotis
496 1846 609 1911 studiis
643 1846 800 1932 aliquibus
828 1847 997 1911 dissentiat
1023 1846 1209 1931 integritas!
1260 1846 1331 1912 Hoc
1340 1847 1379 1932 ¹²)

106 1948 281 2033 petitionis
303 1952 442 2031 nostrae,
466 1948 526 2013 hoc
554 1948 719 2033 religionis
747 1948 893 2013 affectus:
916 1948 976 2013 hoc
999 1940 1284 2033 quieti'Romanae
1307 1972 1379 2014 con-

107 2050 201 2115 ferre
223 2051 379 2134 civitatis,
407 2054 443 2114 ut
471 2051 661 2114 sacerdotali
691 2049 943 2139 consideratione
965 2050 1127 2134 proposito
1150 2051 1297 2135 delegato
1318 2055 1379 2116 ter·
1421 2111 1424 2115 .

106 2152 239 2217 minum
261 2152 343 2217 detis
365 2153 433 2217 sine
457 2153 662 2217 contentione
684 2152 825 2237 negotio,
849 2152 985 2217 scientes
1008 2174 1142 2217 examen
1165 2157 1304 2218 vestrum
1319 2153 1378 2218 Dei

107 2258 299 2319 secuturam
322 2275 389 2319 esse
407 2254 574 2338 judicium.

201 2356 231 2420 6.
269 2354 433 2442 Cogitate,
463 2359 597 2421 matrem
621 2357 816 2421 contusionis
845 2379 913 2421 esse
936 2357 1141 2441 discordiam,
1171 2362 1204 2422 et
1230 2354 1379 2443 quemad·

106 2457 243 2523 modum
266 2480 421 2523 consensu
444 2458 540 2522 dubia
563 2458 755 2541 solidantur,
785 2460 831 2523 ita
859 2460 955 2523 etiam
984 2459 1076 2523 finna
1098 2460 1294 2525 dissensione
1317 2460 1378 2525 dis-

107 2558 208 2626 solvi.
256 2558 418 2646 Numquid
451 2561 627 2643 laboriosa,
665 2561 817 2644 numquid
852 2561 1066 2625 conscientiae
1097 2565 1223 2625 vestrae
1255 2563 1377 2645 gnatia,

107 2660 272 2747 numquid
286 2662 417 2727 inimica
432 2663 604 2747 proposita,
630 2663 669 2726 ab
685 2654 882 2727 antistitibus
897 2663 962 2727 suis
978 2684 1089 2746 pacem
1104 2664 1208 2747 poscit
1222 2663 1378 2746 Ecclesia,

183 2974 205 3039 7)
223 2971 267 3025 lta
283 2970 326 3037 13¹,
345 2970 389 3025 oni
405 2987 501 3025 sensus
519 2972 615 3041 aperte
634 2968 825 3041 adstipulatur.
861 2968 916 3023 Alii
932 2974 1041 3024 dandum
1053 2973 1174 3024 dubitarit
1231 2975 1379 3028 crediderit.

183 3058 205 3123 ⁸)
223 3054 258 3109 ll¹
270 3055 348 3111 K¹²b
362 3058 387 3109 ε’
400 3072 456 3123 seq.
474 3055 565 3121 lectio,
584 3072 655 3124 quae
673 3072 737 3109 vere
751 3054 888 3124 Oedipum
905 3054 1022 3122 quaerit,
1040 3054 1109 3109 haec
1127 3059 1180 3109 est:
1199 3058 1265 3122 Quid
1281 3060 1380 3125 profuit

105 3146 171 3197 siste
187 3144 241 3195 sita
257 3140 304 3207 (Fi
321 3144 406 3207 uitam)
428 3147 459 3194 de
481 3147 585 3209 proiiao
608 3146 706 3194 itineris
729 3146 794 3193 eitra
813 3139 858 3205 (Fd
877 3145 967 3193 itinere
984 3143 1074 3208 seitra)
1102 3146 1138 3194 ad
1160 3160 1205 3195 nos
1228 3146 1379 3209 imposuistis

107 3230 237 3295 nepotis?
265 3224 323 3279 Nec
340 3224 446 3279 felicior
463 3226 506 3279 est
523 3230 561 3279 el:
581 3230 643 3294 quid
658 3229 756 3292 profuit
777 3231 831 3277 sine
849 3230 872 3278 ni
889 3235 939 3277 tarn
957 3230 989 3279 de
1004 3231 1110 3293 prolixo
1129 3230 1219 3280 itinere
1241 3238 1328 3280 cetera
1345 3230 1381 3279 ad

107 3330 164 3367 nos
180 3315 328 3379 imposuisse
347 3316 465 3378 nepotis?
495 3309 596 3364 Noster
614 3309 700 3363 codex
718 3309 758 3363 ita
775 3309 873 3364 habet:
892 3315 953 3379 quid
968 3314 1069 3378 profuit
1084 3317 1141 3363 seni
1156 3316 1207 3364 uita
1226 3316 1257 3365 ds
1275 3316 1379 3380 prolixo

106 3401 218 3451 itineris
234 3400 302 3448 uitro
319 3400 354 3449 ad
371 3414 416 3449 aas
434 3400 580 3463 imposuisse
598 3403 705 3461 nepotio.
742 3398 789 3459 Qui
806 3406 931 3447 tantarum
949 3406 1008 3455 cta,
1037 3394 1111 3461 quod
1130 3393 1304 3462 aliquatenus
1321 3412 1379 3449 mu·

108 3479 183 3537 tntis
200 3479 340 3533 muwudis
356 3480 422 3535 ferri
439 3482 539 3549 potest¹
577 3478 754 3533 Constantius
773 3477 858 3532 ctiam
875 3479 922 3531 ΚΗ
941 3479 1027 3533 verba
1049 3478 1201 3533 reddidisse
1224 3466 1378 3543 contentus,

107 3566 170 3621 boe
186 3566 282 3619 tamen
299 3564 382 3620 modo
400 3582 417 3619 a
435 3563 601 3619 'theodorici
619 3567 711 3618 mente
734 3580 790 3617 non
813 3563 903 3619 alieno
926 3564 1118 3620 extricandam
1140 3564 1284 3635 proponit:
1315 3568 1381 3630 Qerid

107 3654 224 3723 proserit,
241 3656 266 3704 si
281 3655 308 3703 in
325 3656 442 3704 evitanda
458 3656 558 3718 prolixi
575 3656 673 3703 itineris
691 3669 753 3702 eitra
771 3655 807 3702 ad
824 3670 869 3704 nos
887 3656 1039 3719 imposuistis
1057 3657 1189 3719 nepotiani,
1212 3656 1281 3719 quod
1296 3660 1379 3703 tanta-

108 3741 353 3797 mentensium
375 3739 551 3790 sacerdotibus
576 3739 720 3789 absentibus
744 3739 836 3801 sitisset
861 3742 1024 3803 suspensum?
1061 3738 1127 3799 Quid
1150 3746 1299 3804 suppeteret
1320 3740 1379 3789 reti*

110 3842 198 3895 quun,
215 3826 239 3875 si
256 3830 304 3877 ete.

184 3910 206 3976 ¹)
223 3904 283 3961 Nee
300 3904 406 3959 felicior
422 3906 451 3959 in
469 3904 647 3975 sequentibus
670 3908 711 3959 est
729 3923 793 3959 mss.
812 3904 903 3959 lectio.
939 3906 987 3959 li¹²
999 3905 1017 3957 b
1030 3908 1056 3959 ε’
1074 3911 1136 3975 quid
1151 3916 1278 3959 tantarum
1338 3926 1376 3957 sa-

109 3998 251 4063 eptam?
270 3995 332 4061 quid
347 3998 475 4060 supererit
492 3991 521 4058 ib
538 3994 650 4059 peteret)
667 3996 787 4061 reliquunt
847 3996 973 4058 imperare
985 3998 1147 4045 conuentum?
1165 3990 1194 4057 tls
1206 3996 1230 4044 si
1240 4001 1312 4044 tanto
1324 3996 1379 4045 eai-

111 4088 167 4131 εισι
184 4096 235 4130 aas
253 4080 329 4129 datur
345 4081 482 4145 impetrare
500 4080 641 4143 conuentu).
677 4076 708 4128 lt*
722 4076 756 4128 F⁴¹
775 4075 921 4129 lectionem
939 4074 1080 4129 reddimus
1093 4074 1268 4143 aliquatenus
1280 4075 1379 4129 tolera·

10 4216 13 4221 ,
110 4160 254 4229 bilibrem,
272 4159 325 4215 nisi
342 4160 416 4228 quod
435 4165 482 4226 Qtti
499 4173 623 4215 tantarum
695 4166 817 4231 quidquid
833 4167 890 4230 spei
906 4168 956 4214 erit
974 4160 1017 4229 (pn
1037 4166 1098 4230 quid
1112 4167 1228 4227 peterit).

186 4249 217 4313 ¹¹⁸)
235 4246 294 4301 Μ’
307 4264 363 4313 seq.
383 4251 445 4316 quid
460 4252 568 4309 desinat,
590 4247 637 4299 ΚΠ
649 4246 680 4299 B'
695 4246 729 4298 Ρ11
748 4251 816 4315 qrtod
833 4251 940 4305 (desinat,
964 4248 989 4297 cl
1008 4251 1076 4314 quod
1092 4250 1217 4303 desinant.
1252 4244 1379 4298 librario

10 4332 13 4375 ÷
113 4330 255 4389 tmitnre
277 4334 320 4387 est
341 4331 459 4402 primaru
481 4331 556 4386 vocis
579 4331 719 4398 sequentis
746 4331 869 4385 litteram
896 4329 1051 4400 geminare,
1081 4346 1197 4398 eamque
1225 4329 1380 4399 adjungere

112 4416 304 4472 antecedenti.

187 4502 219 4570 ¹¹)
236 4500 284 4555 Ι(ΙΙ
303 4506 443 4573 Delatoqus
461 4508 559 4569 nepotis
578 4508 614 4555 ad
629 4508 755 4556 sescunciae
777 4508 982 4557 eonstrrdatianis
1004 4507 1125 4555 uenientis
1148 4507 1258 4570 repetita
1330 4518 1381 4567 pro

113 4592 248 4657 aequitate
265 4593 399 4641 concordis
416 4594 518 4642 resuntis
540 4594 631 4641 stadiis
652 4592 775 4657 aliquibus
798 4594 924 4642 dissentit.
968 4586 1000 4639 Β1
1020 4604 1081 4640 cum
1100 4589 1125 4640 al
1144 4584 1305 4647 concordat,
1328 4583 1379 4637 nisi

113 4670 195 4741 quod
212 4676 331 4726 dissentit
347 4672 408 4727 loeo
427 4678 567 4729 dissentiat.

188 4758 219 4825 ¹¹)
236 4754 329 4811 Etiam
347 4758 392 4811 hio
408 4758 440 4811 ΒΙ
460 4758 612 4825 sequimur,
638 4756 688 4811 nisi
713 4758 788 4826 quod
806 4763 888 4828 quiete
959 4765 1062 4816 ciuitati,
1102 4756 1156 4811 Alii
1180 4761 1238 4810 Hac
1258 4760 1380 4823 petitione

114 4852 208 4897 austra
226 4845 353 4897 Romanae
370 4847 504 4908 confertur
521 4842 566 4909 (F‘¹
584 4848 702 4912 petitioni
719 4854 822 4897 nostrae
841 4847 872 4899 a.
890 4846 1020 4910 conferre)
1038 4846 1140 4899 ciuitati.
1160 4853 1186 4893 ut
1251 4838 1296 4906 (ll¹
1315 4844 1381 4893 detis

112 4946 180 4983 tane
197 4932 388 4995 contentiosam)
457 4948 563 4983 casinen
581 4940 687 4982 uestrum
705 4935 737 4981 de
755 4933 793 4981 ius
810 4950 922 4982 tectarum
939 4948 994 4983 csse
1006 4932 1140 4995 judicium.

154 5030 308 5067 aristosa:
322 5032 424 5069 sosias.
439 5033 551 5069 nosris.
570 5018 590 5071 l.
1138 5017 1178 5075 43
