3412 5664
612 337 783 386 nersrons
808 329 836 387 1'.
1296 326 1358 392 647

702 490 742 554 V·
1369 513 1463 564 aare.

120 587 179 655 6.
227 594 395 677 „Propter
410 593 551 657 occult-as
568 596 674 657 alitem
688 594 817 658 fraudes
840 594 921 681 atil)
939 595 1198 677 conjurationum
1219 601 1359 662 secretas

10 687 233 778 isidias,
274 718 352 781 quas
374 694 470 777 hujus
492 696 655 759 sententia
682 694 892 760 districtionis
921 696 1141 781 consequitur,
1175 698 1203 762 si
1225 700 1296 783 quis
1318 700 1358 764 ad

12 790 338 864 eclesiasticum
359 796 530 882 pertulerit
550 797 701 861 notitiam
730 797 863 861 consilia
890 820 1014 881 eorum,
1050 798 1104 882 qui
1134 802 1248 863 contra
1273 801 1359 866 hanc

10 898 243 978 synodum
279 900 316 965 de
348 898 527 984 pontificali
555 898 683 982 egerint
710 899 849 981 ambitu,
889 902 922 963 et
954 899 1137 964 rationabili
1168 901 1358 984 probatione

10 1001 266 1068 convicerit
287 1002 460 1087 participes
469 1001 508 1088 ³⁷)
531 1000 667 1065 actionis
689 998 887 1084 hujusmodi,
916 1023 983 1065 non
1011 1002 1114 1065 solum
1135 1006 1293 1087 purgatus
1317 1004 1357 1068 ab

10 1102 157 1168 omni
195 1104 299 1189 culpa
326 1105 384 1187 sit,
422 1103 477 1168 sed
504 1101 603 1167 etiam
630 1102 906 1186 remuneratione,
941 1125 1021 1187 quae
1050 1125 1115 1167 non
1138 1104 1275 1190 indigna
1302 1106 1356 1189 sit,

19 1204 282 1273 sublevetur.
286 1208 308 1243 “

156 1308 329 1374 Universa
351 1307 489 1392 synodus
511 1328 647 1391 surgens
669 1305 926 1371 acclamavimP
897 1307 1071 1389 Placentll)
1094 1315 1212 1373 omnia!
1245 1308 1289 1372 ut
1304 1309 1357 1373 ad·

31 1411 171 1497 jecit:
199 1416 330 1477 &audi
350 1415 475 1487 Otrriste,
503 1413 691 1473 Theoderico
711 1415 792 1472 nita!
815 1407 881 1472 dict
867 1411 936 1472 turn
958 1407 1061 1473 XXX.
1099 1415 1137 1475 Ut
1151 1417 1195 1474 ita
1209 1424 1355 1495 seruetur,

41 1520 248 1595 racemus!
279 1511 400 1593 dictum
421 1510 493 1576 XX.
539 1516 668 1576 Exaudi
688 1516 819 1588 Christe,
850 1514 1031 1591 Symmacho
1054 1518 1134 1576 uita!
1169 1512 1291 1577 dictum
1313 1513 1354 1579 X.

55 1622 109 1685 Ut
126 1624 227 1683 circa
241 1620 407 1681 Romanurn
424 1620 597 1695 pontificem
619 1634 737 1693 semper
758 1618 834 1676 Iraec
854 1620 1010 1678 ordinatio
1022 1625 1169 1691 seruetur,
1194 1625 1357 1694 ropamas!

57 1720 209 1785 dictum
230 1716 270 1783 X.
316 1721 353 1783 Ut
374 1708 480 1780 nullus
495 1722 586 1780 aliter
607 1721 650 1778 ad
670 1722 876 1795 episcopatum
891 1720 1059 1780 Romanum
1082 1722 1223 1796 deinceps
1244 1725 1353 1796 veniat,

61 1828 267 1905 precamur!
288 1818 409 1883 dietum
421 1816 461 1881 X.
494 1823 531 1883 IIt
546 1824 668 1882 decreta
683 1828 788 1881 nostra
803 1824 970 1895 confirmes,
992 1825 1154 1896 roparnas!
1176 1818 1297 1883 dictum
1312 1819 1353 1885 X.

168 1923 190 1987 ‘I
194 1972 201 1986 .
235 1919 442 2005 Symmachus
464 1919 632 2003 episeopus
655 1918 807 1983 ecclesiae
825 1917 1002 1983 catholicae
1017 1918 1105 1983 urbis
1120 1919 1242 1984 Romae
1258 1919 1354 1986 dixit:

73 2030 328 2093 Adclamationes
353 2034 470 2088 uestras
495 2026 662 2102 synodique
681 2026 833 2100 judicium
859 2026 1036 2101 praesentia
1066 2033 1154 2100 peste
1178 2029 1353 2101 suscipient.

73 2128 128 2195 Et
148 2125 285 2211 adjecit:
314 2129 376 2201 Ea,
401 2145 479 2204 quae
501 2129 545 2186 ad
564 2128 723 2202 sopiendos
751 2134 927 2187 veternosae
953 2129 1209 2203 praesumptionis
1233 2144 1354 2190 errores

74 2236 130 2298 uei
148 2226 337 2310 casemarii)
359 2230 447 2291 rebus
461 2231 671 2290 ecclesiasticis
685 2230 885 2303 aepritudinis
899 2230 1025 2303 morbos,
1050 2231 1156 2304 quitus
1175 2232 1355 2292 uniuersalis

75 2334 281 2413 afficiebatur
301 2334 454 2406 Ecclesia,
494 2332 671 2391 deliberatio
697 2331 840 2405 relipioni
865 2348 1004 2406 coaprua
1026 2333 1160 2407 pacique
1190 2335 1352 2407 constituit,

71 2440 256 2515 tantitatem
271 2441 427 2512 perpetem
448 2436 621 2506 sortientur,
647 2438 680 2492 ut
692 2439 870 2507 praestante
885 2433 958 2507 lica,
983 2450 1068 2508 quem
1084 2434 1236 2494 custodem
1251 2452 1353 2496 rerum

74 2542 214 2603 manian
235 2544 352 2599 canstat
372 2536 529 2609 donanim,
558 2535 715 2612 synodalis
737 2537 893 2596 ordinatio
916 2537 1025 2609 uipeat,
1055 2542 1147 2610 atquc
1169 2553 1270 2597 ornnes
1291 2540 1354 2597 sine

68 2656 234 2723 persam
259 2639 393 2715 clicerius
419 2638 607 2698 distinctione
639 2639 839 2711 coustrinpat.
893 2637 1007 2697 Contra
1035 2653 1125 2711 piram
1153 2640 1181 2698 si
1207 2641 1273 2713 quis
1299 2639 1352 2699 suh

73 2744 216 2823 qualibet
241 2744 397 2803 accaaane
426 2743 529 2802 uenire
550 2742 808 2815 praesumpserit,
844 2741 962 2800 indicta
995 2742 1135 2814 superius
1166 2741 1353 2801 districtione

68 2848 232 2927 amaa
241 2839 291 2926 10).

146 3116 184 3183 ⁸⁸)
201 3112 251 3168 Ι(η
267 3122 293 3166 et
309 3116 460 3179 conjuratae
478 3116 591 3165 insidias.

146 3201 184 3269 ¹²)
201 3195 384 3265 11³(seuundu
400 3197 494 3261 manu)
506 3194 544 3248 Η6
561 3197 591 3249 ct
607 3194 675 3248 editi
686 3200 828 3263 particeps.
856 3194 905 3248 llle
923 3194 1016 3260 ctiam,
1035 3193 1083 3261 qui
1100 3193 1197 3248 titulos
1213 3193 1243 3248 in
1260 3195 1351 3250 fronte

73 3282 223 3360 praefixos
241 3279 403 3351 composuit„
420 3279 549 3348 quintum
567 3278 606 3334 sie
624 3277 768 3350 expressit,
786 3279 865 3347 quasi
883 3277 928 3333 hic
944 3285 969 3332 si
982 3285 1116 3347 particeps
1131 3283 1212 3347 fuerit
1228 3279 1349 3349 legisset.

72 3369 179 3427 Patiar
195 3368 293 3423 tamen
310 3366 353 3421 est
368 3364 452 3421 lectio
470 3363 592 3418 omnium
605 3382 676 3431 mss,
695 3381 750 3432 qna
762 3362 875 3432 quidem
888 3365 1009 3433 synodus
1020 3380 1076 3418 non
1088 3363 1254 3434 participem
1266 3364 1351 3420 actio-

10 3498 13 3509 .
70 3456 121 3515 ιιὶι
138 3450 310 3510 ambitiosae
325 3450 368 3505 'ab
387 3448 462 3503 omni
485 3449 567 3519 culpa
587 3448 706 3503 liberum
729 3449 758 3502 et
779 3450 943 3518 purgatum,
967 3448 1015 3503 sed
1038 3465 1114 3516 cum,
1144 3449 1192 3517 qui
1214 3449 1351 3519 ejusmodi

10 3558 12 3597 ῑ
71 3540 162 3613 eulpa
180 3534 317 3593 obnoxios
334 3533 465 3589 debuerit
487 3535 516 3588 et
537 3533 699 3601 convicerit,
726 3533 812 3588 etiam
835 3533 1058 3588 remuneratione
1081 3533 1282 3588 sublevandum
1304 3534 1350 3590 de-

10 3620 13 3669 i
71 3626 177 3683 ciunt
207 3622 302 3693 Ipsam
318 3617 476 3674 mercedem
494 3617 619 3673 decernit
636 3620 665 3672 et
682 3617 858 3673 Athalaricus
877 3635 926 3673 rex
944 3618 1019 3689 apud
1030 3618 1186 3673 iohannem
1199 3619 1224 3673 ΙΙ
1243 3618 1349 3690 epistt

10 3752 13 3779 ,
69 3718 142 3779 Μ,
159 3706 239 3765 unde
256 3708 286 3761 et
301 3702 367 3759 huic
382 3703 429 3757 lux
447 3705 633 3774 corriperetur.

10 3842 14 3851 ,
141 3796 180 3865 ¹⁸)
197 3789 322 3849 H⁸b¹h²
337 3794 425 3858 piacet
440 3800 466 3843 et
483 3794 589 3856 adjerit.
624 3788 744 3858 Moxque
763 3806 797 3842 ex
813 3789 846 3842 Β1
865 3790 974 3843 textum
992 3787 1175 3856 restituimus,
1198 3806 1284 3857 quum
1302 3789 1350 3845 alii

10 3890 17 3953 f.
68 3900 138 3939 nn.
158 3878 193 3936 et
208 3874 293 3935 editi.
311 3876 418 3929 &aaut
434 3877 535 3928 Garun
553 3878 699 3943 Symmacho
718 3873 775 3941 (Κ12
785 3877 812 3928 a³
835 3877 1002 3943 Theoderico)
1021 3881 1088 3929 uita!
1105 3880 1196 3929 dictum
1208 3885 1247 3928 est
1259 3878 1348 3929 XXX.

10 3968 14 4019 l
69 3974 108 4027 Ur
125 3972 167 4023 aa
185 3972 324 4019 ementur
338 3979 468 4030 reponas,
495 3964 587 4013 dictum
605 3964 640 4013 Χ.
677 3963 710 4013 bt
728 3965 808 4011 nutius
830 3960 881 4012 etc.
924 3959 984 4014 Hac
1006 3958 1119 4028 quidem
1140 3959 1349 4026 acclamatione,

10 4070 129 4141 qm
144 4048 277 4125 primum
294 4044 497 4101 'theodoricum
515 4043 629 4111 salutat,
652 4043 772 4139 synodus
794 4043 999 4112 quodammodo
1021 4043 1192 4099 sollemniter
1210 4045 1351 4115 approbat

10 4142 98 4197 et
114 4134 276 4195 confirmat
292 4129 468 4196 sanandam,
485 4145 541 4196 qua
557 4127 604 4182 ille
621 4127 768 4182 novissime
780 4129 973 4198 pontificatum
985 4126 1151 4198 Symmacho
1164 4129 1346 4199 adjudicaret.

63 4256 100 4267 -
116 4222 194 4279 ltux
210 4216 360 4288 sequentia
377 4232 395 4271 a
411 4213 504 4270 verbis
521 4225 547 4267 ut
565 4220 670 4268 decreta
688 4225 777 4269 nostra
794 4220 926 4281 confirmes
948 4230 1034 4282 usque
1058 4213 1093 4268 ad
1111 4214 1195 4269 tinem
1213 4213 1298 4269 etiam
1314 4214 1349 4266 Fd

10 4222 125 4379 ¹(iel
139 4309 193 4367 u)
210 4301 342 4375 praebet.

133 4396 175 4461 θ’)
194 4388 234 4445 F
253 4392 368 4457 inpense,
385 4385 413 4439 h¹
426 4385 457 4439 h²
474 4388 588 4452 infensas
660 4391 794 4453 perpetim,
813 4400 931 4452 moxque
950 4400 1013 4437 cum
1024 4384 1061 4437 Η6
1073 4384 1110 4438 lll
1123 4390 1283 4439 distinctione
1302 4383 1349 4450 ffl⁶

57 4476 252 4541 unedone)
268 4476 356 4527 venire
371 4475 584 4539 praesumpserit,
608 4476 689 4525 Inclita
712 4472 765 4524 etc.
809 4468 984 4523 correximus
1003 4486 1065 4524 cum
1081 4470 1115 4523 B¹
1128 4470 1163 4523 E'
1174 4470 1208 4522 F(l
1222 4472 1248 4523 θ’
1259 4485 1347 4538 seqq.‚

55 4564 115 4625 ἡ·
132 4558 225 4633 quod
243 4556 277 4611 Β1
298 4560 464 4617 distrimr'one,
482 4554 517 4609 Fd
536 4560 711 4610 distrinctione
729 4555 800 4621 (loco
821 4560 1002 4623 distinctione).

130 4650 173 4717 θ’)
193 4642 224 4699 11
236 4640 262 4697 0
273 4640 303 4695 h·
317 4642 341 4695 θ’
359 4639 405 4695 hic
422 4639 530 4695 addunt
548 4644 582 4693 Et
599 4644 812 4709 subsmipserunt,
831 4638 875 4695 cui
891 4639 978 4694 verbo
996 4639 1025 4693 in
1043 4638 1105 4694 aliis
1122 4638 1203 4693 editis
1221 4636 1349 4708 arijungi·

51 4742 107 4795 ω
124 4731 261 4803 qumi
281 4746 384 4781 numera
405 4729 544 4780 LXXIII.
586 4725 739 4794 Utrumque
762 4725 843 4779 abest
866 4741 884 4778 a
900 4724 932 4777 lu
946 4726 1006 4793 ΚΝ,
1037 4742 1121 4793 quum
1143 4725 1176 4778 Β1
1200 4724 1289 4777 solum
1312 4723 1349 4778 ad

49 4838 158 4891 mg.
179 4814 271 4871 notu
287 4814 493 4881 &demptiones
510 4816 693 4879 episcoporum.
729 4810 764 4863 Hi
781 4811 876 4863 autem
894 4810 1010 4877 codices,
1033 4811 1065 4864 ut
1082 4826 1167 4879 supra
1184 4807 1347 4875 monuimus,

48 4910 220 4985 piorum
238 4894 322 4953 iniria
338 4912 408 4967 praa
424 4912 454 4955 tte
465 4896 559 4952 ferrmt
569 4902 704 4967 episcopas
716 4900 796 4950 LXV
807 4899 837 4950 et
846 4900 1012 4966 presbyteros
1023 4914 1124 4950 numero
1137 4897 1269 4950 LXXIII
1285 4894 1348 4949 sub-
