3450 5678
319 311 383 377 442
799 327 826 372 s.
844 325 984 374 ananan
1006 326 1120 372 raras

213 507 237 543 a.
249 481 306 543 4'95.
321 480 496 567 apostoliea
519 481 591 544 sede
613 479 712 543 fnisse
735 479 932 561 damnatum,
955 478 1113 563 facileque
1137 499 1190 542 eos
1206 501 1299 563 posse
1314 480 1353 543 de
1368 481 1502 545 istorum
1518 504 1590 567 sup-

320 583 416 667 plicio
445 583 649 663 commoveri,
681 587 716 645 ut
743 585 891 662 nossent,
921 580 997 664 quid
1025 581 1166 644 vitarent
1192 585 1226 644 et
1253 582 1328 665 quid
1358 588 1592 667 consequenter

321 684 491 766 ambirent,
528 705 565 746 ac
598 682 680 746 velle
708 683 947 766 putarentur»)
981 683 1197 766 resipiscendo
1229 683 1335 766 magis
1363 685 1484 748 sentire
1518 706 1590 750 cum

320 786 426 869 rectis,
458 807 553 869 quam
572 784 696 869 jugiter
723 804 829 846 errare
853 805 924 846 cum
945 783 1084 866 perfidis.
1129 781 1423 868 Exspectatumque
1452 785 1506 849 diu
1528 793 1589 869 est,

321 887 428 951 uthis
456 885 634 949 rationibus
658 885 785 948 incitati
815 886 967 968 contagia
991 884 1132 948 nefanda
1161 884 1369 968 deponerent,
1406 888 1488 972 ntffl)
1518 909 1590 952 curn

320 988 496 1072 apostolica
518 986 592 1051 sede
615 985 854 1068 consentiendo,
879 986 961 1049 sieut
984 985 1022 1049 de
1045 1006 1154 1049 eorum
1173 991 1337 1071 speratum
1359 988 1465 1052 luerat
1479 990 1591 1054 volun·

318 1093 397 1172 tate,
421 1090 562 1153 nitentes
586 1088 752 1152 catholicis
775 1087 994 1150 sacerdotibus
1009 1088 1196 1152 revocandis
1219 1088 1359 1152 studium
1376 1091 1483 1173 potius
1506 1113 1590 1155 eom·

319 1192 503 1255 modarent:
536 1212 598 1274 quo
626 1190 688 1272 ipsi
717 1189 757 1252 ad
773 1188 991 1252 orthodoxam
1020 1193 1223 1253 recurrerent
1246 1191 1413 1272 unitatem,
1449 1196 1482 1256 et
1503 1193 1587 1274 istis,

319 1294 372 1378 qui
394 1293 521 1357 illorum
536 1292 710 1375 participes
726 1291 841 1354 erroris
863 1291 1064 1372 exstiterant,
1088 1291 1312 1355 ministrarent
1326 1294 1591 1379 praestitutae²¹l

319 1394 510 1477 receptionis
539 1394 696 1456 effectum.
742 1392 810 1456 Nec
838 1391 997 1475 quafieri
1018 1392 1124 1475 potuit
1151 1393 1317 1457 occasione
1345 1399 1505 1459 cessatum
1527 1401 1590 1479 est,

319 1518 380 1581 qno
402 1498 620 1578 competenter
647 1493 801 1557 admoniti
830 1498 862 1557 et
889 1493 1088 1556 sufficienter
1116 1495 1265 1558 instructi
1293 1496 1416 1579 pariter
1445 1497 1592 1580 pericula

320 1598 450 1663 vitanda
472 1599 718 1680 cognoscerent,
748 1618 784 1659 ac
807 1598 917 1678 patere
939 1595 1000 1658 sibi
1025 1595 1175 1678 januam,
1205 1597 1231 1660 si
1261 1597 1395 1661 sinceris
1424 1599 1592 1664 mentibus

318 1700 402 1763 hanc
424 1699 603 1783 petiissent,
628 1697 821 1780 apostilicae
844 1697 1075 1761 communionis
1098 1698 1312 1762 adverterent.

403 1801 433 1865 9.
465 1799 526 1864 Sed
549 1800 623 1883 quia
638 1821 674 1862 eo
690 1802 879 1882 perventum
901 1801 960 1879 est,
984 1801 1020 1862 ut
1033 1798 1246 1863 hortamentis
1267 1821 1391 1884 quoque
1412 1801 1590 1867 medicina-

317 1904 413 1985 libus,
442 1902 517 1966 dum
546 1901 643 1964 etiam
666 1923 747 1984 quae
770 1900 928 1963 referrent
950 1901 1111 1964 contraria
1133 1922 1199 1965 uon
1221 1900 1389 1984 haberent,
1419 1893 1592 1968 differrent

317 2009 427 2069 tamen
454 2003 610 2066 hactenus
637 2002 787 2066 adhibere
810 2023 1010 2084 consensum,
1039 1995 1316 2086 illorrun'qiridem
1339 2003 1589 2070 difficultatibus

317 2110 488 2191 paternum
509 2103 677 2189 quemdam
699 2104 849 2167 debemus
872 2104 916 2186 pii
939 2103 1055 2167 doloris
1072 2103 1230 2183 affectum,
1252 2105 1463 2189 deprecantes
1485 2109 1591 2172 omni·

318 2207 497 2292 potentiam
525 2205 585 2269 Dei
613 2206 731 2288 nostri,
760 2227 850 2290 quae·
867 2205 934 2268 sola
962 2205 1106 2293 quamvis
1135 2206 1242 2270 devias
1270 2208 1305 2270 in
1332 2207 1480 2272 veritatis
1501 2208 1591 2272 riam

318 2312 424 2393 potest
453 2311 637 2372 convertere
665 2308 864 2389 voluntateS,
894 2311 930 2370 ut
957 2307 1075 2371 eisdem
1102 2329 1177 2371 suae
1205 2308 1444 2392 propitiationis
1474 2331 1590 2394 opera-

317 2410 453 2495 tione²²)
486 2409 624 2475 mirabili
658 2409 806 2493 spiritum
840 2409 1080 2491 resipiscentiae
1112 2413 1145 2472 et
1174 2409 1350 2474 efficaciam
1378 2411 1592 2477 correctionis

318 2512 492 2597 dignanter
514 2510 674 2574 infundat.
720 2509 808 2586 Quae
833 2510 944 2593 donec,
973 2510 1056 2574 sieut
1078 2511 1117 2575 de
1139 2511 1208 2594 ejus
1236 2511 1354 2575 virtute
1383 2511 1590 2595 confidimus,

317 2614 427 2678 divina
449 2612 631 2695 placatione
654 2613 857 2695 proveniant,
881 2612 966 2676 hunc
988 2613 1128 2694 interim,
1156 2612 1210 2696 qui
1232 2612 1402 2696 supplicat,
1426 2614 1591 2680 desidera·

318 2715 425 2779 biliter
447 2718 649 2797 expetentem
677 2714 861 2778 nallatenus
889 2715 993 2797 perire
1021 2715 1199 2798 patiamur:
1234 2717 1269 2778 ut
1296 2715 1386 2798 cujus
1413 2737 1480 2780 non
1507 2723 1592 2782 sunt

318 2816 500 2882 Orientalcs
528 2816 706 2899 dejectione
736 2817 915 2901 perterriti,
949 2839 989 2879 ne
1017 2816 1051 2879 in
1080 2838 1185 2880 errore
1218 2816 1435 2900 persisterent,
1469 2817 1591 2884 saltem

202 2923 211 2934 ‘
318 2918 482 2983 curatione
504 2922 726 3001 provocentrn,
751 2925 787 2982 ut
808 2918 942 2982 redeant
964 2918 1003 2980 ad
1026 2919 1177 2999 salutem3
1205 2918 1377 3002 praecipue
1403 2940 1500 3002 quum
1524 2920 1591 2984 dis-

317 3021 485 3105 positionis
507 3020 589 3083 sedis
597 3019 638 3103 ²³)
662 3021 855 3104 apostolicae
871 3020 1075 3084 clementiam
1096 3024 1190 3083 tenor
1212 3020 1382 3084 comitetur
1401 3021 1471 3104 ipse
1486 3021 1590 3086 dicte

316 3145 397 3206 rum,
421 3142 524 3206 neque
545 3122 671 3205 prolata
694 3122 754 3185 sibi
777 3144 958 3205 repugnare
986 3122 1172 3186 constitutio
1195 3120 1367 3205 judicetur.
1406 3120 1590 3188 Definitum

316 3225 434 3308 quippe
457 3227 515 3304 est,
539 3227 575 3286 nt
596 3224 741 3306 superius
760 3224 830 3306 jam
851 3223 1051 3306 praedictum
1067 3228 1125 3305 est,
1150 3223 1251 3302 cosa)
1274 3221 1442 3306 dequibus
1458 3223 1590 3307 agimus

316 3329 448 3390 eatenus
471 3325 585 3388 debere
607 3325 769 3408 suspendi,
799 3330 894 3390 donec
916 3338 1040 3389 anctore
1062 3331 1124 3389 Deo
1153 3337 1182 3388 et
1201 3327 1356 3404 praefata
1377 3331 1590 3392 adnitentibus

386 3597 416 3659 ¹⁹)
434 3594 478 3647 Ita
496 3595 530 3646 G¹
543 3594 588 3647 Nl.
619 3595 657 3647 At
674 3592 742 3646 editi
761 3604 890 3661 putarent.

382 3681 416 3739 ²⁰)
434 3679 477 3732 lta
495 3678 544 3743 Νὴ
563 3678 662 3731 a¹be⁷
679 3694 755 3746 seqq.
781 3699 831 3732 nna
845 3699 906 3732 eron
978 3685 1158 3734 consentienda
1182 3679 1227 3743 (G¹
1241 3681 1267 3731 a*
1285 3684 1429 3743 renitendo)
1504 3687 1586 3736 niten-

315 3773 403 3831 {esque
473 3768 610 3816 reuocandi
630 3767 737 3816 rnrdr'nrn
752 3769 838 3831 potius
855 3770 1042 3818 commonerent
1060 3764 1105 3829 (G¹
1119 3766 1146 3816 a'
1165 3766 1385 3831 commendarent).
1421 3763 1532 3820 Deinde
1549 3766 1589 3820 Ν*

316 3852 454 3901 veritatem.

383 3909 415 3991 ²¹l
433 3934 460 3984 a¹
477 3939 627 4001 praestitae.
658 3931 769 3986 Rectius
792 3931 839 3986 alii
861 3933 924 3985 libri
948 3950 1010 3986 curn
1028 3932 1064 3985 Nc
1081 3940 1258 4000 praestiturae.
1296 3932 1403 4002 Nempe
1426 3933 1457 3991 in
1474 3938 1587 3991 senten·

315 4016 356 4070 tia
373 4015 505 4071 adversus
517 4016 638 4071 Vitalem
656 4019 685 4071 et
695 4017 831 4071 Misenum
848 4017 960 4085 prolata
977 4016 1174 4087 praestitutum
1192 4020 1277 4086 atque
1294 4016 1500 4087 praescriptum
1515 4021 1588 4084 erat,

316 4117 363 4154 eos
381 4117 437 4154 non
454 4101 627 4172 recipiendos
645 4119 715 4168 esse,
736 4101 788 4155 nisi
806 4119 890 4168 quum
908 4101 1097 4156 Alexandrina
1114 4100 1231 4156 ecclesia
1247 4101 1415 4156 catholicum
1431 4102 1589 4172 recepisset

315 4186 497 4240 sacerdotem.
528 4187 582 4240 Ubi
599 4187 685 4255 igitur
704 4203 817 4256 operam
836 4185 978 4239 dedissent
990 4184 1157 4251 Orientalcs,
1176 4189 1208 4240 ut
1219 4184 1348 4240 catholici
1360 4185 1493 4256 episcopi,
1512 4186 1590 4242 inter

315 4287 385 4339 quos
404 4270 570 4340 praecipuus
592 4272 654 4324 erat
676 4270 816 4324 lohannes
836 4270 1049 4335 Alexandrinus,
1072 4270 1107 4323 ad
1130 4269 1260 4324 ecclesias
1283 4285 1347 4323 snas
1368 4272 1590 4339 reuerterentur,
1626 4293 1645 4318 ο

315 4354 344 4407 id
362 4354 436 4421 quod
454 4353 555 4407 Vitatis
572 4372 606 4408 ac
622 4354 721 4408 Miseni
740 4355 892 4425 receptioni
910 4354 1107 4424 praestitutum
1125 4356 1199 4420 erat,
1216 4353 1406 4424 perficientes,
1424 4354 1493 4425 ipris
1511 4373 1589 4412 rece

315 4438 418 4508 ptionis
435 4439 564 4495 effectum
583 4439 792 4494 ministrassent.

383 4527 415 4591 ”l
437 4528 463 4577 a'
491 4530 664 4592 operationem
694 4528 803 4578 mirabili
827 4531 920 4594 spiritu
946 4531 1138 4594 reeipr'rcenliae
1166 4535 1191 4578 et
1216 4528 1378 4591 emerentiana
1396 4525 1589 4592 (efflatione-

315 4607 400 4662 etiam
418 4612 472 4676 θ’).
617 4640 623 4649 =

382 4697 415 4760 ”l
434 4696 468 4747 G¹
481 4697 508 4748 a¹
528 4690 634 4745 omittit
650 4699 727 4747 sedis.
764 4694 850 4747 Panlo
869 4696 952 4748 antea
970 4694 1005 4748 G¹
1026 4699 1148 4747 redirent.

382 4780 414 4845 ²⁴)
432 4778 551 4833 vitalem
570 4777 719 4832 scilicetne
731 4778 878 4843 Misenum
897 4778 946 4833 sed
964 4795 1028 4832 mox
1046 4779 1132 4832 verbo
1149 4782 1278 4845 praefatis
1296 4776 1426 4832 catholici
1443 4777 1591 4851 principes

316 4867 345 4915 et
363 4861 533 4919 Christianus
551 4862 670 4933 populus
687 4862 886 4931 intelligrmtur.
