3412 5664
356 288 418 353 728
811 304 839 351 s.
857 302 1039 350 suuoiaoiu
1061 301 1174 349 aalma

247 487 270 523 a.
283 474 340 523 513.
354 459 476 523 ultione
498 456 708 521 districtionis
729 460 854 521 vestrae
876 456 945 521 fieri
968 456 1149 539 prohibete:
1180 460 1339 541 quatenus
1367 460 1404 522 et
1428 457 1461 523 in
1488 466 1621 531 coer
1658 468 1698 527 aa

356 565 460 625 vestra
493 563 526 624 et
555 559 590 624 in
621 559 806 643 supradicta
838 560 1005 644 provincia
1034 559 1206 643 disciplina
1238 560 1333 624 bonis
1364 559 1490 625 actibus
1518 562 1689 635 wa

355 667 508 727 servetur.
713 674 716 679 '

858 848 1041 951 Epistola
1065 800 1123 933 lt.

173 1086 200 1111 ·.
213 995 339 1119 pagni-
419 972 623 1083 Symmachi
648 1020 757 1085 papae
780 1001 823 1067 ad
847 1001 1052 1067 Caesarium
1075 1003 1280 1086 episcopum
1303 1002 1549 1074 Arelatensen.

291 1150 295 1159 ’
409 1145 444 1192 lle
461 1144 601 1207 priuilepiis
619 1144 779 1192 Arelatensis
802 1143 935 1193 ecelesiae.
969 1141 1093 1191 Libellum
1109 1144 1255 1205 petitoriam
1273 1144 1394 1195 Caesarii
1413 1146 1554 1197 obictumst
1677 1148 1694 1199 l·

653 1227 764 1291 Aepidio
782 1227 873 1277 abbiate
891 1234 917 1276 et
936 1226 1067 1276 illeesiuuo
1086 1229 1188 1277 notario
1204 1228 1320 1291 subjicit.

507 1358 783 1424 Dilectissimo
805 1360 929 1424 fratri
952 1358 1140 1425 Caesario
1163 1358 1463 1449 Symmachus¹).
1550 1412 1554 1419 .

442 1483 469 1542 1.
507 1477 569 1554 Qui
591 1479 773 1544 ueneranda
795 1483 923 1564 patrum
945 1483 1069 1543 statuta
1083 1479 1232 1563 custodit,
1256 1480 1398 1547 amicum
1411 1504 1446 1549 se
1459 1484 1668 1549 abalim—e

356 1582 520 1666 religionis
542 1581 699 1663 ostendit,
731 1584 765 1645 et
792 1582 847 1666 qui
875 1581 1022 1665 providet
1047 1584 1084 1645 ut
1106 1581 1212 1646 locum
1234 1583 1419 1649 excessibus
1440 1607 1502 1651 nou
1520 1584 1667 1651 reli-J·

355 1688 442 1769 (luat,
467 1684 666 1747 demonstrat
688 1705 721 1747 se
744 1684 783 1747 de
806 1684 889 1747 bono
911 1682 1037 1769 gratiae
1067 1683 1220 1768 cogitare.
1264 1682 1472 1751 Rationabile
1491 1690 1549 1769 est,
1616 1686 1670 1747 at

354 1789 468 1850 sarrcta
491 1785 691 1850 Arelatensis
714 1769 855 1850 eeclesia
875 1786 1014 1871 propriis
1040 1784 1219 1872 privilegiis
1247 1786 1449 1872 periuratum
1479 1796 1511 1853 et
1534 1786 1666 1875 quod

355 1892 497 1953 vetustas
524 1889 686 1971 praestitit
713 1891 746 1952 et
772 1892 901 1972 patrum
930 1888 1106 1953 auctoritas
1128 1888 1308 1973 roboravit,
1337 1910 1431 1974 nova,
1444 1914 1507 1955 uon
1525 1890 1665 1955 debet

353 1990 473 2054 violare
495 1991 724 2075 praesumptio.
754 1990 807 2055 Sic
829 1995 951 2074 tamen,
976 1993 1011 2054 ut
1027 1994 1206 2056 ceterarum
1228 1991 1436 2057 eeclesiarum
1456 1990 1659 2078 privileg-ia

355 2093 552 2177 temporibus
574 2092 731 2177 aequisita
753 2115 820 2157 nou
841 2093 1000 2157 titubent:
1023 2093 1099 2177 quia
1119 2114 1180 2157 nec
1202 2096 1311 2176 potest
1332 2098 1484 2179 exparte
1496 2094 1652 2159 firmum

356 2217 440 2277 esse,
475 2195 558 2278 quod
580 2195 801 2280 generalitatis
823 2194 934 2279 tangit
955 2194 1117 2279 injuriam.
1161 2194 1371 2260 Manentibus
1392 2194 1542 2282 siquidem
1567 2194 1645 2259 his

355 2318 437 2381 quae
459 2300 587 2382 patrum
609 2296 786 2362 constituta
807 2296 944 2382 singulis
967 2295 1110 2361 eeclesiis
1138 2302 1384 2383 concesserunt,
1413 2298 1632 2373 deceruimus
1696 2324 1698 2329 ·

355 2402 392 2463 ut
414 2400 499 2463 eirea
522 2422 575 2484 ea,
599 2421 680 2484 quae
711 2399 812 2485 tam²)
835 2399 870 2463 in
893 2398 999 2463 Gallia
1025 2421 1123 2484 quam
1149 2397 1186 2464 in
1207 2398 1370 2485 Hispania
1391 2399 1558 2485 prouinciis
1584 2394 1626 2461 de

357 2524 452 2566 eausa
474 2502 640 2587 religionis
668 2501 872 2583 emerserint,
896 2500 1039 2565 sollertia
1060 2506 1137 2566 tuae
1158 2501 1377 2567 fraternitatis
1399 2494 1558 2589 invigilem
1584 2500 1614 2561 et

355 2604 382 2667 si
409 2603 493 2668 ratio
519 2605 701 2688 poposcerit
727 2602 944 2687 praesentiam
971 2604 1188 2686 sacerdotum,
1227 2607 1357 2669 servata
1384 2604 1602 2683 consuetudine,

357 2705 572 2790 unusquisque
594 2710 669 2770 tuae
691 2706 872 2770 dilectionis
894 2705 1077 2770 adrnonitus
1104 2705 1298 2771 auctoritate
1326 2708 1513 2791 conveniat3
1540 2704 1599 2771 etri

356 2807 417 2872 Dei
445 2807 604 2891 adjutorio
632 2807 849 2872 controversia
877 2807 1023 2872 incidens
1051 2808 1212 2892 amputari
1239 2807 1400 2895 potuerit,
1439 2808 1539 2893 ipsine
1560 2806 1602 2871 lue

355 2910 479 2975 meritis
495 2909 708 2994 applicemus:
724 2910 867 2995 alioquin
882 2896 1066 2975 exsistentis
1081 2909 1205 2995 negotii
1219 2909 1359 2995 qualitas
1374 2910 1419 2975 ad
1433 2910 1539 2975 sedern
1550 2930 1605 2995 ape

356 3013 502 3076 stelieam
524 3015 557 3076 te
579 3012 738 3076 referente
761 3012 940 3096 perveniat,
963 3014 1000 3077 ut
1021 3012 1146 3077 eunctis
1168 3012 1279 3077 ordine
1295 3034 1355 3077 suo
1368 3012 1524 3098 peractis,
1544 3012 1611 3077 unde

356 3115 505 3179 inimicus
528 3114 684 3179 bonitatis
705 3114 767 3178 sibi
789 3113 985 3197 blandiatur,
1009 3113 1114 3178 laeum
1135 3113 1281 3179 invenire
1301 3134 1369 3179 uon
1392 3114 1510 3199 possit.

426 3340 444 3404 ¹)
462 3337 531 3405 Bag.
551 3339 694 3405 Symmachi
710 3336 778 3403 (0¹¹).

423 3423 444 3491 ²)
463 3426 489 3474 οῖ’
501 3424 528 3474 0⁷
538 3437 594 3489 seq.
616 3433 665 3473 tam
683 3426 709 3473 in
722 3424 820 3474 Galliae
833 3440 906 3489 quam
918 3424 1071 3489 Hispaniae.
1100 3420 1206 3485 Quibus
1223 3421 1256 3475 nt
1270 3422 1486 3492 praeferremus
1498 3440 1563 3479 eum
1573 3442 1630 3479 uua

356 3518 406 3561 turri
424 3513 450 3559 ia
469 3510 552 3559 Gordia
570 3526 643 3575 questu
661 3510 687 3558 in
705 3510 848 3572 IIispania,
870 3503 957 3559 suasit
977 3507 1038 3560 tum
1055 3505 1124 3560 illud
1142 3505 1278 3577 epistolae
1297 3512 1330 3561 15
1346 3524 1375 3561 n.
1391 3496 1426 3561 ib
1444 3510 1483 3561 Ia
1502 3512 1588 3563 &aaa
1602 3518 1633 3563 si·

357 3598 454 3661 quidem
470 3596 603 3660 prouincia
620 3594 652 3643 ab
670 3593 803 3659 aliquibus,
821 3594 881 3643 tum
898 3590 1019 3645 maxime
1036 3590 1111 3645 nand
1128 3590 1254 3660 ejusdem
1265 3589 1409 3660 epistolae
1420 3610 1450 3647 n.
1464 3598 1499 3647 12
1518 3606 1635 3663 quarem

356 3689 381 3730 ee
399 3682 423 3730 iu
442 3687 527 3730 uestra
544 3681 654 3729 ecelesia
670 3687 696 3729 et
712 3680 864 3743 supradicta
879 3681 1026 3743 prouincia,
1049 3674 1106 3729 scil.
1126 3674 1229 3741 Gallia,
1256 3690 1330 3744 quaa
1353 3692 1473 3731 rursum
1492 3684 1636 3747 proriae&

356 3761 467 3816 nomine
485 3760 656 3829 ‹lesignatun
692 3758 753 3813 Hoc
770 3761 864 3815 autem
882 3760 993 3815 nomina
1011 3760 1153 3830 Visigotlii
1169 3759 1288 3830 Hispani
1306 3774 1371 3815 sam
1384 3760 1505 3819 Galliae
1523 3766 1639 3835 partem.

357 3864 429 3915 quae
446 3846 514 3915 ipsis
531 3844 672 3913 subjecta,
689 3844 836 3913 designare
853 3848 953 3915 postea
970 3847 1186 3915 consueverunt,
1207 3846 1240 3900 nt
1256 3862 1291 3901 ex
1307 3844 1444 3916 plurimis
1464 3847 1639 3905 documentis

357 3931 536 3985 conciliorum
555 3930 753 3984 Tolotanorum
772 3930 866 3997 palam
883 3931 921 3984 fit.
952 3931 1040 3985 Porro
1058 3930 1164 3985 vicaria
1176 3928 1298 3985 Caesarii
1315 3932 1451 4000 potestas
1471 3950 1534 3991 nou
1551 3950 1667 3991 omns·

357 4018 389 4071 ut
406 4016 490 4071 antea
509 4014 614 4070 Gallias
631 4015 850 4085 comprehendit,
868 4019 928 4071 tum
946 4015 1021 4085 quia,
1039 4017 1071 4069 ut
1087 4014 1210 4071 revertit
1226 4014 1361 4084 liabetur,
1381 4016 1520 4087 reliquae
1537 4020 1641 4091 prusia

358 4102 417 4156 ciac
439 4100 553 4155 Francis
577 4102 606 4155 et
627 4100 872 4171 Burgundionibus
893 4101 1045 4172 parebant,
1073 4102 1134 4154 tum
1156 4098 1223 4169 quia
1243 4098 1353 4153 ibidem
1380 4100 1499 4159 vicaria
1520 4106 1642 4177 potem

360 4185 486 4255 Remigio
498 4185 628 4241 itemensi
640 4203 783 4241 concessa:
802 4202 873 4254 quae
891 4186 1012 4255 quidam,
1030 4184 1055 4239 si
1072 4202 1169 4239 verum
1185 4190 1229 4239 eat
1239 4183 1435 4255 privilegium,
1453 4206 1513 4259 per
1524 4190 1643 4245 idemne

358 4272 433 4341 quod
456 4270 537 4340 regni
555 4270 723 4326 chlodovaei
745 4271 837 4325 fuerat
859 4270 1069 4343 extendebatur.
1109 4269 1207 4339 Longe
1228 4268 1321 4339 magis
1342 4270 1547 4331 annonantur
1568 4292 1642 4347 prae

359 4357 508 4413 uictima.
527 4356 662 4423 Batonio,
691 4377 756 4426 quoue
775 4361 801 4409 r‘n
821 4360 918 4409 (lodice
935 4360 1087 4424 proviaciis,
1114 4353 1218 4411 amima
1237 4370 1306 4411 voce
1328 4360 1506 4427 Hispaniae,
1533 4360 1640 4433 legenti

358 4443 422 4497 Non
439 4444 544 4497 temere
567 4442 663 4495 tamen
683 4441 741 4496 illie
758 4440 866 4496 Galliae
889 4440 1022 4511 adjuncta
1044 4442 1087 4495 eat
1103 4438 1248 4510 Hispania
1291 4438 1335 4495 Ea
1359 4441 1440 4499 enim
1465 4446 1644 4519 temptante.

359 4530 391 4582 ut
408 4526 567 4582 observarit
584 4527 683 4580 Petrus
700 4527 735 4581 de
752 4526 849 4581 Marea
870 4526 905 4581 de
923 4525 1052 4581 concord.
1071 4524 1176 4580 sacerd.
1194 4524 1264 4579 ivi
1282 4542 1305 4581 c.
1321 4532 1357 4581 19
1380 4546 1411 4583 n.
1424 4534 1454 4597 t,
1472 4530 1643 4589 Arelatensis

358 4613 510 4683 prouincia,
526 4610 639 4667 tametsi
656 4612 731 4667 intra
748 4611 860 4676 Gallias,
879 4610 996 4683 imperio
1013 4610 1134 4681 parebat
1151 4608 1319 4665 Theudorici
1334 4612 1429 4683 regia,
1452 4630 1550 4687 mnes
1566 4634 1643 4689 quen

359 4697 439 4767 regui
456 4697 666 4767 visigothorum
682 4697 712 4750 in
730 4696 865 4767 Hispania
890 4697 957 4750 tunc
978 4698 1040 4751 erat
1061 4693 1276 4751 administratio.
1313 4694 1511 4771 Quapropter
1531 4702 1642 4759 subinde

361 4784 468 4835 ructato
495 4798 646 4851 regnorum
671 4782 748 4835 statu
769 4780 889 4849 Vigilius
918 4782 1032 4850 ejusque
1059 4797 1231 4837 successores
1252 4781 1480 4843 Arelatenaibuu
1511 4786 1643 4859 episcopie

362 4867 465 4921 uillam
484 4866 643 4935 hujusmodi
660 4866 831 4937 potestatem
848 4865 877 4919 in
894 4866 1044 4937 Hispanias
1061 4866 1240 4922 demandant.
