3450 5678
306 307 370 373 436
778 325 805 369 a.
823 322 961 369 (minsa
987 323 1099 368 carran

178 493 295 556 tates)
308 480 465 564 episcopis
494 478 635 541 ‹lecrevit
668 477 859 560 antiquitaS,
896 477 1066 540 temeraria
1098 477 1359 560 praesumptione
1391 477 1579 561 pervadere,

307 580 544 666 propterquod
572 579 670 642 etiam
693 578 925 641 communionis
953 577 1147 662 apostolieae
1170 577 1353 651 desiderant
1374 579 1544 643 discidium
1552 582 1581 655 Ὺ)

306 688 426 763 tenere,
455 702 517 764 quo
547 681 669 744 seilicet
697 681 737 742 ab
766 681 833 761 ejus
862 681 1054 744 auetrmtate
1083 680 1187 760 divisi,
1218 679 1304 742 velut
1330 680 1477 762 impunes
1505 704 1581 765 pro-

307 785 393 868 prias
415 783 639 864 usurpationes
667 785 853 862 exerceant,
884 804 948 844 non
971 781 1189 864 respicientes
1217 780 1292 864 quia
1315 784 1446 845 aeterno
1468 782 1581 847 Judici

306 886 464 948 rationem
486 887 553 947 tam
579 884 618 946 de
641 882 817 946 catholicae
840 883 1036 946 sinceritatis
1059 882 1223 968 injuria³),
1252 904 1347 965 quam
1370 883 1409 945 de
1431 883 1580 947 traditio·

307 1008 383 1050 num
410 985 614 1069 praejudiciis
635 988 843 1068 paternarum
872 1007 936 1047 non
966 985 1036 1047 sine
1063 987 1237 1068 perpetuae
1264 984 1331 1046 sint
1357 984 1580 1049 damnationis

306 1087 438 1151 interitu
462 1086 627 1168 reddituri,
651 1086 678 1149 si
694 1086 727 1148 in
743 1085 804 1148 hac
820 1086 1037 1148 obstinatione
1059 1084 1309 1169 permanserint:
1333 1086 1502 1149 caritatem
1525 1109 1580 1150 ve-

305 1191 405 1252 stram
428 1188 574 1252 duximus
597 1188 828 1268 instruendam,
852 1191 888 1249 ut
910 1209 965 1250 vos
987 1208 1097 1250 omnes
1118 1188 1335 1250 incommune
1356 1187 1485 1270 fratres,
1509 1189 1581 1252 sive

305 1311 362 1374 per
384 1289 581 1353 Dardaniam
605 1289 670 1351 sive
693 1310 930 1372 perquamque
960 1289 1145 1372 contiguam
1174 1289 1372 1371 provinciam
1395 1290 1579 1367 erinstituti

304 1391 358 1474 qui
386 1412 441 1454 vos
470 1392 529 1453 sub
556 1390 812 1473 metropolitanis
840 1391 954 1453 vestris
981 1412 1049 1454 esse
1078 1389 1292 1470 meministis,
1327 1393 1359 1452 et
1388 1391 1429 1453 ab
1457 1390 1580 1455 eisdem

305 1493 456 1555 substitui
484 1492 718 1575 decedentcsi),
749 1493 832 1555 sieut
860 1495 950 1555 vetus
978 1492 1174 1555 consuetudo
1196 1491 1350 1574 deposcit,
1379 1493 1581 1557 unanimiter

305 1595 454 1658 statuatis
478 1594 657 1675 antistites,
680 1597 713 1655 et
735 1593 876 1656 vicissim
899 1594 926 1657 si
949 1593 1215 1677 metropolitanus
1237 1592 1397 1656 humanae
1420 1595 1579 1659 conditio·

304 1696 356 1759 nis
376 1696 461 1759 forte
476 1695 658 1776 decesserit,
683 1717 701 1757 a
718 1695 1038 1778 comprovincialibus
1060 1694 1228 1779 episcopia,
1252 1694 1336 1758 sieut
1351 1695 1455 1758 forma
1470 1700 1579 1760 mans-

305 1798 436 1880 misia),
461 1797 581 1860 sacrari
597 1796 698 1858 modis
714 1797 861 1860 omnibus
878 1798 1051 1879 censeatis,
1075 1818 1134 1860 nec
1154 1817 1345 1879 quemquam
1360 1796 1432 1877 sibi,
1457 1797 1578 1881 quod‘)

306 1899 394 1963 vobis
417 1899 550 1982 antiqua
572 1898 779 1980 dispositione
809 1920 994 1961 coracessum
1017 1901 1076 1980 est,
1099 1896 1270 1982 patiamini
1290 1897 1471 1963 vindicare:
1498 1922 1579 1984 qua-

304 2004 398 2063 tenus
433 2005 466 2063 et
497 2000 582 2063 inter
615 1999 701 2082 ipsas
735 1988 975 2063 adversantium
1007 2000 1209 2063 voluntatum
1240 1999 1397 2082 procellas
1429 2003 1578 2065 veterum

304 2102 433 2185 regulas
461 2100 645 2164 nullatemus
673 2102 831 2166 custodire
860 2103 1006 2184 cessetis,
1036 2101 1119 2165 sicut
1147 2101 1404 2184 persecutionum
1430 2104 1580 2186 mmpore

304 2202 501 2267 diversarum
524 2206 631 2286 patres
654 2207 780 2267 nostros
803 2206 989 2267 constanter
1010 2203 1124 2267 fecisse
1146 2223 1213 2266 non
1235 2202 1366 2266 dubium
1388 2206 1448 2267 est.

803 2389 985 2492 Epistola
1010 2391 1067 2473 29.

174 2544 291 2610 (naas.)
320 2546 326 2557 ’
443 2590 454 2613 x
677 2524 811 2591 tlelusii
834 2544 945 2608 papae
967 2525 1010 2590 ad
1032 2524 1205 2590 Natalem.

711 2666 788 2713 Prior
805 2667 913 2728 epistota
931 2666 962 2714 de
979 2667 1041 2728 pati
1057 2666 1164 2729 scripta.
1588 2683 1618 2735 p,
1630 2674 1672 2722 39,

456 2780 642 2844 Gelasius
665 2778 801 2843 Natali
825 2781 1055 2863 episeopo¹).

389 2900 470 2973 Quia
493 2921 549 2981 per
576 2899 766 2961 ambitiones
789 2908 949 2978 etreliqua
972 2898 1017 2981 (ut
1037 2909 1066 2962 ia
1083 2908 1265 2962 antecedenti
1283 2909 1403 2978 epistota
1422 2922 1516 2981 usque
1538 2911 1582 2965 ad

302 3091 357 3139 sine
376 3093 529 3139 anctoritate
546 3091 615 3138 sedis
632 3090 790 3153 apostalicae
807 3091 912 3138 ananiam
930 3090 1093 3138 ecclesiarum
1109 3091 1203 3152 passini
1216 3091 1283 3152 jura
1299 3089 1470 3152 confundunt,
1493 3093 1580 3156 napis

303 3178 424 3239 elidentes
441 3178 467 3224 in
485 3190 576 3224 errore
593 3176 746 3238 persistere,
765 3189 837 3239 quara
854 3175 1085 3237 praesumptionum
1101 3189 1203 3223 samara
1220 3175 1331 3238 perdere
1346 3174 1505 3236 facultatem.
1575 3166 1583 3179 ⁸

371 3259 392 3323 ²)
412 3257 454 3309 lta
471 3254 517 3320 Q¹;¹
536 3258 574 3308 c¹⁰
591 3259 733 3316 dissidium,
752 3268 872 3320 moxque
889 3260 928 3307 aet
943 3259 1064 3321 impunes.

371 3344 392 3409 ³)
411 3340 566 3393 tirientales
588 3343 729 3393 catolicae
750 3343 908 3391 sinceritatis
931 3336 1049 3391 violatae
1072 3337 1178 3406 arguit,
1205 3337 1272 3406 qaia
1289 3337 1416 3407 quamvis
1432 3338 1577 3410 integram

304 3427 502 3495 profiterentur
524 3424 619 3489 fidem,
643 3422 687 3476 vel
710 3439 771 3475 eum
793 3421 941 3475 haereticis
963 3423 1058 3476 tamea
1076 3421 1331 3489 communicabant,
1352 3421 1396 3477 vel
1413 3423 1450 3477 ab
1468 3440 1578 3492 eorum,

304 3510 352 3578 qui
370 3526 432 3562 cum
450 3508 493 3561 his
512 3507 794 3572 communicaverant,
820 3506 958 3560 consortio
982 3504 1125 3560 discedere
1143 3507 1305 3561 renuebant.
1345 3511 1379 3561 In
1402 3528 1452 3578 quo
1469 3529 1579 3565 secuse

304 3604 355 3658 est,
380 3592 472 3658 inquit
493 3591 573 3661 epist.
593 3598 625 3644 ’26
644 3610 669 3644 n.
686 3599 730 3657 lb,
752 3598 841 3653 velicat,
865 3597 956 3654 nolint,
980 3603 1029 3643 tam
1052 3597 1084 3644 de
1104 3597 1167 3658 fidei
1184 3598 1409 3662 comittaionr'sque
1430 3597 1578 3649 catholicae

303 3684 449 3730 sinceritate
469 3685 584 3744 ncplecta
644 3681 770 3744 recipiant
789 3682 857 3745 quod
873 3687 1008 3731 necentur.
1040 3675 1110 3728 Hinc
1128 3675 1578 3746 stibid.n.1tetepist.18n.o

304 3761 485 3830 apostoticam
503 3760 597 3814 sedem
614 3767 731 3814 sincerae
748 3767 924 3815 communionis
941 3759 1077 3813 uindicem
1095 3759 1248 3828 praedicat.

371 3847 392 3913 ⁴)
411 3845 470 3897 Hoc
493 3848 535 3898 est
558 3852 601 3914 qai
623 3851 795 3899 decedentium
817 3851 894 3899 ricem
914 3852 1059 3913 suppleant.
1095 3844 1177 3913 Apud
1195 3844 1214 3897 Z
1229 3846 1266 3898 0¹⁰
1288 3847 1382 3924 autam
1405 3852 1578 3903 decernentes

304 3929 377 3983 male
395 3930 542 3998 praeferri,
561 3929 649 3996 liquet
666 3948 699 3984 ex
718 3929 845 3997 sequenti
863 3932 1020 3995 decesserit,
1039 3928 1110 3982 sicat
1128 3945 1161 3982 ex
1180 3927 1299 3997 epistola
1316 3929 1457 3999 sequenti.
1475 3929 1505 3985 in
1518 3950 1578 4001 qua

304 4014 385 4082 hujus
403 4014 481 4067 verbi
498 4015 559 4068 loco
577 4014 671 4083 legere
690 4017 731 4069 est
748 4019 876 4069 obeuntes.
912 4026 919 4032 '

371 4103 392 4167 ⁵)
411 4098 514 4168 Supple
533 4105 679 4153 trctdttionis
696 4106 827 4169 antiquae,
847 4116 918 4166 cauae
931 4098 986 4169 duo
998 4099 1085 4153 verba
1097 4098 1230 4168 adjuncta
1247 4097 1379 4168 legrmtur
1390 4098 1420 4153 ia
1431 4098 1476 4153 his
1489 4100 1574 4171 epist

305 4190 336 4238 18
348 4202 374 4237 n.
387 4191 415 4237 4:
436 4186 575 4236 Secundam
591 4189 699 4249 sornam
716 4191 864 4239 traditionis
881 4191 1001 4255 antiquae
1019 4196 1107 4239 tenere
1126 4205 1172 4238 aas
1189 4204 1325 4239 consonant
1342 4187 1434 4254 utique
1450 4194 1578 4241 meritis

302 4275 464 4325 sententian:
483 4268 525 4320 vel
544 4267 705 4337 simpliciter
717 4280 797 4330 vetars,
817 4271 848 4322 ut
864 4269 893 4321 in
906 4268 1024 4338 epistola
1036 4272 1177 4337 sequente.
1207 4268 1339 4323 Veterem
1356 4268 1434 4323 illam
1451 4268 1577 4326 formam

303 4354 388 4408 etiarn
406 4354 505 4422 postca
523 4352 651 4405 renovari
669 4354 776 4406 curarit
793 4352 990 4407 Aurelianense
1008 4354 1033 4407 II
1052 4352 1198 4407 concilium
1217 4371 1276 4408 ean.
1291 4359 1318 4419 l,
1340 4352 1389 4407 ubi
1410 4352 1486 4407 istud
1511 4373 1577 4409 oon·

303 4438 405 4492 stituit:
436 4441 469 4490 In
493 4443 644 4492 ordinandis
665 4444 866 4505 metropolitanis
885 4444 1013 4508 episcopis
1036 4445 1105 4492 anti
1112 4459 1197 4509 quant
1219 4443 1383 4492 institutionis
1402 4442 1577 4504 [armaten

302 4543 462 4584 renovamus,
485 4542 557 4591 quara
580 4542 629 4590 per
651 4529 772 4576 incuriam
794 4529 939 4578 ornnirnodis
961 4530 1071 4577 uidemus
1088 4530 1212 4577 arnissan¹
1248 4527 1341 4592 Itaque
1361 4530 1578 4592 metropolitam

302 4613 436 4677 episcopas
459 4628 475 4660 a
493 4611 741 4675 comprovincialibus
764 4614 904 4676 episcopis,
928 4602 1027 4661 clericis
1050 4615 1089 4662 ael
1108 4614 1210 4677 populis
1231 4614 1337 4670 electus,
1357 4615 1528 4676 ‚conpuncta
1550 4616 1577 4665 ia

301 4713 374 4745 unmn
391 4685 640 4760 conprovincialibus
657 4698 786 4761 episcopis
802 4699 943 4747 ordinetur.

368 4780 390 4843 ι“)
410 4780 447 4829 0¹⁰
465 4799 545 4847 quam.

371 4862 390 4929 ¹)
409 4865 442 4924 ψ
463 4867 622 4930 ytreslrytero.
