3412 5664
285 301 347 368 908
732 317 988 402 aasumensi}
1011 317 1125 389 Pansa

179 499 204 536 a.
212 487 269 537 519.
283 477 482 558 ordinatum,
506 494 566 539 nec
588 473 714 536 litteras
736 475 878 556 nostras,
903 494 981 556 quas
1004 494 1063 556 per
1085 493 1138 537 eos
1160 471 1352 559 nisinun),
1377 473 1455 540 fiisse
1469 499 1503 542 su

284 582 421 663 sceptas.
467 574 515 639 De
543 574 656 659 quibus
683 574 830 638 omnibus
858 573 905 638 ita
931 596 987 639 vos
1015 595 1111 661 agere
1139 574 1353 640 desideramus
1375 576 1503 659 imtanlcr,

283 685 320 745 ut
342 680 382 744 ad
403 701 462 744 nos
485 678 603 742 caritas
626 679 731 742 vestra
755 677 793 741 de
808 676 923 740 effectu
945 676 1040 761 hujus
1063 699 1179 743 carnae
1194 677 1301 743 valeat
1315 677 1371 742 sub
1384 679 1504 746 celeritate

283 781 467 847 rescribere.
512 779 598 844 Data
619 800 681 865 quo
702 801 800 864 supra
823 779 962 844 consule.

779 966 960 1069 Epistola
987 967 1065 1051 107.

143 1097 233 1162 aaa
246 1097 272 1150 ‹1-
348 1083 560 1190 flararsoso
583 1138 693 1205 papas
715 1120 758 1185 ao
781 1119 953 1187 rhomam
974 1122 1013 1187 a
1034 1121 1278 1188 plastarum
1301 1123 1465 1207 episcopa

160 1164 249 1220 3Dcc.

253 1168 261 1233 )
347 1264 385 1313 Ile
404 1279 489 1314 earum
506 1278 584 1312 caasa
601 1277 629 1312 se
646 1277 747 1326 semper
763 1262 896 1311 sollicitum
911 1261 993 1323 faisse
1010 1263 1118 1328 ejusque
1136 1278 1223 1312 earam
1241 1278 1323 1328 anper
1339 1263 1438 1314 lolam
1448 1272 1466 1314 sl

758 1348 884 1398 Dioscorc
903 1348 1080 1398 demandasse.

434 1479 642 1544 Hormisda
664 1479 832 1545 Thomas
855 1483 894 1544 et
915 1479 1150 1545 Nicostrato
1172 1480 1380 1566 episcopis.

369 1599 523 1664 Animum
535 1602 681 1664 nostrum
692 1622 751 1683 pro
762 1601 893 1686 negotio
904 1603 1010 1664 vestro
1020 1598 1158 1664 otiosum
1170 1603 1227 1665 aut
1238 1600 1376 1665 desidem
1385 1622 1440 1665 uon
1450 1603 1511 1685 pute

283 1704 340 1787 tis;
364 1725 440 1767 nam
461 1723 528 1766 non
551 1700 645 1765 aliter
667 1701 705 1765 de
721 1705 827 1768 vestra
841 1701 1036 1787 fatigatione
1051 1723 1148 1787 quam
1162 1702 1202 1767 de
1220 1702 1351 1787 propria
1365 1703 1511 1788 cogitamus

282 1807 379 1870 Mena
392 1804 548 1889 siquidem
562 1803 714 1868 ecclesiae
726 1798 855 1868 ndstrae
869 1804 996 1868 notario
1009 1804 1207 1888 insinuante,
1221 1806 1422 1890 cognovimns
1433 1808 1512 1870 ants

281 1911 347 1973 tem
359 1910 500 1972 vestram
512 1905 615 1970 adhuc
629 1905 888 1970 observationum
898 1906 1061 1971 molestias
1073 1907 1240 1971 sustinere.
1264 1906 1310 1972 Et
1322 1907 1390 1971 ideo
1399 1906 1513 1992 nt¹)istis

282 2009 526 2074 adversitatibus
541 2007 628 2072 Deus
651 2008 853 2092 omnipotens
876 2008 1027 2094 dignetur
1041 2011 1205 2092 praestare
1224 2008 1406 2093 remedium,
1425 2008 1513 2074 tanat

156 2138 199 2192 ap.
212 2128 268 2176 106.
282 2111 465 2178 lohannem
487 2110 620 2174 fratrem
642 2112 675 2174 et
697 2111 920 2195 coepiscopum
941 2115 1088 2176 nostrum
1109 2110 1232 2195 scripta
1252 2111 1429 2195 direximus,
1446 2133 1512 2196 quau

83 2210 86 2217 ’
155 2215 347 2294 cp.105.fili0
375 2216 485 2278 nostro
512 2212 666 2276 Dioscoro
694 2212 829 2278 diacono
860 2234 918 2298 per
948 2212 1074 2278 litteras
1107 2216 1235 2278 nostras
1267 2212 1464 2297 injunximus,
1489 2220 1512 2276 ul

281 2316 409 2381 domino
432 2318 465 2379 et
486 2314 552 2379 filio
574 2316 685 2379 nostro
706 2314 837 2380 Justino
864 2315 1003 2400 principi
1031 2315 1258 2380 necessitatem
1287 2320 1320 2380 et
1347 2337 1459 2380 causam
1479 2337 1512 2378 re

281 2421 367 2484 strae
382 2416 563 2482 dilectionis
578 2416 730 2499 insinuet,
755 2422 787 2482 et
801 2418 962 2483 instanter
977 2421 1064 2503 agat,
1086 2420 1245 2502 quatenus
1260 2417 1419 2483 desideriis
1431 2417 1510 2482 vasa

281 2519 428 2584 dominus
455 2521 565 2583 noster
592 2540 768 2604 congruum
802 2519 954 2605 dignetur
980 2523 1145 2605 praestare
1177 2519 1337 2585 effectum.
1382 2519 1449 2586 Cum
1468 2540 1510 2603 quo

281 2621 433 2686 Dioscoro
456 2620 591 2685 diacono
613 2620 708 2686 debet
728 2620 815 2705 loqui
836 2624 943 2686 vestra
963 2621 1161 2704 fraternitas,
1186 2622 1261 2707 quia
1283 2644 1408 2688 necesse
1425 2626 1470 2703 ast,
1486 2626 1510 2682 nt

280 2722 454 2788 intentioni
477 2727 601 2787 vestrae
623 2723 673 2788 vel
695 2724 815 2788 intuitu
838 2722 1014 2788 catholicae
1037 2724 1271 2789 communionis
1296 2725 1347 2791 rel
1372 2723 1508 2790 considera·

279 2826 367 2890 tione
389 2827 519 2890 nostrae
542 2825 775 2890 adhortationis
797 2827 934 2890 studeat.
978 2822 1065 2890 Data
1086 2847 1148 2911 quo
1171 2848 1270 2912 supra
1292 2827 1421 2894 consule.

768 3029 952 3132 Epistola
977 3029 1058 3114 108.

144 3161 265 3288 affigat
519 3181 659 3249 Justlni
680 3180 838 3266 Augusti
860 3183 903 3248 ad
925 3183 1153 3251 Hormisdam
1176 3202 1315 3270 papam.

312 3324 408 3374 Preces
425 3321 475 3373 sibi
491 3323 523 3372 ab
543 3321 713 3374 Orientalibus
729 3331 865 3388 porrectas
882 3325 1020 3389 siguificat,
1044 3327 1070 3375 ia
1092 3325 1182 3391 quibas
1204 3328 1243 3376 illl
1263 3329 1383 3393 quaeda
1403 3327 1430 3375 de
1444 3324 1483 3386 lde
1510 3317 1552 3382 l-ll

312 3409 453 3467 disserant,
478 3423 542 3473 qaae
559 3409 686 3458 Iliascaro
705 3424 755 3459 noa
772 3411 837 3460 satis
851 3409 1004 3473 probarum.
1040 3409 1179 3461 Mr'ssanan
1195 3427 1236 3471 se,
1262 3414 1306 3479 qui
1326 3428 1369 3464 eas
1387 3413 1419 3461 ad
1431 3409 1483 3460 aa

599 3495 703 3544 misdma
718 3495 792 3558 ferat
808 3502 834 3545 el
850 3510 999 3560 responsam
1016 3497 1097 3561 ipsius
1113 3497 1224 3557 referat.

429 3626 615 3692 Justinus
638 3628 845 3712 Augustus
868 3626 1102 3693 Hormisdae
1123 3649 1262 3713 papae.

362 3747 488 3822 Quanto
510 3745 684 3831 flagramus
707 3746 811 3811 studio
832 3769 891 3832 pro
914 3747 1101 3833 colligendis
1125 3748 1296 3814 concordia
1324 3742 1507 3814 sacratissimis

277 3848 435 3931 ecclesiis,
461 3848 649 3932 jamdudum
671 3870 730 3912 nos
751 3849 860 3933 palam
881 3848 994 3914 secisse
1020 3849 1236 3936 dignoscitur:
1265 3851 1320 3937 qui
1347 3852 1387 3917 ab
1410 3850 1509 3915 nemo

167 3969 262 4034 epea.
278 3952 388 4014 nostro
416 3950 550 4033 imperio
578 3950 828 4015 sanctitudinem
859 3954 997 4016 vestram
1025 3952 1260 4017 admonendam
1288 3954 1441 4038 duximus,
1468 3968 1511 4036 quo

278 4055 379 4115 certos
407 4050 576 4136 dirigeret,
610 4055 646 4116 ut
673 4052 857 4118 interventu
884 4075 992 4118 eorum
1019 4053 1194 4120 remedium
1222 4054 1350 4142 aliquod
1376 4054 1423 4122 his
1444 4052 1514 4120 rebus

277 4289 442 4344 alterutrum
455 4306 489 4344 ex
500 4288 554 4344 illis
567 4290 676 4345 duobus
689 4289 825 4361 episcopis
836 4289 882 4345 hic
893 4289 993 4345 notari.
1024 4289 1080 4346 Sed
1091 4307 1181 4361 neque
1192 4293 1374 4365 perspicuum
1384 4296 1436 4361 cst,
1451 4298 1522 4349 unua

275 4374 345 4428 illud
357 4396 373 4429 a
382 4380 470 4443 fratre
483 4386 508 4429 et
519 4381 671 4444 coepiscopo
684 4387 772 4431 nostra
783 4380 899 4431 lakanae
911 4376 947 4431 ad
958 4378 1076 4431 verbum
1093 4384 1209 4440 invasae.
1228 4395 1263 4434 an
1276 4379 1316 4436 ad
1327 4386 1466 4437 ora-as·
1473 4378 1526 4435 sele

275 4460 393 4515 rendum
405 4461 449 4526 sit,
468 4461 533 4516 licet
545 4459 593 4528 qni
604 4477 654 4515 nos
666 4462 878 4530 praecesserunt
889 4460 1009 4516 editores
1027 4461 1064 4517 ad
1080 4470 1184 4518 invasae
1196 4465 1305 4521 referre
1317 4481 1376 4522 noa
1388 4464 1529 4522 dabihuiul

342 4548 364 4614 ⁶)
381 4544 518 4601 Videlicet
534 4545 564 4598 in
581 4544 699 4615 epistola
716 4552 749 4600 92
768 4545 805 4601 ad
821 4545 924 4612 Elium,
943 4547 1080 4603 Thomam
1092 4549 1122 4603 et
1132 4547 1329 4605 Nicostratum
1341 4552 1448 4624 scripta
1456 4567 1533 4607 rasta·

276 4631 354 4685 sitas:
379 4648 448 4700 quas
463 4631 527 4685 ideo
546 4629 614 4685 dicit
633 4651 682 4699 per
700 4650 744 4686 eos
760 4635 861 4694 musas,
886 4632 952 4698 quia
973 4631 1013 4686 ibi
1031 4647 1128 4687 eorum
1149 4634 1295 4704 permittit
1318 4637 1453 4704 arbitrio,
1472 4650 1539 4693 dm

274 4735 324 4783 per
340 4735 395 4777 aaa,
419 4714 521 4784 inquit,
543 4735 588 4769 eas
606 4721 705 4785 eligatis
722 4721 831 4786 offerre,
856 4733 892 4771 an
908 4737 957 4786 per
973 4723 1054 4786 ipsam
1070 4724 1157 4788 patius
1176 4726 1352 4788 perluamus
1389 4723 1446 4780 Sed
1462 4727 1489 4780 et
1504 4739 1542 4778 eos

277 4800 404 4870 elegisse,
424 4801 455 4854 ut
471 4817 522 4870 per
539 4817 568 4855 se
585 4799 647 4855 illas
665 4800 808 4867 offerrent,
825 4800 890 4856 hinc
909 4800 1056 4871 colligitur.

278 4890 325 4938 107
362 4886 380 4952 ¹)
399 4883 448 4937 Ed.
468 4891 506 4947 ln,
525 4901 644 4955 mosque
662 4906 735 4956 qaam
753 4891 914 4943 dilectissimo
929 4893 983 4956 tilla
1054 4898 1158 4945 nostrae
1176 4893 1341 4949 dilectiam‘s.
