3450 5678
730 328 921 381 terraconae
945 319 1046 378 1-5,
1078 386 1081 390 ,
1481 320 1521 385 81

212 500 324 582 querit·
391 491 475 561 Quod
497 509 581 567 quum
600 493 637 549 ita
659 493 705 556 sit,
728 494 818 549 mirari
839 491 921 556 subit,
945 492 1018 549 unde
1039 494 1111 550 iuter
1125 492 1247 550 eruditos
1263 494 1296 550 de
1313 502 1442 569 tempore,
1466 515 1520 570 quo

219 583 309 647 habita
331 579 394 636 sit
412 595 532 653 sequens
547 578 679 652 synodus,
696 576 799 635 oboriri
814 579 935 652 potuerit
951 580 1146 636 controversia.
1177 579 1308 637 Baronius
1325 588 1413 639 tamen
1428 584 1521 640 Avieni

224 666 336 729 nomine
356 672 422 722 aut
435 665 530 721 nescio
545 680 598 738 qua
612 663 664 805 pia
677 662 859 738 praejudicata
875 664 1003 738 opinione
1014 662 1152 739 deceptus,
1169 665 1232 722 licet
1244 663 1372 722 l'austum
1389 668 1519 725 brienum

230 769 272 812 seu
282 750 461 814 seniorem,
484 765 566 823 quem
581 765 614 806 an
636 748 728 808 5501
746 749 823 805 lastis
838 748 1026 806 consularibus
1041 749 1206 824 adscriptum
1221 752 1353 825 agnoscit,
1370 750 1401 808 ab
1418 754 1518 810 Avieno

235 836 348 908 1551555,
369 836 428 910 qui
442 851 514 892 anno
526 833 588 893 502
604 832 775 891 consulatum
790 836 884 909 gessit,
899 833 1122 908 distinguendum
1134 851 1195 892 esse
1207 852 1262 893 non
1272 837 1434 911 ignorasset,
1451 838 1531 914 hanc·

239 915 380 994 synodum
404 919 439 977 ad
454 936 555 977 annum
570 918 632 979 502
653 918 758 984 retulit,
783 936 833 976 nec
856 921 932 976 aliam
953 918 985 976 ab
1006 936 1045 983 ea,
1069 937 1138 994 quac
1159 923 1219 997 ipso
1240 938 1310 978 anno
1331 921 1393 980 502
1415 940 1444 979 re
1460 924 1518 997 ipsa

244 1000 381 1061 celebrata
398 1004 644 1070 551551151155555
660 1013 763 1062 tantum
779 1003 900 1076 ejusdcm
915 1005 1048 1062 actionem
1062 1008 1176 1079 putavit.
1214 1005 1288 1064 llanc
1302 1008 1457 1082 opinionem
1472 1008 1519 1065 de·
1536 1056 1540 1060 .

246 1085 307 1143 tendi
322 1103 392 1148 non
406 1105 492 1167 posse
506 1091 604 1147 merito
619 1097 695 1147 ratus
706 1091 842 1147 Antonius
852 1089 951 1166 Pagius
963 1090 1137 1147 nihilominus
1152 1093 1305 1148 chronicam
1320 1100 1420 1156 notam,
1436 1111 1515 1169 quam
1615 1163 1619 1170 ι

175 1195 185 1202 ·
249 1177 425 1251 manuscripti
439 1192 506 1253 prae
526 1193 556 1233 se
572 1175 672 1240 ierunt,
695 1192 783 1233 veram
798 1183 889 1250 negat,
913 1183 941 1232 ct
960 1175 1011 1232 hac
1026 1192 1077 1231 una
1091 1178 1205 1243 ratione,
1227 1178 1301 1252 quod
1316 1178 1343 1234 in
1359 1177 1514 1250 Corbsjensi

249 1252 426 1326 desideratur,
448 1278 507 1319 eam
528 1263 556 1319 in
577 1262 676 1318 ceteris
691 1259 724 1317 ab
738 1261 864 1337 imperito
879 1260 970 1335 aliquo
985 1260 1101 1317 additam
1116 1279 1176 1319 esse
1190 1279 1242 1338 pro
1257 1271 1332 1320 certo
1347 1265 1434 1338 ponit.
1465 1265 1515 1321 Ve-

249 1355 300 1395 rum
319 1347 378 1402 cni
394 1364 448 1405 non
469 1346 497 1404 id
519 1345 642 1403 videatur
663 1345 695 1402 ab
715 1347 857 1421 aequitatis
878 1344 985 1421 legibus
1007 1344 1161 1412 abhorrere,
1183 1357 1213 1404 ut
1229 1347 1301 1422 quod
1322 1349 1471 1406 innumeris
1486 1351 1512 1407 iu

249 1433 437 1507 muscupm
452 1433 586 1507 scriptum
600 1438 652 1496 est,
674 1429 709 1489 ob
723 1430 751 1488 id
767 1448 850 1488 uuum
865 1431 925 1487 15151
945 1439 1084 1507 arguatur,
1106 1434 1167 1506 quia
1181 1435 1210 1490 15
1225 1450 1279 1490 uno
1295 1436 1513 1508 praetermissum

247 1507 349 1568 luent?
382 1517 464 1575 lanto
487 1525 578 1596 autem
599 1519 689 1574 minus
709 1518 829 1574 excusari
850 1524 943 1591 potest
964 1517 1004 1572 vir
1023 1526 1197 1584 memoratus,
1220 1518 1294 1593 qnod
1314 1520 1342 1576 in
1358 1518 1513 1590 Corbejensi

245 1591 353 1662 001119.
379 1619 453 1678 quern
467 1604 566 1661 ceteris
578 1601 706 1677 praefert.
722 1602 875 1660 chronicam
891 1609 983 1659 notam
997 1618 1012 1657 a
1026 1600 1135 1660 librario
1146 1621 1202 1661 non
1214 1612 1268 1661 tam
1283 1606 1416 1669 omissam.
1434 1623 1513 1680 quam
1540 1666 1544 1673 p

244 1688 269 1736 ut
281 1689 452 1746 concinnius
474 1695 503 1745 et
522 1688 675 1764 elegantius
695 1687 798 1745 exarari
812 1687 988 1762 postmodum
1002 1694 1097 1762 posset
1109 1687 1216 1746 ‹litatam
1232 1689 1323 1755 luisse,
1339 1691 1456 1765 spatium
1471 1709 1513 1748 rc·

240 1767 335 1824 11111111
363 1773 498 1831 manifeste
517 1772 626 1830 indicat.
666 1772 794 1841 Quocirca
814 1788 904 1847 neque
929 1772 1033 1830 felicius
1054 1775 1112 1847 ipse
1127 1774 1196 1831 hanc
1216 1775 1350 1850 synodum
1365 1775 1398 1831 ad
1413 1792 1510 1833 annum

240 1848 292 1910 503
307 1850 498 1916 diruendam
518 1857 672 1915 arbitratur.
709 1856 813 1915 inficias
829 1858 937 1933 quidem
955 1874 1009 1914 nou
1031 1859 1115 1924 ierim,
1138 1859 1210 1916 illam
1236 1863 1264 1917 in
1280 1862 1468 1936 manuscriptis
1486 1865 1510 1919 ei

240 1933 339 2006 subjici
363 1944 473 2019 synodo,
497 1960 565 2019 quae
587 1961 658 2000 anno
681 1942 743 2003 502
766 1943 853 2000 habita
872 1952 923 2000 est.
961 1942 1014 2000 Sed
1034 1943 1079 1999 ubi
1105 1944 1139 2001 de
1161 1953 1292 2020 tempore,
1313 1962 1368 2020 quo
1390 1947 1510 2020 synodus

240 2018 384 2086 elstrae
396 2039 446 2095 est,
468 2030 568 2105 agitur,
591 2027 624 2085 ad
643 2028 711 2086 illud
726 2037 802 2086 certo
823 2029 1037 2104 dignoscendum
1052 2028 1128 2086 valde
1141 2029 1201 2088 leve
1216 2039 1259 2088 551
1273 2040 1462 2106 argumentum
1477 2050 1510 2089 ex

241 2107 340 2167 551155
364 2132 438 2191 quem
453 2116 481 2172 iu
497 2114 633 2172 veteribus
649 2114 724 2172 libris
740 2122 828 2171 servat
842 2115 967 2189 petitum.
991 2113 1084 2188 Neque
1100 2117 1231 2190 gravioris
1246 2124 1289 2172 est
1304 2119 1433 2174 momenti
1444 2117 1510 2174 alte·

241 2210 298 2255 rum.
331 2200 412 2275 quod
432 2200 504 2258 idem
530 2201 570 2257 vir
591 2199 712 2257 eruditus
734 2216 767 2257 es
782 2200 921 2257 Victorino
942 2198 1102 2256 isidorianae
1124 2200 1292 2259 collectionis
1312 2203 1456 2277 exemplari
1477 2203 1509 2259 ab

243 2279 306 2339 anuis
341 2287 451 2343 circiter
470 2285 535 2345 400
555 2295 664 2344 exarato
686 2287 715 2342 in
730 2284 843 2361 gratiam
861 2286 995 2360 opinionis
1015 2301 1080 2341 suae
1102 2284 1224 2343 deducit:
1246 2286 1320 2362 quod
1336 2289 1463 2345 nimirum
1480 2290 1508 2345 iu

247 2370 369 2445 generali
388 2371 530 2429 titulorum
544 2371 641 2435 indice,
668 2387 749 2446 quem
764 2370 849 2428 codex
871 2370 918 2427 ille
934 2370 1120 2445 praesefert,
1140 2371 1261 2446 synodus
1281 2371 1332 2429 sub
1347 2373 1507 2447 Symmacho

248 2466 304 2512 551111
319 2453 390 2515 502
404 2461 499 2521 tertio,
515 2464 543 2513 ct
557 2457 624 2514 haec
638 2455 672 2513 de
688 2473 740 2531 qua
754 2473 827 2512 nunc
841 2457 945 2530 agimus
961 2463 1068 2530 quarto
1080 2464 1261 2531 nuncupetur.
1285 2457 1323 2514 lix
1335 2460 1395 2515 unis
1408 2460 1507 2534 quippe

251 2530 346 2617 pendet
367 2542 451 2600 titulis
465 2543 609 2617 antiquarii
629 2540 740 2599 arbitrio
761 2542 936 2607 concinnatis,
958 2543 986 2598 in
1007 2540 1105 2616 quibus
1125 2543 1248 2599 nonnihil
1266 2542 1316 2600 sibi
1330 2544 1411 2601 licere
1425 2546 1506 2619 periti

254 2624 415 2704 imperitique
429 2643 538 2703 semper
551 2629 747 2684 existimarunt.
775 2625 808 2683 Et
823 2643 887 2684 vero
903 2625 1052 2683 notandum
1067 2635 1117 2692 est,
1133 2627 1161 2684 in
1177 2627 1300 2686 omnibus
1315 2629 1505 2686 collectionum

258 2706 370 2770 hadriani
383 2721 463 2789 atque
476 2713 573 2771 lsidori
593 2711 787 2788 exemplaribus
808 2711 951 2788 synodum,
975 2711 1009 2768 de
1025 2729 1078 2786 qua
1098 2714 1212 2788 agimus,
1234 2724 1369 2789 quartam
1383 2715 1503 2772 inscribi.

261 2795 335 2864 Ouum
350 2807 435 2856 autem
455 2800 483 2855 in
503 2798 598 2856 iisdem
618 2797 814 2873 exemplaribus
836 2799 904 2855 banc
922 2797 1044 2873 proxime
1064 2798 1205 2856 antecedat
1221 2800 1341 2874 synodus
1356 2817 1427 2856 5555
1443 2800 1504 2858 502

264 2877 346 2946 habita,
364 2885 528 2959 antiquarios
548 2886 660 2941 incitare
681 2881 820 2941 videbatur
842 2884 885 2940 hic
906 2883 984 2947 ordo,
1007 2891 1038 2940 ut
1058 2899 1125 2948 eam,
1149 2901 1229 2959 quam
1245 2886 1285 2942 sie
1299 2885 1504 2942 antecedentem

268 2961 376 3034 51111151,
397 2975 512 3028 tertiam
531 2969 708 3045 appellarent.
743 2968 771 3025 Si
793 2976 882 3026 tamen
903 2985 965 3026 eum
986 2969 1111 3043 excipias,
1136 2970 1183 3043 qui
1198 2970 1363 3027 Victorinum
1383 2969 1502 3026 codicem

268 3052 392 3128 descripsit,
407 3056 491 3113 oetexi
506 3055 538 3112 ah
553 3056 603 3113 bae
617 3055 725 3112 lieentia
740 3054 791 3112 sibi
805 3061 1000 3129 temperarunt.
1036 3052 1118 3110 lmmo
1134 3070 1223 3128 neque
1244 3056 1272 3111 iu
1287 3055 1443 3112 Colbertiuo
1457 3072 1502 3110 su·

272 3136 343 3213 puin
356 3141 458 3198 laudato
478 3140 571 3198 codice
592 3138 713 3212 subjecta
733 3140 854 3215 synodus
877 3147 984 3214 quarta
1008 3145 1188 3213 nuncupatur.
1226 3139 1305 3196 Certe
1324 3139 1395 3214 apud
1415 3141 1502 3196 virum

271 3222 353 3281 5111555
370 3226 520 3284 studiosum
540 3226 628 3283 valere
649 3225 732 3301 louge
752 3226 864 3300 amplius
887 3223 980 3281 debuit
1000 3224 1150 3281 consularis
1166 3233 1229 3281 nota
1244 3227 1272 3281 iu
1287 3227 1347 3300 ipso
1363 3225 1500 3282 Victorino

271 3310 384 3384 exemplari
404 3311 631 3387 quemadmodum
655 3312 685 3367 in
713 3311 836 3368 omnibus
862 3311 920 3367 aliis
946 3327 995 3366 seu
1016 3308 1142 3365 lladriani
1164 3327 1213 3366 seu
1234 3310 1328 3367 isidori
1349 3312 1406 3367 sive
1421 3312 1500 3367 etiam
1524 3347 1531 3355 ·

269 3393 373 3467 s’rfltlaxx'
386 3396 540 3455 Collrertt'no
555 3395 682 3472 praelixa.
712 3395 854 3454 Praeterea
869 3396 994 3452 denotas
1010 3396 1090 3466 hujus
1103 3396 1214 3451 veritate
1229 3395 1365 3472 ambigere
1380 3414 1430 3453 nos
1445 3413 1501 3453 nou

266 3481 408 3540 mutuos
431 3482 594 3540 Theoderici
614 3484 688 3557 regis
711 3481 781 3538 inlra
801 3480 985 3554 subjiciendae
1004 3482 1210 3556 praeceptiones
1230 3481 1262 3537 ad
1284 3482 1403 3539 eamdem
1417 3499 1500 3556 syno-

264 3564 371 3636 tanim
383 3576 576 3644 congregatam
591 3567 676 3633 datae,
690 3584 802 3643 quarum
818 3569 902 3642 prima
917 3569 970 3625 sub
980 3569 1026 3625 die
1047 3568 1087 3625 Vl
1094 3568 1165 3624 ldae
1171 3569 1293 3641 Augusti
1306 3568 1387 3641 Ruso
1393 3568 1500 3642 Magno

258 3653 355 3710 locato
371 3655 475 3712 Avieno
498 3673 522 3712 o.
547 3669 573 3710 c.
596 3670 685 3724 cona,
713 3652 797 3709 altera
817 3655 869 3711 sub
890 3655 935 3711 dic
959 3652 1001 3710 Vl
1013 3654 1081 3710 Kal.
1104 3653 1263 3725 septembr.
1284 3655 1371 3726 Rufio
1392 3656 1499 3711 Avieno

254 3739 438 3797 1151151555.
458 3755 548 3810 cona,
575 3747 712 3814 postrema
732 3740 785 3795 sub
805 3740 850 3796 die
870 3739 939 3795 Kal.
965 3738 1079 3796 Octobr.
1111 3739 1316 3812 consignantur.
1347 3738 1380 3794 Et
1402 3756 1434 3795 ex
1452 3741 1499 3795 tri·

248 3823 313 3902 plici
324 3824 422 3900 55111551
435 3825 481 3882 1115
496 3832 561 3881 5515
576 3825 747 3899 perspicuum
763 3833 813 3889 est,
834 3823 977 3899 synodum,
997 3824 1031 3880 de
1058 3840 1109 3898 qua
1129 3821 1207 3879 nobis
1229 3839 1327 3887 sermo,
1349 3841 1420 3880 anno
1436 3824 1496 3882 501

244 3912 466 3986 anoelugnstum
481 3906 601 3967 mensem
622 3917 823 3985 congregatam,
847 3909 895 3966 sed
918 3917 1032 3984 propter
1053 3917 1225 3983 erumpentes
1248 3909 1380 3966 tumultus
1402 3909 1498 3966 identi-

241 3995 494 4060 demintermissam,
510 3995 543 4051 ad
558 4011 679 4053 mensem
695 3994 838 4060 Octobrem
854 4002 1026 4070 prorogatam
1037 3994 1130 4051 luisse.
1163 3993 1240 4062 Quod
1256 4002 1353 4058 autem.
1369 3996 1397 4051 in
1412 3996 1496 4069 ipsius
1535 4046 1546 4059 ,

236 4080 337 4159 synodi
351 4080 438 4139 fronte
453 4082 643 4156 praemittitur,
660 4097 717 4138 eam
732 4079 853 4152 ejusdem
868 4082 968 4138 mensis
984 4078 1024 4138 23
1046 4080 1089 4136 die
1109 4079 1152 4137 vel
1167 4088 1249 4144 certe,
1270 4081 1293 4136 51
1309 4082 1394 4155 magis
1409 4081 1497 4155 placet

232 4183 429 4249 perpaucorum
444 4168 690 4241 manuscriptorum
704 4166 800 4231 lectio.
812 4165 992 4223 lllovemhris
1007 4165 1050 4222 die
1066 4164 1214 4222 absolutam
1231 4166 1315 4222 luisse
1329 4182 1380 4223 nos
1392 4165 1480 4222 docet.

320 4252 350 4311 3.
377 4243 470 4327 licque
491 4251 533 4308 bis
554 4258 715 4327 repugnant.
737 4269 805 4326 quae
826 4251 986 4308 Theodorus
1003 4251 1090 4308 lector
1115 4260 1142 4307 et
1163 4268 1196 4307 ox
1211 4268 1244 4308 eo
1265 4251 1445 4326 Theophanes
1466 4269 1497 4307 55

227 4339 400 4415 Nicephorius
414 4337 515 4394 Callisti
530 4337 661 4402 scribunt,
676 4336 909 4412 perturbationem
924 4337 1048 4395 videlicet
1063 4353 1096 4393 ex
1111 4336 1210 4412 duplici
1218 4336 1368 4411 Symmachi
1383 4354 1414 4393 55
1428 4336 1495 4392 155-

224 4427 313 4487 rentii
328 4421 496 4481 ordinatione
511 4430 600 4479 natam
615 4422 647 4479 ad
664 4431 719 4479 tres
741 4440 824 4479 annos
839 4422 998 4498 productam
1014 4439 1082 4486 esse,
1098 4429 1145 4479 aut
1160 4421 1234 4486 illud,
1257 4421 1330 4497 quod
1346 4420 1413 4477 liber
1427 4438 1494 4494 pon·

222 4510 338 4573 sinatis
352 4526 402 4566 seu
417 4509 573 4566 Anastasius
589 4510 715 4584 vulgatus
737 4508 826 4572 tradit,
846 4516 912 4581 post
934 4515 1061 4584 quotuor
1075 4525 1168 4565 annos
1188 4527 1202 4562 a
1218 4507 1368 4582 Symmachi
1387 4505 1493 4561 ordina-

221 4603 314 4661 tione,
336 4593 479 4657 Laurentio
497 4593 571 4651 l'esti
591 4594 709 4651 15511555
725 4601 851 4650 revocato
872 4604 1051 4669 accuratoque
1066 4592 1235 4668 Symmacho,
1258 4591 1418 4648 celebratam
1434 4607 1494 4647 esse
1524 4613 1530 4630 ·

218 4681 373 4762 synodum,
390 4697 440 4754 qua
456 4678 631 4754 Symmachus
647 4697 661 4736 a
675 4681 785 4736 crimine
800 4687 933 4755 purgatus
954 4687 1005 4736 est.
1042 4679 1106 4735 llam
1122 4698 1136 4734 a
1152 4677 1191 4735 22
1208 4678 1251 4735 die
1266 4678 1364 4733 mensis
1380 4675 1494 4732 Novem-

216 4772 282 4830 tris
296 4765 453 4828 5551498,
474 4782 529 4841 quo
551 4765 691 4823 ordinatus
713 4764 838 4821 15555115
854 4782 929 4839 papa,
954 4765 987 4822 ad
1009 4765 1049 4822 23
1071 4765 1140 4821 dican
1163 4765 1262 4821 mensis
1284 4761 1408 4819 Octobris
1431 4764 1492 4818 anni

216 4855 297 4925 501,
318 4869 375 4928 quo
391 4850 513 4909 absoluta
529 4859 571 4908 est
587 4852 652 4908 baec
666 4851 797 4927 synodus,
818 4851 898 4908 simul
919 4859 946 4909 51
965 4853 1028 4909 5551
1044 4858 1104 4909 tres
1117 4867 1188 4925 pene
1204 4847 1292 4913 solidi,
1314 4856 1342 4904 et
1357 4855 1491 4923 quotuor,
