3450 5678
487 341 682 401 ammonas
706 331 894 390 109—111.
1267 323 1327 389 911

56 520 133 563 nem
155 500 251 582 atque
266 495 439 581 Eulogium
454 496 657 560 desiderabili
672 495 836 559 hilaritate
852 496 1063 578 suscepimus3
1086 515 1219 578 quoram
1239 495 1327 579 prius
1340 503 1452 569 (1510.)

56 602 281 686 praecepium,
311 620 367 663 cnr
389 621 470 683 quae
492 598 739 662 Thessalonicae
761 597 968 683 contigerunt
992 619 1058 660 non
1083 596 1326 680 insinuavimus,
1340 576 1434 639 ‘³9³⁷'

58 702 226 788 arguebat.
265 700 327 766 Sed
350 701 447 785 longe
470 704 545 765 ante
568 700 636 784 ejus
659 702 831 766 adventum
852 699 1019 763 occasione
1035 702 1218 782 comparata
1241 721 1329 764 eura-
1341 719 1384 774 ep.
1398 711 1453 759 100.

57 806 161 870 vimus
184 804 378 890 significare,
402 825 610 888 quaecunque
632 803 683 866 vel
704 825 831 867 rumore
852 801 1051 866 venientium
1072 801 1123 866 vel
1145 822 1254 865 eorum
1275 802 1329 887 qui

57 906 260 992 pertulerunt
288 906 432 989 scriptia,
468 927 602 988 quorum
631 904 859 990 exemplaria²)
890 904 1000 967 subter
1027 902 1246 988 adjunximus,
1279 905 1329 969 vel
1342 925 1385 978 ep.
1398 914 1454 963 102.

58 1008 196 1093 piissimi
217 1006 373 1092 principis
396 1009 581 1071 narratione
605 1007 825 1092 comperimus
866 1006 983 1072 Secuta
1005 1009 1054 1070 est
1075 1006 1236 1071 vindictae
1258 1029 1329 1091 pro·

57 1111 185 1175 missio:
208 1102 286 1175 adeo
309 1111 346 1174 ut
366 1108 548 1173 Dorotheus
571 1108 865 1174 Thessalonicensis
889 1108 1054 1192 episcopus
1077 1108 1117 1172 ad
1139 1107 1330 1174 Heracleam

58 1212 269 1277 deduceretur
291 1211 471 1294 civitatem,
496 1212 597 1276 donec
620 1234 714 1276 causa
736 1211 910 1275 terminum
931 1210 1095 1294 reperiret.
1139 1209 1229 1275 Inter
1250 1210 1330 1276 haec

58 1315 233 1380 secundum
255 1336 303 1396 ea,
328 1335 408 1397 quae
431 1315 650 1398 praecepistis,
676 1313 899 1378 auctoritatem
916 1312 1113 1396 apostolatus
1130 1314 1225 1378 vestri
1243 1315 1330 1398 prin-
1343 1316 1386 1369 ep.
1393 1306 1430 1421 2⁹⁷

59 1418 124 1502 cipi
146 1417 311 1482 insinuare
335 1417 512 1480 curavimus
519 1467 528 1499 ,
557 1419 594 1480 ut
617 1416 657 1481 ad
678 1414 918 1500 percipiendam
945 1414 1125 1479 doctrinam
1153 1415 1329 1481 catholicae
1356 1386 1381 1422 n‘
1412 1411 1417 1423 '

57 1519 210 1605 puritatis
232 1518 368 1583 Romam
389 1519 555 1603 praefatus
578 1517 759 1583 Dorotheus
783 1540 848 1582 una
877 1540 948 1582 oum
970 1516 1113 1581 Aristide
1134 1518 1327 1583 mitteretur.

59 1620 121 1698 Qui
154 1620 320 1705 respondit
349 1642 477 1684 cansam
509 1641 575 1684 non
609 1642 692 1702 esse,
727 1641 785 1704 pro
817 1642 880 1705 qua
913 1619 1048 1683 Romam
1081 1620 1328 1708 dirigerentur³)

59 1723 227 1806 audiendi,
264 1722 319 1787 ubi
356 1722 426 1786 sine
459 1724 679 1787 accusatorum
713 1721 929 1786 controversia
966 1744 999 1786 se
1032 1726 1163 1807 possent
1198 1723 1329 1788 liberius

60 1847 223 1891 excusare.
261 1823 324 1890 Sed
338 1828 481 1909 repente,
505 1824 580 1888 dum
595 1823 675 1888 haec
690 1827 857 1909 geruntur,
881 1823 922 1887 ab
936 1823 1148 1908 Heracliensi,
1173 1829 1329 1909 quantum

59 1928 260 2013 agnovimus,
284 1928 319 1991 in
342 1950 405 2012 qua
420 1928 599 2009 tenebatur,
624 1927 772 1990 dimissus
788 1930 837 1990 est
853 1925 997 1991 civitate:
1021 1948 1117 2012 quam
1131 1927 1172 1991 ob
1188 1950 1326 2014 causam,

59 2030 109 2095 vel
132 2052 194 2114 qua
216 2030 341 2094 ratione
364 2033 421 2093 aut
444 2029 637 2112 conditione,
662 2029 711 2092 vel
733 2029 846 2114 quibus
869 2029 1050 2113 agentibus,
1073 2030 1270 2115 ignoramus.

144 2134 175 2195 2.
209 2130 258 2195 De
280 2132 425 2216 paschali
448 2131 498 2194 dic
521 2134 627 2195 vestra
641 2131 804 2195 beatitudo
820 2133 994 2216 cognoscat
1009 2133 1200 2196 concordare
1216 2133 1328 2198 Orien-

58 2234 174 2298 talium
198 2255 269 2298 oum
285 2234 461 2317 apostolica
476 2233 551 2297 sede
567 2233 772 2317 sententiam,
796 2226 832 2297 ut
846 2232 926 2298 XIII
942 2232 1154 2298 Calendarum
1169 2234 1328 2320 Majarum

59 2336 110 2400 die
132 2336 294 2400 festivitas
318 2335 508 2400 celebranda
530 2339 685 2419 speretur,
712 2336 795 2399 sicut
816 2335 976 2400 Johannis
999 2357 1123 2420 quoque
1145 2335 1328 2403 Constanti-

58 2437 239 2522 nopolitani
262 2438 418 2502 antistitis
440 2438 596 2502 relatione
620 2437 762 2502 clarebit.
808 2437 970 2522 Superest,
995 2442 1031 2501 ut
1052 2439 1206 2503 orationis
1227 2440 1328 2505 beati·
1342 2478 1384 2531 ep,
1397 2468 1452 2517 109.

59 2540 181 2604 tudinis
204 2545 328 2605 vestrae
351 2539 542 2604 adminiculo
567 2540 720 2622 celeriter,
745 2540 829 2604 siout
844 2540 998 2624 cupimus,
1022 2541 1135 2605 vestris
1151 2564 1329 2608 mereamur

58 2643 261 2729 praesentari
282 2642 438 2727 vestigiis.

560 2813 739 2916 Epistola
767 2814 826 2896 111

669 2949 717 2986 8611

192 3018 406 3103 suggeram)
428 3025 583 3084 Bloscori
604 3026 740 3083 diaconi
760 3026 805 3082 ad
826 3026 1042 3083 Hormisdam
1063 3041 1194 3096 papam.
1339 3026 1455 3082 atsod
1555 3018 1559 3026 '

93 3158 232 3210 dotcrinam
250 3159 555 3224 constantinopolitanum
577 3160 713 3208 antistitem
740 3174 776 3208 ex
801 3158 849 3207 lucc
870 3160 921 3208 vita
944 3160 1091 3210 discessisse
1113 3161 1219 3226 ejusque
1240 3163 1296 3212 loca
1340 3096 1465 3219 211181

506 3246 610 3294 electam
628 3259 683 3293 esse
702 3243 881 3308 Epiphaniam.
1346 3232 1461 3303 taprit.

144 3376 227 3442 Erat
248 3377 389 3462 optabile
413 3381 445 3441 et
466 3381 541 3441 voto
556 3380 666 3441 nostro
690 3377 893 3460 conveniens,
919 3378 1130 3442 consonantia
1144 3380 1327 3462 praeteritis

58 3546 154 3617 perior
171 3554 212 3613 at,
231 3548 319 3602 altera
336 3565 387 3618 per
404 3546 561 3616 Eulogium,
579 3564 650 3615 quae
669 3547 760 3602 adh'ue
771 3546 849 3613 latet,
867 3547 1036 3602 transmissa.
1066 3547 1108 3602 De
1121 3548 1173 3603 hac
1184 3551 1328 3619 postrema

58 3632 136 3702 loqui
154 3632 265 3687 videtur
282 3632 423 3687 lohannes
445 3631 474 3685 in
491 3631 620 3703 proxima
642 3631 762 3702 epistola
780 3639 827 3686 109
845 3651 871 3686 11.
890 3640 920 3700 2,
941 3632 990 3687 ubi
1007 3632 1169 3689 Dominicae
1191 3635 1327 3705 passionis

59 3717 146 3784 (111111,
164 3717 213 3786 qui
224 3717 253 3770 in
270 3717 357 3788 ipsius
370 3717 535 3772 Hormisdae
547 3717 648 3772 11111111
661 3718 829 3785 continetur,
847 3721 923 3772 recte
936 3717 1057 3773 adscribi
1070 3720 1229 3789 respondet.
1248 3721 1325 3778 Conf.

58 3804 117 3857 not.
137 3802 217 3872 epist.
236 3803 331 3856 Horm.
351 3818 406 3855 non
425 3804 542 3856 exstant.
563 3823 588 3856 11.
607 3803 718 3857 XXVII.

128 3890 149 3956 ²)
167 3887 266 3941 111111.
294 3886 483 3955 Ed.eaempta.
513 3888 554 3941 Ex
572 3888 615 3941 his
634 3906 717 3941 unum
735 3882 771 3943 ad
789 3905 839 3943 nos
856 3888 995 3958 pervenit,
1015 3888 1071 3943 scil.
1085 3890 1204 3960 epistola
1217 3899 1265 3946 102
1278 3909 1327 3947 seu

58 3972 195 4027 Indiculus
213 3990 231 4027 1
247 3972 374 4027 Johanne
393 3971 522 4042 episcopo
546 3974 574 4027 ct
591 3972 748 4043 Epiphanio
766 3973 930 4043 presbytero
949 3973 1082 4040 directus,
1106 3975 1154 4045 qui
1171 3992 1202 4031 re
1219 3977 1281 4047 ipsa
1298 3978 1327 4031 in

58 4057 195 4114 Vaticano
214 4057 366 4127 exemplari
385 4057 519 4127 epistolae
537 4057 600 4113 huic
618 4058 757 4113 subnectit
793 4103 797 4112 .

127 4146 147 4212 1)
167 4143 201 4198 (1ί
221 4149 403 4212 dehpermtur,
427 4141 469 4196 ed.
490 4149 680 4213 dcleparentur.
709 4143 826 4212 Propius
844 4143 1108 4214 abestaprimtteva
1124 4145 1244 4202 lectione
1263 4154 1325 4202 diri-

55 4239 189 4300 pereatar.
229 4228 292 4298 Ipse
310 4227 460 4282 Hormisda
478 4227 558 4298 epist.
578 4237 609 4284 et
628 4249 653 4283 n.
674 4237 688 4282 ‘t
707 4227 872 4298 petitionem
896 4245 987 4296 suam,
1010 4229 1047 4284 ad
1070 4249 1154 4300 quam
1176 4232 1222 4288 hic
1243 4232 1328 4303 respi-

59 4314 144 4382 citur,
163 4313 261 4368 codem
279 4314 366 4368 verbo
385 4312 423 4367 sic
441 4311 582 4383 exprimit:
602 4326 628 4367 ut
650 4318 880 4369 Thessalonicensis
897 4321 1004 4370 arrttstes
1022 4337 1038 4369 a
1054 4322 1172 4386 principe
1190 4328 1216 4372 ta
1236 4323 1328 4373 Urbem

59 4406 183 4461 directus,
203 4404 233 4453 ab
252 4405 395 4467 apostolica
411 4405 541 4467 percipiat
557 4405 618 4453 sede
637 4405 785 4457 doctrinam,
821 4399 928 4454 Notatu
946 4399 1062 4470 dignum
1080 4401 1181 4468 estid,
1199 4403 1275 4472 quod
1292 4403 1327 4458 de

57 4483 240 4555 percipienda
263 4484 389 4539 doctrina
410 4483 560 4538 Hormisda
582 4482 702 4552 dixerat,
730 4484 763 4539 de
782 4485 925 4539 subeundo
943 4485 1049 4554 judicio
1073 4505 1090 4541 a
1112 4487 1220 4541 Iustino
1244 4488 1328 4558 expli·

59 4571 125 4624 cari.
161 4570 265 4625 Verum
285 4587 379 4637 causa,
399 4587 447 4623 cur
464 4569 509 4623 hic
527 4570 655 4640 princeps
673 4571 845 4624 Dorotheum
864 4589 927 4625 cum
939 4571 1061 4625 Aristide
1079 4573 1198 4626 Romam
1215 4572 1328 4628 mittere

58 4654 164 4723 renuit,
184 4672 217 4710 ea
233 4655 296 4726 ipsa
314 4658 363 4710 aut
380 4656 438 4710 fere
456 4654 517 4724 ipsa
534 4656 589 4723 est,
608 4655 643 4710 ob
662 4673 759 4725 quam,
777 4659 809 4708 ut
821 4654 998 4710 Constantius
1016 4655 1045 4709 in
1063 4656 1216 4711 Innocentii
1229 4658 1329 4728 episto-

59 4740 222 4796 1111141111.
241 4764 254 4795 c
273 4741 410 4810 exposuit,
435 4740 583 4810 peregrina
602 4740 709 4809 judicia
727 4741 853 4811 pluribus
871 4757 1008 4796 canonum
1025 4741 1142 4796 decretis
1160 4742 1329 4813 principum-

59 4843 113 4893 quc
131 4826 228 4881 edictis
246 4825 436 4896 prohibentur.

60 4918 108 4965 111
147 4915 165 4980 ¹)
185 4912 368 4981 Theophanes
385 4930 451 4981 pag.
473 4918 519 4965 tta
539 4912 592 4980 (ed.
612 4915 698 4967 Bonn.
717 4929 744 4983 p.
765 4918 825 4984 256)
843 4911 1030 4984 Epiphanium
1049 4930 1122 4968 1111110
1140 4914 1329 4970 1201111111-
