3412 5664
678 323 875 375 nrrsronsn
898 315 928 374 3.
952 316 984 374 4.
1422 320 1482 388 183

208 503 329 566 rapere
348 479 570 564 nequiverrmt,
593 478 635 544 ab
656 478 790 543 humani
814 483 990 545 conventus
1012 480 1151 546 abducta
1174 484 1326 569 pernicie,
1350 486 1384 550 in
1400 488 1482 552 viru·
1496 505 1587 556 anso.

213 583 332 650 lentina
351 603 426 647 suae
448 602 593 668 congrua
607 581 779 648 solitudine
796 583 1038 649 contabescant.
1070 583 1138 660 Quo
1153 586 1257 671 magis
1274 588 1361 669 ac¹⁵l
1376 590 1482 673 magis

221 687 364 774 pietatem
389 687 479 750 tinam
505 684 593 750 beati
620 684 710 750 Petri
744 684 881 770 apostoli
908 707 1000 769 voce,
1035 685 1264 772 qualiscunque
1299 690 1382 755 sedis
1413 692 1481 774 ejus

225 788 368 872 minister,
389 786 545 871 obtestor,
568 789 605 851 ut
619 787 767 853 inimicos
784 788 936 873 antiquae
951 788 1026 852 fidei
1048 811 1113 853 non
1129 790 1217 854 sinas
1239 790 1370 877 impune
1392 815 1481 878 gras-

227 893 285 976 sari,
315 889 367 975 qui
392 891 518 956 vestros
546 890 667 974 optatis
694 890 802 955 hostes
824 890 942 957 habers
969 891 1146 975 subjectos:
1174 896 1211 956 ut
1237 915 1331 958 verae
1359 896 1481 960 confes-

227 995 312 1062 sionis
331 1013 445 1079 pacem
467 994 600 1057 cunctas
615 991 746 1057 Domini
768 1014 895 1058 servare
917 993 1097 1059 decernatis
1118 994 1279 1079 ecclesias,
1303 997 1357 1082 qui
1372 999 1481 1063 orbem

227 1096 311 1164 rastri
335 1093 462 1180 imperii
489 1093 677 1160 desideratis
699 1098 809 1160 tenero
831 1100 992 1182 pacatum,
1024 1101 1056 1162 et
1082 1097 1211 1162 unicam
1239 1120 1329 1183 spem
1356 1100 1479 1185 salutis,

226 1221 293 1284 quaa
321 1219 421 1283 genus
449 1196 616 1263 hominum
643 1196 684 1261 ad
711 1219 814 1284 regna
842 1199 993 1264 coelestia
1019 1199 1181 1285 vitamque
1204 1200 1351 1285 perducit
1380 1206 1480 1268 aeter·

224 1322 298 1386 mm,
326 1299 413 1367 nulla
440 1299 611 1385 patiamini
638 1303 731 1386 parte
759 1301 882 1384 violari,
917 1302 971 1387 qui
993 1303 1156 1386 placatum
1177 1302 1282 1368 Deum
1306 1304 1357 1369 vel
1379 1326 1481 1391 regno
1512 1353 1517 1357 -

171 1436 176 1455 ·
223 1408 319 1470 ran-o
347 1402 464 1488 cupitis
492 1401 547 1467 'vel
585 1403 692 1469 saluti.
742 1403 828 1468 Data
865 1406 979 1488 quarto
1013 1404 1088 1470 idus
1114 1404 1287 1471 lanuarias
1324 1405 1480 1472 Basilisco

222 1504 403 1593 ingusto¹⁸l
427 1504 568 1572 consuls.
676 1556 684 1566 .

720 1693 903 1798 Epistola
927 1696 962 1779 4.

337 1842 514 1952 simplicii
536 1864 648 1932 papae
670 1847 714 1914 ad
736 1847 968 1932 presbyteros
990 1850 1028 1915 et
1050 1849 1354 1917 archimandritas
1491 1832 1613 1954 81·ιῆθέ

461 1952 465 1959 ’
629 1949 1056 2034 constantinopolitanos.

168 2083 198 2132 -t
228 2090 383 2143 Homine
400 2090 623 2157 contantinopoli
638 2093 788 2142 constitutos
806 2093 952 2142 consolatur
969 2088 1113 2156 Simplicius
1135 2109 1166 2142 ac
1189 2093 1276 2155 docet,
1298 2095 1374 2156 tidem
1397 2101 1446 2143 lom

223 2177 350 2240 pir-niter
365 2192 420 2228 esse
437 2176 585 2235 stabilitam,
613 2183 641 2225 ut
658 2176 780 2226 aduersus
801 2175 923 2227 Timothei
944 2178 1085 2227 molitiones
1102 2178 1246 2228 constantia
1264 2181 1379 2242 opressit
1396 2195 1446 2229 non

167 2300 170 2308 .
224 2263 409 2321 conatusne,
428 2262 536 2328 ideoque
554 2265 651 2327 lepaics
670 2278 686 2311 a
703 2277 731 2311 se
749 2269 776 2311 ul
793 2261 928 2326 cupiebant
951 2278 1000 2312 non
1023 2263 1094 2312 mitti.
1138 2262 1288 2313 &ululatur
1310 2264 1354 2321 iis,
1379 2265 1448 2329 priori

225 2346 354 2409 spuma
370 2361 453 2414 epm
468 2346 567 2398 Acturo
591 2347 721 2398 ecclesium
744 2347 852 2398 introire
876 2363 925 2398 ιιοιι
947 2347 1018 2397 licuit
1044 2347 1151 2414 birroque
1171 2350 1280 2412 sasima,
1304 2354 1331 2398 ui
1349 2350 1390 2399 ille
1407 2353 1448 2399 sai

256 2432 363 2485 tiniec
377 2432 462 2485 adbuc
475 2433 589 2498 forsitan
606 2435 715 2484 [eunies
732 2432 880 2497 publicarit.
916 2432 1010 2483 Aeacii
1027 2433 1134 2500 denique
1152 2435 1278 2485 silentium
1296 2442 1413 2488 excusat.

361 2565 595 2652 Simplicius
637 2565 846 2651 episcopus
889 2566 1144 2651 presbyteris
1182 2569 1219 2631 et
1255 2567 1479 2632 archiman-

452 2667 605 2754 dritis¹)
629 2667 730 2753 apud
754 2668 1157 2753 Constantinopolim
1180 2670 1429 2737 constitutis.

309 2787 331 2850 1.
368 2787 430 2854 Per
450 2788 553 2853 filium
574 2790 720 2853 nostrum
740 2787 934 2852 laudabilem
957 2787 1061 2852 virum
1084 2787 1304 2872 Epiphaniam
1327 2788 1444 2853 litteris
1452 2790 1478 2874 ²)

214 2884 338 2954 limae
357 2888 537 2958 dilectionis
558 2890 659 2955 serius
681 2912 777 2976 quam
799 2890 944 2955 voluistis
967 2890 1119 2975 acceptis,
1148 2911 1268 2975 magno
1296 2912 1403 2954 sumus
1427 2890 1479 2954 do·

284 3089 316 3158 ¹⁵)
330 3096 371 3153 ua
386 3095 422 3152 G¹
435 3097 480 3151 θ’.
515 3093 591 3149 Editi
609 3092 742 3149 omittunt
759 3117 790 3149 ac
808 3101 887 3164 mupie
903 3099 1023 3164 pietatem
1042 3105 1108 3147 ιιιαιιι
1125 3094 1155 3148 ct
1172 3107 1236 3146 mox
1253 3097 1347 3148 hostes.

283 3173 314 3243 “l
329 3178 420 3237 binius
437 3183 502 3252 post
519 3179 670 3236 Baronium
688 3180 742 3236 huc
759 3180 890 3252 mendose
913 3177 1056 3248 irrepsisse
1075 3176 1217 3232 existimat
1229 3182 1344 3248 Arrprnic
1362 3180 1478 3247 pro'Ar-

216 3263 296 3318 ωε
310 3260 449 3323 wd‘nulla
464 3282 578 3339 prorsus
595 3264 712 3332 ratione,
730 3283 815 3334 quum
829 3282 862 3319 ex
874 3263 1027 3319 Marcellini
1040 3263 1170 3318 chronico
1183 3264 1299 3331 constet,
1316 3262 1479 3318 Basiliscum

216 3353 286 3396 Μ
301 3355 351 3410 lio
366 3352 557 3410 mancatum
575 3351 775 3423 imperatorem
792 3349 885 3406 fuisse.
918 3349 968 3405 Cui
991 3348 1121 3405 chronico
1139 3365 1194 3404 non
1213 3348 1302 3404 solum
1320 3347 1364 3404 hic
1382 3348 1479 3404 suffra-

216 3423 295 3492 sstur
317 3439 485 3514 simplicius,
508 3437 557 3493 scu
580 3438 610 3492 a
630 3435 658 3490 n
677 3436 826 3506 epistolas
844 3436 923 3490 inno
943 3435 1071 3490 Octobris
1088 3433 1153 3489 anni
1171 3439 1220 3488 ιιι
1239 3433 1356 3504 scripta,
1378 3433 1426 3488 uui
1444 3434 1478 3489 se

216 3507 343 3584 Bm‘isco
363 3529 395 3583 ut
411 3525 473 3596 nm
499 3523 612 3595 expnn
639 3521 770 3592 loquitur.
812 3519 921 3592 Quippe
943 3519 1080 3590 stagnus
1096 3519 1122 3574 n.
1137 3536 1161 3574 e.
1184 3519 1259 3586 nus
1283 3535 1347 3574 eum
1368 3518 1478 3589 punam

217 3596 309 3672 wli,
330 3630 412 3682 quum
426 3611 488 3681 jam
505 3608 618 3665 biennio
636 3609 788 3677 regnasset.
824 3606 922 3675 Neque
945 3621 1011 3661 vero
1034 3623 1135 3659 novum
1158 3606 1187 3659 ct
1209 3605 1348 3659 insuetum
1372 3605 1427 3670 est,
1450 3604 1477 3658 in

218 3684 359 3753 l⁰l¹ilfieiis
375 3695 500 3769 epistolis
518 3694 632 3751 alterius
651 3693 769 3748 consulis
787 3709 888 3747 nomen
907 3690 1012 3758 omitti;
1030 3689 1180 3761 imperanti
1198 3692 1292 3744 autem
1311 3689 1414 3744 consuli
1425 3694 1478 3743 Aa·

217 3774 275 3835 Μ’
291 3776 408 3839 lituum
432 3781 515 3851 adiici
533 3778 703 3836 consuetudo
722 3776 862 3848 exigebat.
903 3777 945 3830 De
962 3775 1045 3845 hujus
1063 3775 1218 3845 tyrannidis
1235 3776 1362 3845 tompore
1380 3776 1477 3845 utpote

219 3846 252 3906 *l
264 3870 340 3921 *nno
356 3874 405 3925 lit
427 3883 513 3936 usqne
531 3865 568 3921 sd
584 3865 748 3935 vergentem
767 3881 869 3919 annum
884 3868 933 3917 476
950 3861 1080 3933 ponendo
1099 3860 1276 3915 conferantur
1295 3859 1388 3928 etiam,
1406 3879 1477 3930 quae

220 3933 377 4010 ‘'fflssimus
392 3952 506 4009 Roscius
527 3951 607 4006 inser.
627 3949 721 4006 christ.
734 3949 800 4003 urb.
819 3949 925 4002 Romae
943 3947 1037 4001 toml
1055 3963 1120 4016 pag.
1134 3949 1184 4001 382
1196 3962 1253 4012 seq.
1279 3944 1315 3999 ad
1333 3944 1414 4000 iuscr.
1427 3950 1477 4000 863

219 4021 355 4094 '‘ifisslme
374 4038 507 4110 disputat.
545 4038 697 4093 Praeterea
713 4034 741 4089 in
763 4033 894 4088 chronica
915 4034 995 4097 nota,
1022 4032 1053 4085 ut
1066 4032 1127 4101 jam
1144 4029 1296 4085 Bollandus
1314 4030 1476 4101 suspicatus,

219 4109 278 4181 Fid
298 4123 338 4178 sd
353 4141 377 4180 a.
389 4129 439 4179 tlt
455 4141 482 4178 n.
494 4127 525 4177 lt
544 4121 694 4192 legendum
706 4119 795 4175 voluit
806 4123 855 4173 IV
864 4122 952 4173 Νοιιιιι
963 4122 1062 4181 lunius,
1081 4116 1152 4171 sicut
1170 4115 1198 4169 in
1211 4115 1357 4185 epistolas
1378 4120 1405 4168 V
1414 4120 1478 4170 Idus

220 4202 303 4254 Μ’
322 4210 349 4264 et
363 4210 393 4266 in
410 4208 519 4279 episto
536 4211 588 4263 111
605 4211 670 4262 Ιιίιιι
687 4209 785 4262 lunias.
821 4203 880 4260 Neo
897 4206 992 4258 tamen
1015 4204 1046 4257 ut
1069 4201 1194 4258 codicum
1217 4200 1300 4255 fidem
1319 4201 1477 4257 deseramus

221 4292 378 4365 madere
434 4293 495 4350 tuit

287 4370 306 4439 'l
323 4378 355 4434 lis
371 4310 510 4446 nillum,
529 4378 564 4434 dc
583 4376 684 4446 quibus
702 4375 859 4448 Simplicius
877 4374 905 4429 in
924 4373 1090 4446 epistolae2
1114 4370 1228 4427 exordio
1250 4370 1331 4425 dixit:
1356 4374 1478 4436 Quantum

223 4456 416 4545 petiturum
438 4474 465 4519 ei
486 4484 522 4519 ex
544 4469 653 4519 diversis
674 4468 835 4517 monasteriis
854 4466 959 4517 Domino
976 4463 1135 4514 seruientium
1156 4461 1332 4512 monachorum
1353 4461 1477 4510 relatione

227 4547 430 4634 pittacium,
448 4548 523 4605 etin
541 4549 652 4619 epist.3
671 4566 696 4603 n.
711 4555 739 4603 2:
757 4554 823 4602 sicul
841 4553 866 4600 in
883 4566 961 4601 meum
979 4550 1091 4600 notitiam
1102 4550 1251 4613 ferventium
1267 4563 1317 4610 pro
1326 4546 1379 4616 lide
1391 4545 1477 4597 cntio-
1581 4547 1587 4553 “

226 4652 275 4706 pira
291 4637 419 4691 diducat
434 4642 534 4705 scripto
551 4638 733 4690 monasterum.
764 4632 844 4687 Unde
862 4631 940 4700 sequi
961 4630 1078 4696 videtur,
1097 4631 1198 4684 utnon
1220 4627 1382 4682 elericorum
1396 4625 1477 4680 simul

225 4736 254 4792 et
273 4721 456 4777 nonachorum
473 4720 578 4792 scripta
595 4721 652 4775 sint
669 4719 760 4785 missa,
782 4718 832 4773 scd
850 4733 968 4771 unorum
985 4715 1192 4780 monachorum,
1216 4725 1333 4783 quorum
1353 4711 1477 4766 uomrulli

222 4803 366 4896 fflbytcri
384 4808 414 4862 et
429 4806 664 4863 archimadritae
682 4803 792 4870 inerint,
811 4805 839 4858 et
857 4802 957 4872 quibus
974 4819 1047 4856 nunc
1064 4800 1221 4872 Simplicius
1239 4796 1374 4853 rescribit.
1405 4796 1476 4864 Quo-

219 4904 292 4967 cira
307 4891 328 4945 ri
343 4892 435 4949 clerici
452 4910 469 4949 a
486 4891 628 4949 monachis
645 4890 865 4960 distinguantur,
891 4887 981 4943 minus
998 4887 1091 4958 placet
1113 4886 1182 4942 haec
1204 4901 1312 4940 summa
1334 4882 1398 4938 huic
1420 4880 1477 4953 epi·
