3450 5678
654 330 825 379 sr1ssonn
849 320 899 379 26.
1028 272 1036 295 ι
1347 322 1410 386 399
1469 400 1474 407 .

129 483 314 569 quaeritur,
334 482 405 568 jam
422 483 545 569 judicio
567 505 633 548 nou
655 487 726 548 erat
747 506 841 569 opus,
871 487 1081 569 posteaquam
1103 488 1137 551 et
1158 487 1275 553 litteris
1297 491 1411 576 suis⁴⁰)
1424 506 1518 556 anm.

119 579 200 667 ipse
232 585 398 652 confessus
426 590 491 672 est,
520 590 554 651 et
582 586 763 672 legitimum
781 586 940 670 judicium
961 592 1093 654 vocatus
1122 590 1210 655 adire
1232 593 1408 675 pertimuit.

116 681 151 747 Si
179 688 394 753 auctoritatis
417 689 542 774 pondua
564 689 748 775 inquiritur,
773 687 1043 756 Calchedonensis
1069 693 1182 777 synodi
1205 697 1308 779 tenor,
1339 717 1410 760 cum
1516 688 1520 696 ’

110 791 313 870 apostolica
334 790 409 856 sede
433 793 649 877 consentiens,
674 794 706 856 et
727 791 813 855 illius
835 791 1033 858 definitionis
1055 795 1216 860 exsecutio
1238 797 1407 881 reperitur,

107 892 245 981 quon)
268 893 414 959 damnati
436 894 503 959 illic
530 895 646 961 erroris
675 895 926 969 communicator
947 896 1100 982 effectus,
1129 899 1272 982 praefixa
1294 900 1409 966 nihilo

62 1014 72 1021 ·
104 991 241 1063 minus
263 996 383 1063 ibidem
411 997 573 1082 particeps
601 997 817 1061 damnationis
846 999 1010 1084 apparuit:
1044 999 1195 1084 quoniam
1222 1001 1308 1066 idem
1340 1003 1409 1087 ipse

102 1110 239 1184 error,
268 1099 323 1186 qui
345 1101 441 1164 semel
466 1102 516 1165 est
538 1122 609 1165 cum
637 1121 695 1164 suo
722 1104 851 1165 auctore
874 1101 1061 1185 damnatus,
1095 1103 1130 1167 in
1152 1104 1311 1189 participe
1333 1128 1409 1191 quo·

98 1190 208 1264 libes
246 1223 367 1288 pravae
399 1203 631 1267 communionis
665 1202 777 1266 effecto
810 1207 843 1268 et
870 1205 1121 1269 exsecrationem
1153 1206 1202 1270 sui
1234 1210 1344 1290 gestat
1375 1211 1409 1273 et

93 1312 283 1376 poenam.
328 1304 399 1370 Hoc
420 1309 532 1370 tenore
554 1306 652 1370 etiam
674 1305 861 1372 Timotheus
884 1307 1020 1371 Aelurus
1054 1310 1149 1392 atque
1176 1309 1245 1392 ipse
1268 1309 1408 1375 Alexan-

90 1395 245 1473 drinus
273 1407 404 1492 Petrus,
439 1408 494 1493 qui
521 1408 694 1473 secundam
722 1412 808 1474 certe
822 1392 942 1473 'sedem
970 1410 1408 1497 quoquomod0⁴²)'tenuisse

54 1595 57 1600 ⁴
87 1500 345 1595 videbantur,
380 1533 446 1576 non
473 1511 612 1595 repetita
639 1511 760 1595 synodo
788 1511 843 1575 sed
866 1511 1057 1576 auctoritate
1079 1514 1300 1579 tantummodo
1322 1515 1407 1579 sedis

80 1614 341 1698 apostaticae,
365 1614 571 1698 ipsoquoque
586 1613 707 1679 Acacio
729 1614 914 1697 postulante
936 1614 986 1678 vel
1001 1618 1205 1700 exsequente,
1230 1617 1408 1699 probantur

75 1721 190 1793 ³⁸⁸0,
225 1717 382 1782 damnati.

213 1821 250 1885 5.
287 1817 432 1903 Nunc⁴³)
454 1822 562 1883 autem
585 1819 647 1903 ipsi
669 1819 816 1902 doceant,
849 1818 980 1884 Petrum
1002 1818 1146 1905 legitime
1167 1820 1267 1885 luisse
1289 1826 1407 1908 purga·

68 1907 188 1981 tum
231 1925 264 1985 et
290 1908 332 1986 ab
358 1920 447 1986 omni
474 1920 707 1988 haereticorum
736 1922 928 2007 contagione
951 1922 1012 1986 rite
1040 1922 1227 2007 discretum,
1257 1945 1355 2008 quum
1376 1926 1406 1989 ei

66 2023 385 2089 communicavit
400 2025 548 2107 Aeacius,
573 2025 600 2088 si
622 2025 691 2108 ejus
714 2023 1017 2089 communicatorem
1038 2030 1157 2110 putant
1172 2026 1327 2091 Acacium
1349 2027 1406 2092 ali·

62 2126 293 2192 qusstenns
315 2127 541 2192 excusandum.
579 2128 647 2190 Aut
668 2127 706 2208 si,
730 2126 814 2210 quod
836 2126 940 2211 magis
963 2132 1012 2192 est
1033 2148 1153 2211 verum,
1178 2129 1407 2194 convenienter
1454 2112 1456 2117 ¹

61 2214 233 2304 ‘itque
265 2229 409 2315 legitime
436 2229 566 2294 Petrum
600 2228 736 2312 probare
764 2250 829 2292 non
857 2232 1032 2313 potuerunt
1064 2230 1228 2314 expiatum
1261 2233 1407 2316 (propter

58 2327 222 2394 quod
241 2331 338 2396 etiam
361 2332 401 2396 ad
423 2326 619 2415 apostolieae
641 2330 725 2394 sedis
743 2330 901 2413 judicium
917 2331 1055 2396 Aeacius
1077 2331 1128 2395 vel
1150 2333 1260 2397 venire
1282 2335 1333 2398 vel
1353 2334 1406 2399 de-

58 2415 258 2527 finere
278 2457 345 2500 non
368 2455 462 2498 ausus
486 2434 564 2519 est);
586 2436 697 2516 restat,
721 2437 758 2496 ut
779 2433 896 2520 ejus⁴⁴l
919 2433 1137 2518 inexpiatione
1158 2434 1267 2519 fuerit,
1296 2438 1406 2522 etqui

59 2534 105 2579 “¹
155 2536 447 2619 communicavit,
470 2534 620 2600 infectus.
665 2534 739 2600 Non
761 2535 947 2618 reticemus,
982 2537 1064 2622 quod
1093 2541 1209 2601 cuncta
1238 2560 1294 2621 per
1316 2561 1407 2604 mun·

60 2612 211 2700 ‘lum
242 2639 331 2705 novit
358 2637 520 2721 Ecclesia,
554 2637 706 2722 quoniam
731 2639 947 2722 quorumlibet
974 2638 1143 2702 sententiis
1171 2638 1274 2723 ligata
1301 2641 1406 2725 ponti-

63 2713 235 2805 ficum
259 2740 350 2807 sedes
372 2741 458 2806 beati
480 2740 568 2806 Petri
592 2741 727 2824 apostoli
751 2741 805 2823 jus
827 2740 946 2804 habeat
968 2740 1163 2820 resolvendi,
1192 2744 1302 2824 utpote
1325 2763 1406 2826 quae

69 2814 135 2930 {¹0
164 2844 277 2909 omi
291 2843 438 2909 Ecclesia
458 2832 650 2909 fas'haheat
667 2842 845 2927 judicandi,
869 2862 972 2926 neque
996 2842 1143 2926 cuiquam
1166 2842 1205 2905 de
1227 2844 1295 2926 ejus
1311 2842 1407 2907 liceat

73 2930 277 3012 Audivere
295 2946 433 3031 judicio,
456 2945 612 3030 siquidem
634 2945 675 3008 ad
697 2944 786 3007 illam
808 2943 847 3007 de
869 2942 1144 3027 quahbetmundi
1159 2948 1251 3027 parte
1267 2965 1405 3009 canones

88 3039 295 3123 *ppellari
317 3048 487 3132 voluerint,
510 3047 553 3112 ab
573 3047 630 3111 illa
652 3050 758 3110 autem
773 3067 867 3110 nemo
883 3046 925 3110 sit
941 3046 1103 3129 appellare
1117 3047 1300 3130 permissus.
1323 3046 1405 3123 Qua-

99 3173 439 3239 ψ

205 3305 240 3376 ⁴·)
256 3304 361 3374 Quibus
377 3304 507 3362 videlieet
523 3303 600 3361 Petri
622 3303 853 3362 communionem
865 3319 895 3358 se
918 3300 1069 3375 suscepisse
1087 3319 1149 3359 cum
1168 3302 1259 3373 elogio
1282 3301 1342 3374 ejus
1364 3319 1406 3359 re-

123 3378 292 3448 “lunatas
327 3391 392 3447 hiso.
411 3391 546 3447 brevioris
565 3392 671 3446 formae
688 3391 761 3445 hune
778 3392 870 3445 locum
887 3390 929 3444 ita
945 3389 1064 3445 habent:
1087 3401 1221 3460 postquam
1243 3395 1337 3444 titteris
1353 3397 1406 3445 ente

132 3459 195 3523 ΨΘ
217 3463 344 3547 misereat
366 3489 413 3533 eet.
443 3482 474 3533 St
489 3483 659 3533 auctoritatis.
694 3476 829 3530 Similiter
846 3476 993 3544 sequentia
1012 3476 1193 3540 contrahunt,
1217 3491 1290 3544 quae
1308 3490 1341 3529 ex
1359 3492 1406 3529 aa·

138 3542 268 3618 Quae
285 3563 321 3620 (1¹
334 3561 367 3629 0¹
386 3565 562 3634 praebemus.
1208 3563 1213 3567 ’

212 3666 241 3734 “)
257 3665 300 3720 na
318 3665 352 3720 θ’
366 3664 415 3733 Q¹3
433 3666 502 3721 editi
519 3672 650 3735 reperitur
667 3672 835 3720 condemnati.

210 3767 239 3837 ⁴²)
255 3767 326 3822 Illud
348 3787 447 3839 qaoque
464 3772 550 3828 nodo.
574 3766 650 3835 quod
670 3766 699 3820 in
721 3767 811 3837 primo
829 3766 979 3838 specimine
1002 3764 1111 3832 deerat,
1135 3766 1261 3821 consulto
1280 3764 1406 3822 Gelueius

152 3839 242 3906 is‘hoa
256 3852 378 3909 secundo
395 3851 516 3919 addidit,
540 3870 574 3906 ne
592 3851 770 3906 Timotheum
788 3854 817 3906 et
834 3852 962 3918 Petrum,
986 3852 1046 3920 qui,
1070 3851 1196 3919 quamvis
1219 3852 1345 3907 damnati
1367 3853 1406 3906 in-

154 3943 224 4005 fllpet
239 3940 267 3993 et
282 3937 425 4009 parricidii
442 3938 495 4006 rei,
517 3938 546 3992 in
563 3938 780 3992 Alexandrinam
797 3937 891 3991 sedem
909 3937 1081 4003 invaserant,
1105 3936 1246 4006 legitimos
1264 3937 1347 4006 hujus
1364 3954 1406 3991 ec-

155 4013 240 4078 clesiae
254 4023 398 4094 praesules
416 4040 530 4078 censere
548 4022 696 4078 videretur.
733 4022 797 4075 Mox
815 4022 889 4091 vulg.
908 4024 1034 4090 probatur
1051 4041 1108 4076 esre
1126 4030 1268 4077 cannatae.

208 4124 303 4195 ⁴³)H¹²
315 4124 349 4180 0Ι
363 4126 399 4179 0⁸
411 4123 443 4190 ΩΙ
457 4124 493 4191 Q²
509 4125 555 4179 hic
576 4124 771 4196 praemittunt:
801 4126 898 4188 Quadri
916 4132 998 4177 ctrina
1016 4130 1103 4178 errori
1124 4129 1163 4177 vel
1189 4129 1408 4192 praevaricationi

149 4204 188 4277 (0¹
200 4208 232 4276 Οἳ
247 4212 452 4281 praedicatione)
470 4217 657 4265 conmunicent!
680 4210 738 4278 (Η11
750 4209 786 4263 0²
808 4211 1006 4277 communicavit)
1026 4213 1149 4275 Aeacius,
1170 4204 1284 4274 forsitan
1306 4214 1407 4264 dicatur

144 4301 282 4367 opacam
299 4307 431 4361 cantare,
456 4299 569 4351 breuiter
589 4299 739 4366 praebemus
756 4300 792 4348 ad
807 4300 858 4348 iata
878 4313 1035 4362 responsum.
1070 4297 1123 4347 Aut
1140 4299 1203 4349 enim
1226 4300 1278 4362 ipsi
1298 4299 1406 4348 doceant

143 4393 188 4437 ete.
206 4393 249 4436 cat
266 4387 394 4451 deinceps.
426 4379 506 4447 Quod
524 4380 745 4435 additamentum
764 4397 797 4434 ex
815 4377 948 4448 primario
966 4378 1093 4450 exemplo
1111 4378 1261 4448 repetitum
1278 4377 1406 4432 secundis

141 4465 243 4522 Gelasii
260 4467 330 4522 curis
347 4468 424 4522 recte
442 4466 609 4535 castigatum
627 4468 712 4536 atque
731 4482 908 4536 suppressum
926 4464 975 4518 est.
1006 4463 1113 4519 Deinde
1126 4464 1160 4517 0¹
1174 4464 1209 4518 0²
1225 4469 1249 4518 n·
1266 4474 1292 4517 nt
1310 4462 1355 4529 (Ι)1
1368 4460 1406 4515 N⁸

138 4557 214 4622 unat)
230 4559 308 4623 napis
325 4563 365 4608 eet
382 4573 466 4607 verum
540 4571 589 4606 non
606 4557 784 4621 probaverint,
803 4549 836 4615 Q¹
854 4560 983 4618 poterant.

206 4656 240 4725 ⁴⁸)
257 4653 291 4710 D'
304 4653 338 4720 Ψ
353 4653 389 4721 Q'
405 4660 431 4710 in
448 4660 507 4723 ejas
524 4659 686 4723 expiatione,
706 4652 732 4706 d'
753 4657 906 4722 impiatione.
943 4649 1108 4707 concinnius
1126 4649 1160 4705 l*d
1173 4648 1213 4704 ΡΜ
1227 4647 1260 4705 G'
1274 4648 1312 4705 N³
1323 4648 1356 4704 0¹
1371 4650 1407 4705 Οι

137 4740 169 4796 d’
186 4745 245 4808 eise
261 4746 450 4812 inexpiatione,
469 4740 522 4795 hoe
539 4741 593 4794 est:
616 4738 775 4811 expiatione
794 4738 853 4808 ejus
875 4737 1028 4794 deficiente.
1057 4737 1188 4807 Alioquin
1206 4754 1268 4791 cum
1286 4736 1407 4805 vulgatis

136 4825 315 4883 retinendum
333 4827 377 4881 eat
393 4839 421 4881 nt
437 4832 463 4881 in
481 4832 538 4895 ejas
556 4831 785 4882 commatratione.
814 4824 879 4879 Mox
897 4822 929 4889 ῥ’
951 4828 1005 4878 Nee
1021 4830 1099 4893 plane
1117 4834 1275 4877 tacemus
1293 4826 1408 4877 sonandi

136 4924 228 4985 utpote
245 4933 310 4983 qaae
327 4911 413 4982 (vulg.
433 4917 520 4983 qnod).
