3450 5678
699 352 893 403 aersrouaa
917 343 947 401 3.
970 342 1001 402 4.
1423 343 1485 408 745
1520 398 1521 401 ,

301 512 332 577 3.
368 510 437 575 1616
458 530 544 574 nunc
567 508 680 592 scripsi
702 507 797 572 beato
821 506 919 592 capiti
934 509 1039 571 vestro
1048 507 1088 595 ¹⁴)
1110 530 1168 592 per
1182 507 1358 575 Patricium
1380 512 1590 577 virumaala.

217 613 439 698 spectabilem,
470 633 670 676 communem
699 610 816 694 filium,
853 613 886 674 et
913 609 1152 674 consuetudinis
1186 610 1302 677 affectu
1330 635 1484 698 superans

217 717 391 799 rationem,
421 718 454 778 et
476 714 560 779 circa
582 713 670 776 illam
692 713 820 777 beatam
842 712 950 776 sedem
972 712 1105 776 caritate
1128 712 1310 799 devinctus,
1343 719 1375 780 et
1397 719 1485 783 omni

217 819 267 883 die
290 817 395 883 videre
424 816 609 881 desiderans
638 818 868 900 congruentem
896 818 992 899 atque
1020 814 1161 878 debitam
1188 817 1427 884 venerationem
1455 821 1485 885 ei

216 920 348 985 servari.
386 918 496 984 Scribe
518 918 629 1003 igitur,
652 918 687 981 in
702 917 826 982 cunctis
841 917 945 1000 beate,
969 920 1134 1002 tamquam
1148 916 1294 982 unanimi
1310 923 1343 984 et
1357 923 1484 1005 optanti

216 1024 357 1106 animam
379 1043 502 1107 quoque
524 1020 636 1085 offerre
665 1041 723 1104 pro
744 1019 806 1083 tide
827 1018 1003 1083 orthodoxa
1029 1023 1062 1083 et
1083 1019 1289 1084 ecclesiarum
1310 1044 1389 1106 pace
1411 1046 1484 1089 san-

217 1128 357 1206 ctarum,
388 1127 421 1188 et
441 1128 478 1186 ut
501 1122 720 1187 custodiantur
743 1120 942 1185 venerandae
964 1121 1031 1185 sedi
1059 1121 1094 1185 in
1116 1121 1263 1186 omnibus
1285 1123 1374 1188 beati
1395 1124 1483 1192 Petri

217 1226 455 1292 convenientia:
477 1225 560 1309 quod
577 1224 672 1289 facile
686 1225 752 1307 fiet,
776 1223 924 1289 ordinata
937 1224 1064 1288 unitate
1080 1227 1277 1309 cunctorum,
1294 1229 1327 1290 et
1341 1229 1483 1292 omnium

217 1329 332 1393 advos
354 1331 518 1413 tamquam
540 1325 580 1390 ad
602 1327 728 1391 firmum
750 1325 975 1392 festinantium
991 1328 1129 1410 portum.
1167 1325 1348 1392 Divisiones
1364 1329 1483 1394 etenim

217 1430 295 1515 et¹⁵)
319 1433 431 1494 contra
455 1432 657 1493 contemnere
681 1432 929 1513 consueverunt,
964 1432 998 1492 et
1024 1428 1128 1494 ordini
1155 1430 1302 1494 decentia
1330 1453 1396 1495 non
1419 1454 1482 1496 ser-

216 1535 304 1597 vant.
350 1531 486 1596 Omnem
508 1530 762 1613 fraternitatem,
786 1553 867 1616 quae
890 1534 940 1595 est
960 1534 1084 1596 vestrae
1106 1532 1274 1596 sanctitati
1297 1533 1480 1618 conjuncta,

216 1639 249 1698 et
270 1655 330 1719 ego
352 1636 385 1697 et
405 1634 459 1718 qui
482 1654 606 1697 mecum
628 1637 721 1716 sunt,
750 1633 888 1697 multum
909 1633 944 1697 in
966 1632 1104 1697 Domino
1127 1633 1311 1698 salutamus.
1357 1640 1396 1701 Et
1418 1641 1483 1703 alia
1524 1688 1527 1692 .

215 1757 322 1803 mauu:
346 1736 468 1801 Salvari
490 1757 541 1800 me
562 1735 597 1799 in
612 1734 750 1801 Domino
765 1740 864 1823 orate,
889 1735 1081 1800 sanctissimi
1104 1739 1137 1802 et
1159 1736 1334 1820 beatissimi
1355 1741 1480 1822 patres!

216 1839 360 1922 Accepta
382 1838 516 1922 epistola
538 1837 692 1902 Dorothei
720 1840 861 1923 episcopi
883 1837 1176 1903 Thessalonicensis
1204 1838 1356 1903 ecclesiae
1383 1841 1481 1906 missa

215 1962 272 2024 per
293 1939 470 2005 Patricium
491 1940 595 2003 virum
617 1940 785 2004 sublimem
807 1940 905 2026 diem)
929 1941 1040 2024 quinto
1063 1939 1220 2006 Calendas
1242 1941 1381 2026 Aprilis,
1411 1941 1481 2008 Flo-

215 2043 320 2107 rentio
341 2043 409 2106 viro
433 2043 608 2106 clarissimo
632 2042 771 2106 consule.

734 2262 916 2367 Epistola
941 2264 966 2346 4

826 2415 874 2452 seu

248 2505 510 2588 Responsoria¹)
532 2503 734 2578 Hormisdae
755 2525 864 2578 papae
885 2512 929 2566 ad
951 2510 1170 2567 Anastasium
1190 2510 1438 2593 imperatorem.
1490 2499 1616 2620 {2¹21}

251 2645 322 2694 Illius
348 2660 397 2708 pro
421 2659 488 2707 pace
511 2644 673 2692 ecclesiarum
693 2643 800 2692 studium
823 2643 918 2691 laudat.
959 2642 1125 2692 Deceaeorum
1152 2618 1253 2693 suorum
1280 2647 1445 2694 constantium
1547 2585 1565 2636 p
1602 2610 1608 2621 ·

165 2780 169 2785 ,
248 2729 376 2794 approba!
393 2726 428 2792 [a.
441 2727 474 2789 1).
513 2729 549 2776 De
568 2729 673 2777 concilio
691 2729 852 2796 conuocando
870 2728 1028 2791 respondere
1047 2727 1144 2791 differt,
1169 2730 1254 2793 quoad
1271 2744 1371 2778 causum
1389 2730 1446 2792 ejus

590 2813 688 2876 plenius
704 2818 866 2876 perspectum
884 2811 1001 2860 latuerit
1019 2809 1053 2875 (n.
1065 2810 1099 2874 ⁶2),

366 2945 576 3010 Hormisda
599 2944 817 3008 Anastasio
840 2945 1031 3029 Augusto.

302 3070 328 3130 1.
368 3065 496 3130 Gratias
516 3084 673 3147 supernae
701 3063 829 3145 virtuti,
865 3084 946 3146 quae
973 3047 1031 3147 pier
1058 3067 1182 3128 vestrae
1209 3066 1339 3148 pietatis
1362 3067 1476 3131 affatus
1489 3092 1532 3144 ep.
1545 3081 1568 3129 a.

215 3170 400 3234 diuturnum
422 3167 556 3252 dignata
579 3170 628 3229 est
649 3165 823 3229 terminare
838 3165 1009 3249 silentium,
1033 3165 1099 3229 tale
1114 3169 1281 3249 praestans
1298 3168 1478 3234 collocutio-

215 3273 266 3336 nis
289 3270 468 3351 exordium,
492 3271 528 3331 ut
550 3272 582 3332 et
604 3268 642 3331 de
664 3270 788 3331 vestrae
812 3267 999 3350 clementiae
1021 3269 1233 3351 prosperitate
1255 3269 1419 3354 laetemur,
1447 3274 1479 3335 et

215 3374 255 3438 ad
278 3373 438 3436 unitatem
460 3370 528 3435 Deo
551 3370 691 3434 donante
719 3369 835 3434 reverti
862 3391 955 3454 posse
984 3373 1129 3434 sanctam
1153 3371 1347 3436 confidamus
1368 3372 1478 3438 Eccle-

215 3475 305 3539 siam.
350 3472 421 3537 Hoc
444 3495 522 3557 opus
545 3493 701 3556 supernae
730 3470 934 3555 clementiae,
965 3471 1045 3537 haec
1072 3475 1104 3536 et
1131 3472 1330 3538 decessorum
1357 3479 1477 3541 nostro-

214 3599 285 3641 rum
307 3576 370 3639 fuit
391 3596 516 3658 semper
537 3574 654 3656 oratio,
677 3596 755 3658 quos
778 3574 875 3637 ctiam
896 3595 1002 3638 rerum
1017 3577 1107 3639 actus
1128 3578 1282 3659 paternae
1296 3577 1478 3642 traditionis

214 3679 378 3743 ministros
407 3680 440 3740 et
466 3682 572 3740 rectae
599 3676 672 3740 fidei
701 3676 871 3740 declarant
894 3675 992 3740 fuisse
1021 3677 1176 3740 custodes.
1221 3677 1289 3741 Pax
1317 3682 1366 3742 est
1393 3680 1478 3758 enim

213 3781 313 3845 totius
335 3779 490 3843 bonitatis
512 3778 656 3862 initium,
681 3800 743 3862 qua
765 3777 862 3859 nihil,
887 3781 1042 3862 quantum
1065 3779 1105 3842 ad
1120 3778 1296 3844 catholicae
1317 3780 1391 3845 fidei
1414 3783 1477 3846 cul-

213 3887 298 3964 tum,
328 3880 478 3962 validius,
510 3879 592 3943 nihil
621 3879 783 3943 aestimari
810 3882 936 3963 oportet
963 3879 1133 3945 excelsius:
1171 3903 1228 3965 pro
1261 3881 1322 3947 huc
1356 3884 1479 3949 scilicet

213 3985 320 4049 facere
352 3986 384 4046 et
413 3984 528 4046 cuncta
561 3982 716 4045 sustinere
745 3982 910 4065 convenit,
948 3983 1001 4065 qui
1031 3985 1214 4048 sanctarum
1243 3982 1479 4068 Scripturarum

197 4084 389 4172 'probabilis
412 4084 500 4168 cupit
523 4105 590 4148 esse
613 4083 795 4167 discipulus
831 4082 926 4147 Hanc
948 4085 1089 4148 omnium
1111 4083 1267 4149 bonorum
1289 4089 1424 4151 matrem
1446 4091 1478 4153 et

212 4186 372 4252 nutricem
388 4185 550 4251 Christum
567 4185 739 4249 Dominum
760 4188 905 4249 nostrum
928 4186 992 4249 suis
1015 4190 1142 4251 constat
1163 4187 1364 4271 praedicasse
1386 4191 1478 4255 disci-

213 4289 308 4374 pulis
331 4287 506 4352 dicentem:
530 4292 639 4351 Pacem
660 4308 757 4351 mcum
780 4272 818 4351 do
839 4293 929 4366 cobis,
951 4310 1058 4368 pacem
1080 4295 1219 4369 relinquo
1241 4295 1331 4356 uobis.
1375 4290 1477 4366 Quam

213 4414 269 4456 vos
290 4390 434 4475 religiosi
451 4411 527 4452 cura
542 4389 697 4473 propositi
718 4388 857 4453 Domino
872 4389 1056 4473 adspirante
1078 4391 1291 4475 providentes,
1316 4393 1354 4458 de
1371 4393 1476 4457 ortho-

213 4494 313 4558 doxae
337 4491 507 4557 ccncordia
529 4492 678 4575 cogitatis
694 4491 857 4555 Ecclesiae
878 4491 913 4555 in
928 4491 1015 4555 beati
1030 4493 1167 4576 apostoli
1182 4494 1271 4558 Petri
1286 4496 1475 4579 reverentia,

1495 4265 1557 4318 Joh.

1489 4339 1574 4398 aaut.

283 4664 313 4731 ¹⁴)
331 4664 358 4716 a¹
378 4673 474 4716 nostro.

282 4749 314 4816 15)
332 4747 399 4801 bco
416 4742 568 4801 omiserrmt
586 4757 619 4800 et.
925 4813 930 4821 .

283 4831 375 4900 18)Ι16
393 4831 514 4886 G¹bcc
550 4832 576 4884 6ι
596 4837 665 4887 datu.
700 4831 790 4885 Antea
807 4830 849 4885 ed.
869 4853 890 4886 a.
909 4851 931 4888 c.

229 4923 246 4971 4
282 4919 301 4986 ¹)
320 4916 381 4981 Qua
398 4916 502 4971 scilicct
518 4915 668 4986 respondet
684 4915 721 4970 ad
740 4915 911 4986 superiorem
928 4916 1075 4987 epistolam
1093 4926 1117 4973 2.
