3450 5678
254 326 296 392 84
407 337 543 392 nourra
565 336 718 389 anasum
742 340 778 388 111
801 336 986 391 1111311311
1007 339 1033 387 11
1055 338 1246 389 arrsronas
1269 327 1375 389 3—5.

254 506 393 561 Anastasio
409 504 442 560 ad
457 503 607 560 Ursicinum
622 502 735 560 similem
752 503 790 565 ei,
813 501 939 577 quemad
955 501 1128 558 Laurentium
1144 502 1230 566 misit,
1246 501 1327 558 simul
1342 521 1361 558 u
1375 505 1447 575 pari
1460 503 1529 559 11113·

253 606 309 645 sam
325 607 385 645 esse
407 590 504 645 indicio
521 596 571 646 est.
601 590 638 644 dc
658 605 722 644 vero
737 586 887 643 Ursicinum
907 588 1048 662 quemdam
1070 587 1214 642 Dardaniae
1234 588 1392 661 episcopum
1412 595 1529 663 aposto·

253 675 318 730 lirae
336 675 393 731 sedi
409 683 504 730 notum
519 683 547 729 et
561 673 697 729 addictum
714 673 806 737 luisse,
831 672 929 728 Gelasii
945 672 1075 747 epistolae
1093 673 1109 728 7
1126 681 1154 728 et
1171 672 1208 728 11
1226 670 1306 728 iidem
1322 672 1433 729 iaciunt.
1455 672 1528 731 ilinc

252 767 280 815 et
296 777 364 833 quae
379 762 407 816 in
423 759 534 816 exordio
551 775 599 814 seu
616 760 643 814 iu
658 757 711 814 line
726 757 856 832 epistolae
872 756 953 827 hujus
964 756 1108 813 laurentio
1121 757 1294 831 peculiariter
1304 756 1376 814 dicta
1387 758 1526 824 videntur,

253 847 303 918 ipsi
318 861 378 900 cum
394 844 516 900 Ursicino
532 846 683 900 communia
699 843 782 899 inisse
799 842 864 898 nibil
879 851 1023 917 repugnat.
1055 841 1134 898 Certe
1151 840 1212 898 sulci
1228 841 1435 907 confessionem,
1453 859 1526 918 quae

252 929 382 1004 epistolae
399 929 460 986 huic
475 932 575 986 inserta
591 938 646 994 est,
663 935 878 989 recenseremus
894 927 1016 1002 pontifex
1031 929 1111 983 ctiam
1126 927 1157 983 ad
1174 928 1317 1001 episcopos
1332 927 1399 985 alios
1416 930 1526 985 misisse

251 1032 280 1070 se
302 1014 410 1070 indicat.
446 1014 518 1070 Hauc
539 1023 629 1069 autem
650 1013 682 1069 ad
698 1013 848 1070 Ursicinum
869 1011 900 1067 ab
917 1015 1072 1070 Anastasio
1083 1030 1166 1084 popo
1182 1014 1313 1070 Romano
1328 1015 1435 1069 missam
1451 1030 1524 1078 esse,

252 1108 356 1155 veteres
372 1100 478 1156 codices
491 1099 546 1170 jam
561 1099 688 1174 appellati
705 1099 860 1154 testimonio
875 1106 949 1153 sunt.
972 1096 1044 1172 Ergo
1059 1097 1130 1154 idem
1145 1099 1203 1172 ipsc
1215 1099 1379 1160 Anastasius.
1396 1100 1442 1172 qui
1459 1098 1525 1156 fidei

251 1184 451 1241 consessionem
466 1185 498 1241 ad
512 1184 664 1240 Ursicinum
679 1185 766 1246 misit,
783 1191 811 1238 et
825 1184 894 1239 hanc
909 1183 1051 1257 epistolam
1066 1185 1107 1239 od
1119 1184 1307 1240 Laurentium
1322 1184 1524 1260 Liquidensem

194 1275 201 1284 “
250 1272 391 1344 scripsisse
406 1269 535 1329 dicendus
554 1278 606 1326 est.

335 1356 363 1412 5.
395 1355 487 1429 Neque
508 1356 595 1429 ignoti
616 1356 731 1411 nominis
753 1363 795 1409 est
818 1355 839 1409 is
855 1353 1026 1427 Lignidensis
1042 1355 1196 1428 episcopus.
1233 1353 1299 1410 Eum
1321 1357 1422 1430 quippe
1443 1355 1523 1413 111111-

250 1442 353 1515 phorus
370 1442 440 1496 inter
455 1440 623 1496 orthodoxos
637 1439 737 1514 lllyrici
752 1440 909 1512 episcopos,
924 1455 993 1512 quos
1007 1440 1163 1495 Anastasius
1178 1443 1320 1514 Augustus
1336 1442 1449 1503 voravit,
1465 1443 1524 1516 pri-

251 1544 322 1582 mum
339 1526 464 1600 appellat.
496 1524 610 1581 Additur
625 1533 652 1581 et
668 1526 694 1579 in
711 1524 855 1580 llarcellini
871 1523 999 1581 chronico
1015 1524 1047 1580 ad
1063 1541 1162 1580 annum
1178 1525 1249 1588 516.
1265 1524 1388 1581 eumdem
1404 1527 1523 1601 impera·

251 1621 336 1667 torem
359 1614 393 1669 ob
413 1619 516 1668 metrum
536 1611 701 1684 Illyriciani
719 1612 813 1666 militis
839 1610 994 1665 orthodoxi
1018 1613 1217 1667 tumultuantis
1241 1613 1386 1684 extemplo
1410 1616 1524 1668 reuerti

250 1699 402 1754 mandasse
414 1700 454 1754 od
468 1713 538 1753 suos
553 1699 693 1752 ecclesius
704 1696 890 1751 Domnionem
905 1702 932 1750 ct
945 1695 1122 1771 Evonpelum
1137 1699 1295 1770 episcopos,
1312 1703 1424 1753 retento
1439 1698 1525 1770 opard

249 1800 281 1839 se
295 1784 452 1840 Lautrentio
467 1784 586 1855 insipm‘s
598 1783 718 1838 nominis
731 1782 873 1836 cutbotico
884 1782 1044 1851 sacerdote,
1062 1784 1270 1856 quantumlibet
1282 1785 1366 1838 ccciiii
1375 1785 1520 1839 sententio

249 1870 285 1924 ab
302 1885 335 1924 eo
350 1870 503 1924 dominatus
518 1872 602 1922 esset.
618 1896 660 1906 -
682 1864 801 1940 lienique
821 1864 852 1919 ad
873 1874 980 1938 tempus
1002 1866 1075 1940 quod
1097 1867 1207 1931 attinet,
1233 1866 1302 1923 hanc
1322 1866 1465 1942 epistolam
1486 1865 1521 1923 ab

161 1941 169 1962 '
250 1954 390 2008 Anastasio
406 1969 460 2008 non
476 1951 558 2024 longe
574 1960 637 2024 post
653 1950 761 2006 exordia
777 1950 919 2006 sacerdotii
933 1952 984 2015 sui,
1000 1959 1028 2007 et
1043 1959 1186 2026 auitoquam
1201 1951 1234 2008 ad
1248 1953 1337 2027 ipsum
1348 1953 1521 2027 pervenisset

249 2036 370 2092 Andreae
386 2035 633 2093 'thessalonicensis
649 2037 767 2110 episcopi
783 2035 897 2110 legatio,
913 2037 1039 2110 scriptam
1055 2053 1115 2092 csse
1132 2036 1227 2111 liquet.

157 2125 234 2196 [Ed]
335 2123 363 2179 6.
391 2122 437 2177 Η13
453 2123 537 2195 igitur
552 2120 702 2178 Constantii
718 2122 804 2176 nostri
820 2123 1000 2195 argumentis,
1023 2129 1053 2176 ut
1074 2121 1125 2192 jam
1146 2138 1227 2195 supra
1248 2123 1416 2185 monuimus,
1440 2140 1521 2199 prae·

248 2208 342 2280 primis
358 2206 454 2263 Gelasii
471 2207 632 2280 epistolaei
649 2205 808 2280 suffragium
823 2205 934 2271 accedit.
954 2205 982 2260 ln
999 2223 1050 2280 qua
1066 2223 1150 2281 quum
1166 2206 1198 2262 ad
1213 2208 1356 2283 episcopos
1372 2207 1520 2267 Dardaniae

248 2299 276 2347 et
292 2299 441 2366 contr'puas
456 2309 586 2366 priusque
596 2295 769 2366 prouincias
790 2295 954 2365 uicinosque
970 2295 1123 2364 pnrrtifices
1142 2293 1259 2366 primum
1279 2294 1453 2369 episcopatus
1475 2295 1519 2351 sui

248 2376 356 2433 exordia
371 2378 500 2434 indicaret
515 2385 543 2434 et
558 2386 652 2434 contra
662 2377 893 2433 schismaticorum
910 2376 1063 2432 molimenta
1076 2381 1205 2434 veritatis
1214 2380 1421 2437 instructiones
1430 2387 1520 2436 traus-

247 2464 381 2527 mitteret,
403 2471 490 2520 status
512 2464 686 2521 ecclesiarum
707 2462 779 2518 illius
795 2463 915 2536 regionis
931 2460 1014 2536 longe
1029 2462 1096 2518 alius
1112 2471 1235 2536 apparet,
1258 2479 1337 2537 quam
1359 2465 1406 2539 qul
1421 2473 1519 2522 nostra

247 2548 361 2621 epistola
377 2548 465 2604 datur.
496 2547 571 2605 Unde
586 2548 652 2604 nihil
667 2548 784 2603 crmctati
801 2548 848 2602 viri
864 2545 1045 2621 probatissimi
1061 2549 1174 2622 vestigia
1189 2550 1285 2611 secuti,
1307 2548 1427 2605 eamdem
1445 2550 1521 2607 inter

248 2628 378 2689 Arrastasii
394 2632 522 2708 epistolas
539 2636 692 2708 posuimus,
715 2649 764 2707 pro
784 2631 893 2687 vitando
915 2648 1006 2688 errore
1026 2641 1116 2689 tamen
1132 2634 1211 2689 etiam
1226 2632 1277 2689 sub
1293 2632 1390 2690 Gelasii
1405 2636 1518 2692 nomine

245 2716 360 2775 indicem
381 2718 521 2775 addentes.
565 2719 616 2774 nbi
636 2720 684 2774 viri
705 2717 793 2780 docti,
815 2718 886 2772 inter
906 2734 975 2790 quos
996 2717 1131 2774 ballerinii
1153 2718 1186 2774 de
1207 2719 1309 2793 anitiqu.
1326 2719 1390 2776 coll.
1408 2736 1468 2777 can.
1484 2719 1517 2785 U,

248 2803 283 2858 11
302 2804 356 2875 33,
374 2806 429 2860 vioe
444 2821 520 2860 versa
536 2822 591 2861 nou
607 2802 696 2860 solum
712 2801 853 2877 epistolam
869 2801 937 2857 hanc
958 2802 1006 2859 sed
1022 2804 1100 2858 etiam
1118 2804 1167 2858 tria
1182 2803 1228 2859 illa
1254 2802 1407 2880 fragmenta
1422 2805 1455 2861 ad
1467 2803 1517 2861 Ur·

244 2889 358 2945 sicinum
373 2891 503 2964 insignita
518 2889 549 2946 ad
565 2889 661 2946 Gelasii
677 2904 776 2945 nomen
791 2896 964 2951 revocarunt.
987 2890 1138 2946 Anastasii
1156 2889 1362 2963 inscriptionem
1383 2889 1445 2964 ialsi
1465 2908 1517 2966 po·

243 2974 387 3031 stulaotes.

446 3137 484 3198 In
505 3135 664 3197 missii
677 3135 710 3197 Π
732 3133 894 3212 epistolam
914 3132 936 3192 4
957 3129 1089 3213 (Frupm.
1105 3138 1145 3194 ud
1161 3130 1309 3216 Ursicin.).

180 3253 232 3322 [aa]
331 3257 402 3314 llaec
418 3259 566 3333 fragmenta
582 3275 615 3313 eo
631 3257 725 3315 ordine
741 3264 990 3330 repraesentamus,
1012 3273 1066 3330 quo
1088 3258 1116 3313 in
1131 3273 1194 3313 mss.
1212 3254 1366 3328 Corbejeusi
1382 3267 1410 3315 et
1425 3257 1515 3320 Bello·

246 3345 360 3406 rocensi,
378 3361 409 3398 ex
426 3343 523 3417 quibus
539 3343 691 3416 Steplrarnrs
707 3341 830 3397 ltaluzins
846 3358 908 3397 nov,
922 3341 986 3397 coll.
999 3359 1075 3398 couc.
1088 3341 1239 3417 pugnas?
1254 3341 1298 3398 illa
1308 3342 1350 3399 cdi
1362 3356 1512 3411 curaverat,

245 3446 294 3483 nee
309 3445 364 3484 non
387 3430 413 3482 in
434 3427 591 3502 Remigiano
613 3427 782 3483 exhibentur.
821 3425 921 3482 llorum
942 3428 1057 3500 primum
1077 3429 1100 3483 si
1120 3434 1302 3502 postponatur
1322 3430 1459 3494 secundo,
1481 3449 1513 3489 ea

245 3514 363 3576 «1111111110,
380 3515 486 3586 quaein
500 3511 614 3586 epistola
626 3513 759 3586 superiori
772 3510 803 3566 ab
816 3512 892 3567 initio
903 3512 957 3567 111
970 3512 1001 3567 ad
1016 3511 1094 3568 verba
1103 3521 1228 3587 propter
1239 3515 1416 3588 ineffabilem
1428 3533 1513 3575 suone

244 3601 444 3672 benipnitutem
461 3596 606 3659 habentur,
628 3615 662 3653 ue
684 3615 735 3653 una
757 3595 864 3670 quidem
881 3604 981 3653 mutata
996 3615 1061 3653 voco
1076 3600 1102 3654 in
1119 3599 1171 3655 boc
1186 3600 1300 3673 repetita
1314 3598 1400 3657 luisse
1414 3600 1514 3679 depre·

245 3682 402 3739 heudemus.
432 3684 486 3739 Nec
501 3684 568 3739 alins
584 3682 691 3738 videtur
705 3684 727 3738 is
748 3683 897 3739 Ursicinus
912 3682 944 3737 ab
960 3700 993 3739 eo
1008 3683 1129 3740 Ursicino
1145 3686 1282 3759 episcopo,
1297 3702 1444 3760 perquem
1460 3686 1513 3745 Ge·

244 3769 325 3823 lasius
341 3768 482 3842 epistolam
498 3786 572 3824 suam
590 3769 606 3825 7
624 3768 655 3824 ad
672 3768 807 3823 Uardanes
823 3767 940 3842 dirigere
956 3785 985 3824 se
1000 3767 1135 3844 significat
1150 3769 1230 3844 (cpi
1247 3788 1274 3826 n.
1285 3769 1323 3843 1),
1339 3773 1442 3846 quique
1453 3774 1512 3848 epl-

242 3853 328 3908 stolae
338 3856 373 3909 11
391 3853 423 3909 ad
439 3854 563 3910 eumdem
574 3853 707 3910 Gelasium
722 3870 850 3909 unacum
865 3853 922 3909 aliis
935 3853 1077 3911 Uardaniac
1092 3855 1226 3929 episcopis
1242 3855 1371 3913 mendose
1386 3857 1513 3917 Ursinus

242 3937 410 4013 subscriptus
426 3939 536 4015 legitur.

422 4100 461 4160 In
482 4099 641 4160 Anesmii
654 4100 688 4162 11
709 4098 873 4177 epistolam
893 4098 912 4159 t
933 4058 1049 4180 (libell.¹
1064 4106 1191 4175 operris.
1207 4095 1319 4180 Alea).

149 4221 226 4292 [Ed]
325 4220 454 4276 baronius
476 4221 547 4277 bunc
569 4221 689 4278 libellum
710 4223 737 4277 in
759 4221 885 4278 Vaticano
906 4221 998 4278 codice
1018 4222 1145 4278 latentem
1172 4232 1266 4279 nactus
1286 4222 1399 4294 (1111111111
1418 4223 1510 4293 duait,

241 4323 321 4381 quem
344 4305 482 4375 annalibus
498 4308 554 4362 suis
572 4315 658 4363 totum
675 4314 701 4362 et
716 4309 852 4381 integrum
868 4308 1001 4363 insereret
1016 4307 1157 4380 (11111497
1173 4326 1201 4364 11.
1211 4307 1270 4381 14).
1301 4307 1401 4367 Exinde
1415 4314 1511 4371 cond-

239 4392 336 4448 liorum
352 4392 471 4447 editores
486 4392 619 4448 anastasii
635 4393 721 4448 nostri
738 4391 860 4466 epistolis
876 4409 937 4448 eum
953 4392 1063 4467 adjungi
1079 4403 1249 4450 curaverunt.
1284 4392 1314 4450 111
1328 4398 1511 4468 praestantia·

238 4479 307 4533 simo
315 4476 541 4539 Vaticau049til,
559 4477 603 4533 ubi
619 4477 688 4533 idem
704 4476 852 4551 profertur,
870 4478 935 4533 baec
950 4477 1105 4549 majusculis
1112 4477 1209 4535 litteris
1217 4478 1356 4536 adcalecm
1367 4479 1509 4558 adscripta

240 4571 369 4619 notantur
390 4562 449 4634 (iol.
459 4562 523 4636 63):
546 4563 701 4635 Dionysius
716 4563 849 4638 Empuus
864 4565 973 4619 Romae
987 4565 1022 4620 de
1039 4565 1151 4621 Graeco
1167 4568 1305 4621 conuerti.
1335 4561 1409 4633 Quae
1425 4566 1510 4626 verba

240 4647 330 4704 Uinius
352 4648 415 4705 coll.
432 4665 508 4705 conc.
526 4647 561 4711 V,
583 4648 745 4706 4031111
766 4664 906 4722 perperam
929 4648 960 4703 ad
981 4666 1099 4722 sequens
1121 4651 1284 4724 Eremplor
1303 4658 1450 4724 pectorum
1469 4655 1510 4713 de

239 4735 417 4791 absolutione
432 4735 537 4791 Miseni
551 4733 730 4794 transferens,
752 4733 853 4807 largam
876 4743 904 4788 ut
926 4751 976 4790 sno
999 4734 1058 4790 loco
1076 4735 1188 4791 vidimus
1204 4735 1261 4792 aliis
1277 4734 1310 4790 de
1325 4736 1510 4812 inscriptione

239 4817 318 4888 lrrrjus
341 4820 495 4877 documenti
517 4837 606 4876 ansam
627 4818 731 4875 errandi
753 4818 884 4892 praebuit.
928 4819 1012 4875 Porro
1034 4819 1149 4876 blarrsius
1171 4821 1234 4877 coll.
1254 4838 1330 4878 conc.
1348 4821 1418 4886 Vlll,
1443 4824 1508 4883 194

237 4899 320 4958 libelli
343 4906 429 4961 nostri
449 4907 652 4981 inscriptionem
673 4921 704 4959 er
722 4906 862 4961 Auellnnn
884 4907 980 4979 partim
996 4907 1127 4969 correxit,
1149 4907 1195 4962 sed
1217 4907 1309 4981 plures
1329 4904 1430 4966 ibidem
1449 4902 1510 4973 loci
