3450 5678
664 132 878 182 assensum
903 123 1005 181 1-5.
1408 118 1478 217 485ἵ

199 291 248 357 rel
262 289 416 387 ecelesiae
429 286 605 354 Lacerinae
620 286 816 352 utilitatibus
830 287 866 351 in
883 287 1051 370 universis,
1075 309 1157 372 quae
1178 292 1256 353 sunt
1276 292 1468 374 necessaria,

199 392 337 458 libenter
357 390 536 475 impendat,
560 391 593 454 et
615 389 832 474 competentia
847 388 1036 476 vigilantiae
1056 411 1132 458 suae
1146 389 1270 458 tribuat
1285 389 1470 460 Christiana

201 493 367 561 devotione
388 491 514 560 solatia.

662 663 944 769 Fragmentum
970 665 1005 748 4.

92 830 126 882 p,
145 811 192 857 62.
415 804 448 856 lli
466 806 613 869 episcopua
629 811 718 854 cureat
735 820 789 854 cam
806 805 871 854 cleri
886 806 1023 869 populique
1040 820 1164 855 consensu
1182 808 1248 871 ciipi.

350 920 538 986 Gelenius
560 942 660 1005 papa
683 919 871 1004 Philippo
891 923 930 985 et
952 920 1180 1008 Gerontio¹)
1205 923 1418 1009 episcopis

262 1040 377 1106 -Plebs
393 1038 586 1106 Clientensis
609 1039 685 1102 data
707 1039 800 1102 nobis
822 1039 979 1123 petitione
1001 1039 1139 1123 deflevit,
1163 1041 1218 1106 diu
1233 1065 1267 1106 sa
1282 1043 1352 1108 sine
1367 1048 1468 1109 recto-

85 1212 88 1227 ,
199 1144 240 1207 ris
262 1141 384 1229 proprii
399 1140 634 1226 gubernatione
649 1140 806 1226 dispergi:
830 1163 878 1223 ac,
902 1141 986 1206 sieut
1001 1142 1165 1226 asseritur,
1189 1144 1285 1228 isqui
1307 1145 1361 1230 αἳ)
1376 1146 1466 1211 vobis

194 1245 261 1327 jam
282 1245 437 1330 probatus
459 1242 587 1324 dicitur,
611 1266 630 1306 a
652 1243 764 1327 paucis
787 1246 819 1307 et
840 1243 991 1308 tenuibus
1014 1247 1145 1328 putatur
1168 1246 1345 1330 eligendae,
1369 1269 1465 1332 quum
1564 1314 1569 1336 ,

196 1348 234 1411 ad
256 1369 314 1412 vos
328 1345 501 1431 pertineat,
524 1344 689 1408 universos
706 1345 833 1408 assidua
848 1346 1066 1410 admonitione
1082 1347 1282 1432 compellere,
1306 1352 1343 1413 ut
1357 1371 1467 1415 omnes

192 1450 227 1513 in
250 1471 364 1531 unum,
387 1469 482 1531 quem
503 1445 637 1531 dignum
660 1446 838 1511 sacerdotio
859 1447 999 1511 viderint
1021 1452 1054 1513 et
1078 1450 1147 1513 sine
1170 1448 1277 1534 aliqua
1296 1450 1467 1535 reprehen-

191 1550 296 1633 sione,
320 1549 534 1614 consentiant.
579 1547 624 1613 at
645 1548 730 1631 ideo,
754 1549 872 1613 fratres
899 1550 1071 1633 carissimi,
1095 1552 1235 1616 diversos
1257 1574 1297 1616 ex
1319 1552 1466 1618 omnibus

189 1673 291 1738 saepe
320 1651 399 1716 dieti
426 1649 488 1714 loci
515 1650 671 1734 paroeciis
700 1651 921 1735 presbyteros,
950 1653 1101 1717 diaconos
1128 1657 1161 1717 et
1190 1653 1373 1718 universam
1401 1659 1466 1719 tur-
1547 1643 1551 1654 ζ

189 1756 267 1818 bam
297 1776 354 1819 ros
381 1755 508 1837 oportet
536 1752 663 1837 saepius
691 1774 882 1818 convocare:
916 1759 1073 1838 quatenus
1107 1778 1173 1820 non
1205 1758 1301 1840 prout
1334 1756 1467 1822 cuilibet

187 1854 336 1939 libuerit,
360 1853 415 1919 sed
439 1855 707 1920 concordantibus
729 1854 844 1919 animis
870 1850 970 1920 talem
992 1857 1081 1921 vobis
1103 1858 1346 1922 imminentibus
1355 1859 1381 1944 3)
1404 1859 1465 1923 sibi

186 1961 352 2043 quaerant
373 1956 441 2021 sola
461 1953 651 2022 Divinitatis
673 1957 852 2023 attentione
879 1980 1066 2043 personam,
1098 1980 1194 2043 quam
1221 1960 1311 2024 nulla
1340 1963 1465 2025 contra-

183 2057 292 2127 rietas
314 2083 334 2126 a
356 2059 541 2125 constitutis
563 2060 665 2145 possit
686 2081 836 2124 revocare
858 2061 1076 2145 praescriptis.

659 2229 942 2336 Fragmentum
969 2232 1002 2314 5.

81 2357 107 2403 Ρ·
121 2363 152 2416 ⁶2·
246 2371 284 2423 Ui
301 2373 441 2424 materia
459 2372 557 2422 aeadac
573 2371 749 2435 presbyterum
767 2377 792 2421 ei
810 2372 942 2421 diaconum
959 2370 1080 2423 basilicae
1097 2388 1117 2422 a.
1131 2371 1276 2424 Eleutherii
1293 2375 1402 2424 ordinet.

346 2486 532 2553 Gelasius
555 2485 787 2551 Ooelestine
810 2486 1007 2572 episcopo.

277 2607 478 2692 Presbyteri,
511 2606 638 2671 diaconi
662 2609 694 2669 et
716 2607 857 2670 universi
880 2606 987 2671 clerici
1008 2606 1264 2671 Histoaieusium
1276 2610 1299 2692 ¹)
1323 2609 1462 2674 civitatis

111 2704 343 2776 petitorio
365 2709 459 2774 nobis
481 2730 669 2793 suggessere
691 2712 849 2793 porrecto,
872 2709 907 2772 in
929 2708 1065 2773 ecelesia
1086 2710 1173 2773 beati
1195 2712 1346 2795 martyris
1367 2710 1462 2775 Elea·

104 2791 288 2879 ihm-ij
309 2811 468 2898 episcopi,
497 2834 579 2896 quae
601 2812 635 2875 iu
658 2811 861 2896 supradictae
885 2811 1026 2875 civitatis
1048 2811 1196 2896 paroecia
1217 2813 1372 2894 probatur
1394 2835 1462 2877 esse

91 2909 393 3008 Pnetrueta,
423 2914 646 2999 presbyterum
674 2915 727 2998 qui
758 2914 951 2977 constitutus
972 2914 1079 2978 fuerat
1101 2914 1269 2998 defecisse,
1304 2918 1400 3000 atque
1426 2916 1462 2981 in

81 3009 230 3074 ⁰1¹1ss
282 3018 388 3084 locum
402 3016 570 3082 Julianum
590 3016 759 3081 diaconum
781 3015 881 3099 ipsius
904 3015 1057 3080 eeclesiae
1078 3039 1136 3101 pro
1153 3016 1340 3082 celebritate
1354 3017 1461 3103 ipsius

71 3083 202 3206 lf‘ei
276 3120 468 3206 quantocius
495 3118 609 3183 debere
637 3118 790 3183 ordinari.
835 3117 880 3182 at
907 3118 994 3201 idea,
1023 3119 1125 3183 frater
1153 3118 1332 3202 carissime,
1366 3120 1394 3184 si
1422 3120 1461 3185 de

67 3210 225 3274 ⁶³¹¹ss
283 3222 349 3287 vita
371 3219 422 3285 vel
444 3219 585 3284 moribus
607 3221 688 3285 nihil
712 3219 865 3305 estquod
890 3224 1002 3285 contra
1024 3243 1183 3286 canonum
1199 3221 1309 3285 veniat
1324 3224 1459 3306 statuta,

62 3309 445 3409 supraescriptum
466 3323 656 3408 presbyterii
678 3322 798 3386 honore
821 3323 1001 3406 decorabis,
1031 3324 1168 3387 sciturus
1191 3346 1263 3386 eum
1285 3323 1460 3389 visitatoris

60 3396 96 3506 l?
136 3427 374 3518 ,nomine
395 3447 462 3491 uon
485 3425 688 3511 cardinalis²)
712 3448 835 3490 creasse
857 3425 1030 3510 pontificis
1075 3426 1201 3491 Pariter
1229 3426 1327 3490 etiam
1350 3429 1383 3490 et
1403 3425 1460 3491 Fe·

72 3517 377 3596 ¹0188imum
400 3529 571 3595 diaconum
593 3529 628 3593 in
651 3530 720 3612 ejus
742 3528 894 3594 eeclesiae
917 3528 1106 3612 ministerio,
1131 3529 1157 3593 si
1176 3529 1376 3595 conversatio
1391 3528 1460 3613 ejus

65 3653 494 3699 X„-

80 3737 99 3785 4
211 3759 317 3833 ¹)Z
340 3775 480 3826 amacina
503 3785 622 3837 moxque
645 3771 723 3822 Plebs
746 3772 890 3823 Dioireaeis
912 3768 1022 3834 (autin
1044 3766 1110 3821 edit.
1129 3766 1277 3822 Boebmeri
1294 3773 1459 3831 Diesireasia,

66 3833 235 3919 qnpd
289 3855 423 3928 oppidum
443 3853 497 3908 fuit
519 3851 642 3908 Moesiae
666 3853 816 3917 secundae,
840 3853 875 3906 al.
897 3856 1045 3921 Draostoii).
1086 3851 1272 3907 Praeferimus
1296 3871 1359 3908 eum
1377 3853 1411 3919 0¹
1424 3853 1459 3919 Οἳ

72 3907 348 3994 chet-ewa,
384 3941 416 3994 In
433 3938 578 4010 provincia
595 3938 731 3994 Cornaola
744 3939 827 4008 juxta
844 3938 985 3993 Valeriam
1003 3938 1039 3992 ab
1057 3937 1203 4006 Anonyme
1215 3938 1378 3993 Rauennate
1390 3939 1406 3992 l.
1421 3938 1460 3992 IV

74 3997 101 4054 ²¹
124 3997 216 4062 2¹
281 4027 439 4081 recensetur
458 4030 552 4081 aliena.

206 4098 280 4173 ι)
299 4110 331 4177 Q'
349 4133 365 4166 a
383 4115 456 4166 aetii
518 4132 572 4165 cum
589 4117 626 4166 ad
642 4131 700 4173 aas,
719 4112 827 4165 etcum
847 4112 879 4174 (2¹
900 4115 1041 4179 elipandus,
1059 4107 1107 4163 ubi
1125 4109 1216 4177 Zjam
1232 4121 1338 4178 palatur
1355 4116 1457 4166 eiectus.

207 4181 280 4256 ξ)
298 4197 340 4253 lta
357 4195 391 4262 Q'
405 4196 453 4262 Q²;
472 4200 663 4251 admonentibus
680 4196 708 4250 Z.

113 4249 135 4299 ὃ
170 4337 184 4348 ,
216 4269 279 4341 ¹)
299 4282 316 4336 Z
334 4285 486 4344 dianiensis,
505 4281 538 4347 ΩΙ
552 4282 587 4347 Q’
605 4286 773 4338 Sioaieasiaar
791 4298 824 4336 co
842 4297 933 4348 more,
952 4299 1006 4350 que
1025 4282 1133 4336 veteres
1145 4284 1244 4350 Spania
1261 4296 1312 4351 pro
1328 4285 1458 4349 Hispania

108 4341 313 4426 ³⁰.anoe
334 4368 509 4424 consuercmt.
550 4367 636 4421 Porro
661 4373 803 4424 Hr'atoniam
826 4367 960 4437 oppidum
988 4368 1031 4421 est
1052 4366 1254 4421 Frentanorum
1277 4383 1326 4420 seu
1348 4363 1457 4435 Aprutii

119 4414 326 4508 uberim
342 4452 437 4522 (bodie
459 4457 540 4507 Vasio
558 4457 723 4522 d'Amaraae).

225 4524 278 4594 ξ)
299 4537 330 4592 Η.
343 4555 366 4594 e.
387 4555 422 4593 ex
433 4538 564 4608 delegato
583 4556 616 4593 ao
632 4538 805 4606 transitorio,
824 4555 879 4593 non
898 4556 931 4593 er
949 4538 1063 4610 proprio
1082 4555 1114 4593 ae
1131 4538 1267 4609 perpetuo
1282 4535 1354 4604 jure.
1382 4535 1458 4591 Haec

145 4602 210 4685 lo}
221 4643 236 4669 ²
275 4637 347 4689 quae
365 4623 465 4679 eedem
482 4623 625 4679 intellecta
643 4624 773 4695 deinceps
791 4626 919 4693 frequens
938 4623 1003 4691 erit,
1021 4643 1094 4680 nuuc
1105 4624 1225 4694 primum
1237 4621 1317 4676 nobis
1330 4620 1457 4676 occurrit.

153 4673 244 4746 PR*
276 4711 368 4765 auem
386 4709 534 4781 explicatio
552 4711 675 4766 subnexo
693 4711 849 4782 fragmento
867 4711 1000 4766 firmatur.
