3450 5678
234 305 297 370 496
709 323 736 371 s.
754 322 895 372 ennssn
917 322 1031 370 sassa

233 474 453 559 suspenderas,
478 496 633 558 asserens,
657 477 865 560 possessionis
881 476 1043 541 dominum
1058 477 1177 559 omnia,
1196 497 1278 562 quae
1293 477 1341 542 illi
1360 479 1499 543 confere

233 579 362 661 bantur,
386 577 530 660 accipere
547 580 580 640 et
594 578 658 640 suis
680 577 790 643 usibus
813 578 985 664 applicare,
1009 600 1068 643 nec
1089 578 1157 644 illie
1175 600 1268 664 posse
1283 579 1503 644 ministrorum

234 679 293 743 Dei
317 679 437 767 aliquos
459 678 499 742 ad
523 680 756 762 processionem
779 681 898 764 venire,
922 703 1018 766 qumn
1034 680 1123 745 nulla
1142 680 1210 745 illic
1225 681 1382 746 alimenta
1404 682 1505 748 smai-

234 784 357 865 perent.
403 780 464 845 Sed
487 802 588 865 nuper
610 782 659 844 vir
681 783 866 865 spectabilis
881 782 996 847 Petrus
1018 786 1129 848 noster
1151 784 1243 848 nobis
1264 784 1507 849 rationabiliter

234 882 410 966 intimavit,
434 882 494 946 hoe
515 882 599 967 quod
621 884 656 947 in
679 886 805 970 eulpam
828 888 960 950 venerat
981 906 1015 950 se
1035 885 1145 950 taliter
1166 885 1346 970 ordinasse,
1376 891 1415 952 ut
1435 889 1507 952 uni·

234 1006 341 1067 versa,
365 1006 445 1068 quae
468 984 503 1047 in
526 983 659 1048 ecclesia
681 985 866 1068 supradicta
893 988 1090 1052 diversorum
1112 987 1234 1052 fuerint
1254 988 1421 1054 oblatione
1443 989 1507 1054 eol·

233 1085 310 1170 lata,
334 1085 374 1150 ad
397 1086 580 1169 episcopum
603 1087 713 1151 autad
729 1109 810 1171 cum,
835 1089 885 1152 cui
900 1089 1066 1153 basilicam
1082 1089 1294 1174 deputaverit,
1317 1091 1507 1178 universa²)

233 1188 433 1273 pertineant,
458 1187 504 1251 ita
527 1193 563 1252 ut
585 1211 622 1252 ex
646 1190 706 1254 hoc
729 1190 915 1274 compendio
938 1194 1026 1255 sarta
1047 1194 1135 1255 tecta
1157 1192 1310 1256 eeclesiae
1331 1214 1507 1276 procuren-

232 1293 295 1354 tur.
332 1289 378 1352 Et
399 1289 480 1373 ideo,
503 1292 614 1374 frater,
638 1291 865 1357 saluberrimae
887 1292 1105 1377 dispositionis
1128 1293 1326 1377 professione
1340 1299 1505 1378 suscepta,

233 1391 468 1475 processionem
491 1393 692 1477 supradictae
714 1393 867 1459 eeclesiae
890 1398 922 1458 te
944 1395 1095 1458 convenit
1116 1395 1274 1460 ordinare.

681 1564 962 1669 Fragmentum
989 1567 1044 1647 22.

284 1703 323 1753 De
341 1707 475 1768 episeopo,
503 1705 546 1768 qui
560 1704 698 1766 facultates
716 1707 838 1754 eeclesiae
857 1704 1067 1770 depraedabatur
1083 1711 1159 1769 atque
1176 1705 1234 1768 eius
1251 1707 1456 1771 depraedationi
1519 1722 1582 1773 p.

648 1790 798 1839 resistentes
815 1791 922 1840 elericos
940 1788 1086 1852 dejiciebat.

385 1904 570 1970 Gelasius
592 1902 789 1989 Respecto
812 1907 849 1967 et
870 1903 1048 1968 Leonino
1071 1905 1280 1992 episcopis.

316 2024 482 2088 lohannes
505 2022 747 2087 archidiaconus
763 2022 997 2088 l'alerionensis
1020 2023 1107 2089 urbis
1128 2024 1325 2089 eversionem
1348 2027 1506 2092 ecelesiae

233 2127 273 2190 ab
296 2148 343 2210 ee,
367 2127 420 2211 qui
444 2125 599 2209 praesulis
620 2127 750 2190 nomine
773 2129 930 2209 censetur,
960 2124 1106 2189 effectam
1128 2126 1244 2211 grandi
1267 2127 1361 2193 nobis
1383 2130 1505 2214 suppli-

233 2229 360 2292 catione
382 2231 573 2312 conquestus
596 2230 659 2310 est,
683 2228 729 2292 ita
750 2231 786 2292 ut
808 2249 842 2292 se
863 2228 1011 2292 videlieet
1028 2228 1066 2292 de
1082 2228 1143 2292 loci
1158 2229 1207 2292 sui
1222 2228 1509 2296 administratione

232 2331 366 2414 dejecto,
395 2329 457 2394 iter
478 2330 539 2395 sibi
561 2331 696 2394 liberum
719 2330 758 2394 ad
781 2330 1019 2414 depopulandas
1041 2329 1212 2395 facultates
1238 2331 1380 2416 aperiret
1401 2333 1504 2398 eccle

232 2432 309 2496 siae.
354 2431 438 2496 Nam
460 2431 647 2497 ministeriis
670 2437 704 2497 et
725 2435 840 2496 ornatu
862 2454 921 2516 pro
943 2453 1000 2496 sua
1022 2431 1187 2497 voluntate
1208 2432 1382 2518 dismacto,
1410 2456 1504 2519 prae·

232 2534 319 2598 dium
341 2535 438 2599 etiam
460 2537 645 2619 paternum,
675 2535 757 2619 quod
786 2535 820 2598 in
848 2534 1032 2599 alimoniam
1054 2533 1240 2600 clericorum
1262 2535 1412 2601 decessor
1433 2536 1504 2620 ejus

233 2639 419 2723 reliquerat,
443 2637 530 2701 velut
552 2638 715 2720 proprium
737 2637 802 2700 suis
825 2637 1017 2701 utilitatibus
1039 2637 1230 2720 vindicavit,
1253 2638 1504 2725 obviantemque

232 2740 449 2824 supradictum
472 2738 730 2804 archidiaconum
753 2742 936 2824 ceterosque
959 2739 1153 2823 complures,
1182 2740 1236 2825 qui
1258 2740 1382 2824 pariter
1402 2742 1502 2806 reela

233 2843 381 2925 mabant,
412 2842 453 2905 ab
479 2842 643 2906 ordinibus
671 2841 736 2905 suis
764 2840 900 2905 credidit
921 2841 1143 2906 excludendos.
1193 2841 1238 2905 Et
1259 2842 1347 2926 ideo,
1383 2844 1502 2913 iratres

236 2943 407 3026 carissimi,
445 2942 634 3008 Divinitatis
661 2943 782 3007 intuitu
809 2942 973 3007 Ecclesiae
1008 2964 1135 3006 causam
1168 2965 1291 3007 summa
1319 2945 1503 3011 attentione

231 3048 437 3130 trutinantes,
461 3045 548 3109 omni
570 3045 704 3110 veritate
727 3045 878 3129 discussa,
903 3046 941 3109 de
965 3046 1134 3131 compertis
1156 3045 1220 3110 cita
1235 3046 1356 3111 nostris
1371 3048 1502 3113 auribus

232 3150 387 3214 relatione
409 3148 552 3233 signate,
576 3151 613 3211 ut
633 3151 802 3233 perspecta
824 3147 1036 3212 instructione
1051 3147 1239 3232 diligentiae
1255 3151 1402 3233 vestrae,
1425 3151 1503 3235 quid

232 3252 300 3316 fieri
323 3251 452 3336 debeat,
477 3272 673 3316 censeamus.

681 3421 961 3525 Fragmentum
989 3423 1046 3506 23.

336 3564 499 3614 Proventuara
518 3565 639 3613 eeclesiae
661 3563 849 3614 Volaterranos
867 3579 929 3613 eura
946 3564 1048 3613 Justiao
1065 3567 1090 3611 et
1110 3562 1204 3610 Fausta
1221 3562 1394 3613 committitm

383 3680 747 3746 Gelasiuslustino
763 3679 1048 3743 archidiacono
1071 3676 1500 3745 etl'austodeiensori.

317 3801 580 3888 Volaterranae¹)
604 3800 757 3865 eeclesiae
780 3802 869 3863 aetus
891 3798 941 3863 vel
964 3796 1209 3882 patrimonium,
1238 3796 1321 3882 quod
1344 3796 1504 3865 hactenus

229 4051 259 4098 et
275 4045 328 4098 istc
347 4043 482 4115 epistolae
500 4049 546 4098 ib:
572 4053 598 4096 te
616 4062 651 4095 eac
667 4045 715 4094 bae
733 4043 850 4101 basilica,
870 4058 934 4107 puae
952 4044 1039 4092 taliter
1057 4043 1093 4091 ad
1108 4043 1198 4090 eslbrrs
1217 4039 1308 4103 sanat
1327 4043 1504 4105 praecedente

229 4137 352 4192 adducta,
371 4135 535 4198 suspendisse
552 4135 641 4182 nrbsas
657 4130 826 4195 probabiliter
843 4135 1022 4193 computamus.

297 4219 317 4285 ²)
336 4214 477 4284 Repetitio
496 4212 570 4267 vocis
588 4218 707 4267 raalcarsa
724 4211 834 4266 videtur
851 4224 1065 4280 supervacanea.

87 4304 135 4376 [a³.
150 4306 214 4377 Ed]
228 4310 261 4358 23
299 4305 318 4370 ¹)
340 4302 359 4354 Ζ
389 4305 545 4354 Valleraaae
568 4298 591 4351 Τ
614 4303 795 4355 l'olalerurae.
836 4294 961 4366 Elpidius
982 4283 1182 4348 Volaterranus
1205 4291 1352 4363 episcopus
1375 4292 1503 4349 marano

229 4387 345 4442 coneilio
365 4401 438 4440 anne
456 4390 504 4438 bol
524 4383 664 4438 celebrato
688 4380 860 4452 subscripsit.
897 4378 989 4450 Supra
1007 4381 1099 4434 autem
1118 4379 1276 4448 fragmento
1294 4383 1310 4431 ‘1
1327 4377 1369 4432 sic
1386 4395 1405 4433 a
1421 4378 1503 4435 cels

228 4474 268 4528 sio
291 4471 440 4542 corripitur
463 4469 607 4539 episeopus
625 4467 764 4538 bipalme,
790 4470 820 4521 ut
842 4466 901 4535 ejus
919 4468 983 4520 acta
999 4465 1052 4536 ipsi
1070 4464 1183 4518 minime
1204 4462 1319 4533 probari
1341 4462 1439 4532 palam
1457 4462 1502 4517 sit

229 4559 265 4612 nt
282 4559 351 4613 haec
369 4556 480 4626 quidem
499 4571 583 4609 causa
600 4553 717 4608 forsitan
735 4553 801 4620 fuit,
820 4570 867 4607 eur
885 4553 1070 4621 proventuum
1083 4548 1285 4604 Volaterrauae
1303 4547 1441 4603 ecclesiae
1459 4564 1503 4602 cu·

229 4661 302 4711 ram,
321 4659 404 4712 quam
417 4641 454 4696 ad
469 4639 612 4711 proprium
626 4638 785 4708 episcopum
797 4637 938 4708 pertinere
951 4634 1077 4691 Gelasius
1088 4635 1148 4705 ipse
1160 4633 1241 4704 epist.
1256 4637 1286 4686 l'l
1300 4631 1393 4698 docet,
1410 4632 1502 4687 eidem

229 4746 301 4782 nunc
323 4729 461 4782 sublatam
484 4726 678 4781 archidiacone
702 4726 732 4778 et
753 4723 890 4778 defensori
913 4721 1072 4776 demandet.
1109 4718 1190 4774 Certe
1208 4716 1368 4772 (invidentia
1391 4717 1501 4772 cuidam

228 4831 321 4868 renim
344 4813 475 4868 ecclesiae
497 4828 563 4865 suae
586 4808 867 4874 administrationem,
889 4825 945 4878 quo
967 4808 1069 4860 abusus
1091 4806 1196 4869 suerat,
1222 4819 1240 4857 a
1260 4801 1405 4873 Simplicio
1427 4818 1503 4872 papa

229 4897 337 4969 epistt
357 4905 413 4953 aa
435 4899 607 4953 subtractam
630 4898 659 4950 et
682 4895 718 4949 ad
741 4895 935 4964 presbytemm
957 4892 1121 4947 translatam
1143 4889 1271 4945 vidimus.
1312 4885 1396 4954 Quod
1416 4886 1442 4942 si
1462 4886 1503 4941 its
