3412 5664
426 331 572 381 noriam
595 330 706 379 uersa.
729 329 802 378 non
823 329 994 378 ansanus.
1018 330 1051 376 n.
1068 329 1268 377 v111—x111.
1421 314 1481 380 281

217 500 286 565 post
311 495 400 570 sapam
418 493 562 551 Joltannis
589 497 665 549 omni
688 495 896 565 suppliciorum
921 506 1028 564 ponere
1054 495 1154 548 aeneai
1169 490 1296 564 fuissent
1323 494 1484 552 orticodooci.

221 576 266 633 llis
284 579 417 645 addebant,
434 581 574 636 Acacium
588 580 664 636 laec
679 582 773 635 omnia
786 580 922 660 didicisse
934 593 991 649 per
1006 579 1152 650 quosdam,
1169 581 1220 650 qai
1234 579 1270 633 aab
1282 578 1484 636 Alexandrina

218 664 293 722 urbe
314 667 570 739 Constantinopolim
591 668 743 735 venissent,
767 679 886 738 eamque
901 663 984 720 Petri
1004 665 1201 720 administrum
1223 670 1250 719 et
1271 665 1436 737 adjutorem
1455 669 1485 721 in

214 753 348 811 omnibus
356 751 540 825 deprehendi.
692 822 694 825 Ι

824 877 882 943 XI.

210 1012 297 1053 asmo
314 993 369 1053 484
382 995 445 1051 eod.
463 998 549 1064 temp.
579 992 663 1048 Petri
676 990 871 1046 Alexandrini
884 992 924 1045 ad
937 991 1063 1046 Felicem
1076 1009 1185 1063 papam
1199 992 1314 1064 lepatio.

309 1093 495 1171 Ambigendum
518 1110 574 1150 nou
595 1091 709 1153 videtur.
732 1093 796 1165 quin
817 1100 845 1148 et
865 1094 921 1167 ipsc
941 1091 1038 1149 Petrus
1059 1092 1154 1149 eodem
1176 1101 1298 1168 tempore
1326 1093 1432 1167 legatos
1453 1094 1485 1171 ad

208 1182 334 1241 Idicem
351 1181 468 1242 iuuerit,
494 1180 541 1254 qui
561 1194 669 1234 causam
688 1178 773 1251 ipsius
794 1185 945 1234 tuerentur.
984 1178 1023 1233 Ad
1051 1179 1102 1236 tnoc
1121 1187 1195 1235 certe
1214 1188 1322 1253 tempus
1345 1179 1486 1236 commode

208 1269 357 1331 metans,
372 1265 446 1343 quod
460 1264 533 1339 apud
547 1263 716 1321 Anastasium
733 1280 827 1337 papam
843 1262 864 1318 ΙΙ
880 1281 923 1339 ep.
941 1264 959 1320 5
975 1281 1002 1320 n.
1027 1265 1046 1322 3
1064 1264 1160 1321 lecturi
1179 1281 1282 1328 sumus,
1305 1266 1341 1321 ab
1355 1266 1484 1322 Aleman-

208 1358 309 1413 ln'na
321 1356 426 1411 scilicet
441 1355 565 1409 ecclesia
588 1349 617 1423 (i.
634 1367 658 1406 e.
672 1348 755 1414 abiis,
772 1351 817 1423 qni
828 1349 910 1406 Petro
927 1349 1025 1407 addicti
1037 1351 1132 1423 crant.)
1145 1356 1244 1409 missos
1259 1367 1322 1407 esse
1338 1353 1487 1409 adsedem

210 1442 401 1515 apostolicam
421 1441 545 1512 tapetes,
572 1438 625 1493 sed
642 1437 682 1492 ibi
701 1443 847 1508 repertum
870 1452 933 1493 esse
954 1439 1102 1510 quemdam
1125 1439 1253 1510 ejusdem
1275 1441 1413 1501 ciuitatis,
1437 1441 1487 1511 qui

211 1530 333 1585 diverso
345 1528 464 1582 sentiret
477 1522 516 1595 (l1.
534 1540 558 1580 e.
574 1529 736 1597 sequeretur
751 1521 910 1578 catholicam
931 1521 1030 1595 tillem),
1062 1522 1176 1598 ejusque
1192 1540 1274 1597 opera
1293 1523 1426 1588 attactum,
1450 1540 1486 1580 ne

213 1615 275 1670 ula
299 1616 325 1669 in
337 1611 524 1683 suscipiendis
539 1611 641 1684 tepetis
656 1611 740 1680 copia
755 1609 958 1680 praeberetur.
991 1607 1162 1683 Quapropter
1190 1609 1215 1665 hi
1227 1625 1290 1666 nec
1313 1611 1352 1666 ad
1373 1608 1484 1682 faciem

215 1712 314 1773 aque
330 1699 508 1755 salutationis
533 1697 659 1765 admissi,
686 1697 746 1751 sine
767 1696 863 1768 aliquo
884 1697 993 1767 effecta
1008 1699 1121 1752 reversi
1144 1702 1219 1752 sant.
1251 1694 1312 1751 Sive
1336 1702 1425 1750 autem
1453 1694 1486 1750 ad

216 1782 336 1840 Felicem
352 1784 407 1839 site
421 1781 455 1837 ad
469 1781 551 1837 allum
572 1779 644 1837 sedis
666 1779 830 1855 apostolicae
846 1781 997 1855 praesulem
1018 1781 1091 1836 istud
1112 1783 1254 1855 pertineat,
1275 1780 1342 1837 nihil
1363 1781 1420 1855 egit
1443 1780 1486 1836 liic

216 1868 348 1942 mutiles.
361 1869 413 1925 uisi
428 1866 576 1943 quodcum
591 1864 747 1936 hujusmodi
762 1865 915 1921 hominihus
930 1866 1064 1941 agendum
1080 1884 1140 1923 osse
1152 1868 1247 1924 Aeaeis
1263 1868 1314 1942 Ipsi
1329 1883 1485 1940 persuasum

217 1960 292 2009 m.
320 1952 452 2029 tsqnippe
467 1951 605 2027 SImplicio
625 1950 659 2008 de
673 1951 755 2007 Petra
777 1969 807 2007 ac
821 1952 943 2008 lolianne
964 1953 1204 2028 pseudoepiscopis
1227 1952 1401 2008 antiochenis
1421 1952 1486 2008 scri-

217 2034 292 2095 tsm
308 2048 392 2097 auctm
405 2040 457 2113 Ipsi
473 2038 533 2102 Init,
554 2045 585 2094 ut
606 2041 633 2094 si
643 2037 723 2110 sorte
745 2038 891 2094 adsedem
908 2042 1095 2111 apostoticam
1119 2038 1325 2113 consnperent,
1349 2054 1403 2094 nec
1425 2041 1487 2095 aisn

217 2123 325 2197 ἕρπω
335 2126 451 2183 lateret
486 2123 585 2197 (Gelas.
601 2130 680 2189 tract.
696 2121 706 2178 I
722 2140 749 2179 n.
775 2121 835 2195 12),

813 2284 887 2352 XII.

218 2412 309 2457 nno
320 2396 372 2457 484
386 2400 413 2457 d.
428 2397 469 2457 28
485 2399 545 2455 Iul.
575 2397 662 2455 Gesta
678 2399 829 2471 synodalia
845 2400 880 2454 de
904 2399 1003 2456 Vitatis
1019 2404 1046 2453 et
1061 2399 1167 2457 Miseni
1181 2356 1282 2457 caasa.

314 2499 389 2570 Qum
413 2508 457 2559 tot
486 2502 667 2557 monumentis
694 2517 723 2557 ac
746 2500 861 2557 testibus
887 2500 921 2557 de
950 2502 1175 2576 praevaricatione
1203 2502 1356 2577 legatorum
1375 2519 1487 2559 suorum

219 2577 509 2645 temerantiam
525 2594 606 2649 esset,
629 2603 724 2644 eorum
740 2602 846 2642 causam
861 2588 888 2642 tn
904 2587 1009 2662 synodo
1025 2590 1154 2663 cognosci
1173 2588 1267 2646 valuit.
1299 2589 1374 2644 Varia
1388 2590 1488 2663 scripta

219 2664 253 2757 i}
273 2668 343 2729 lecta
355 2681 381 2731 et
400 2674 496 2749 gestis,
513 2688 581 2747 qnae
597 2671 705 2729 laudare
727 2671 834 2728 videtur
849 2670 978 2747 Euagrius
994 2672 1036 2745 III,
1054 2673 1103 2737 io,
1119 2673 1221 2750 IIIIgata
1243 2684 1316 2732 sunt.
1351 2673 1388 2731 Ibi
1403 2675 1488 2731 Acoe-

220 2762 352 2815 mentss
372 2759 493 2816 monachi
518 2759 637 2816 Vitalem
650 2775 686 2815 ac
702 2758 844 2816 Misenum
860 2767 1050 2829 accusarunt,
1073 2762 1151 2833 qnod
1170 2768 1238 2818 ante
1259 2763 1410 2818 adventum
1426 2764 1486 2835 qui·

220 2836 295 2895 Im
313 2845 413 2903 illorum
433 2848 462 2901 in
489 2845 587 2901 urbem
607 2848 716 2920 rapiam
731 2845 814 2902 Petri
834 2861 935 2902 nomen
957 2849 985 2902 in
1008 2849 1104 2902 saeris
1123 2848 1267 2920 diptpeliis
1282 2849 1393 2904 occulte
1414 2849 1488 2902 reci·

221 2928 461 3003 artemisiam
477 2932 673 3003 oeropublice
693 2934 817 2988 vocitari
831 2935 986 3004 coepisset,
1011 2938 1097 3005 atque
1118 2935 1158 2988 ito
1183 2933 1282 2989 Vitatis
1299 2950 1335 2988 ac
1356 2933 1488 2990 Misenus

222 3022 302 3067 tun
313 3030 338 3071 so
350 3019 612 3075 communicassent.
641 3015 697 3091 ipsi
712 3033 776 3072 vero
792 3015 874 3090 legati
890 3025 947 3072 tum
969 3018 1129 3090 interrogati
1145 3020 1283 3074 Acacium
1302 3021 1387 3074 totins
1399 3031 1487 3090 prae·

223 3100 407 3160 mutationis
421 3108 572 3159 auctorem
587 3117 651 3159 esse
666 3101 783 3158 confessi
799 3110 863 3157 sunt
886 3101 974 3173 (Gelas
989 3103 1067 3176 epist.
1087 3104 1101 3157 1
1128 3120 1154 3158 n.
1172 3102 1237 3174 35),
1259 3104 1349 3177 itaque
1372 3103 1487 3160 convicti

222 3190 248 3231 Β
269 3185 434 3245 menanti
448 3196 524 3245 sunt.
547 3188 713 3245 Sententiam
736 3187 864 3244 adversus
880 3204 927 3243 eos
943 3187 1040 3243 ‹lictam
1056 3205 1206 3243 montorans
1222 3187 1293 3244 Folia
1310 3206 1353 3261 cp.
1373 3190 1408 3244 11
1424 3207 1450 3243 n.
1469 3186 1487 3244 3

223 3260 257 3315 ΙΙ
272 3283 284 3317 =
311 3268 415 3331 litatem
429 3292 467 3331 ac
482 3274 625 3331 Misenum
640 3275 818 3332 sacerdotati
832 3280 859 3329 et
868 3282 1060 3332 sacrosancta
1075 3278 1269 3331 communione
1280 3277 1488 3346 suspendimus.

224 3344 345 3415 G‘thilen
358 3375 421 3417 nero
436 3376 479 3434 ep.
499 3362 514 3415 1
533 3378 560 3415 a.
577 3360 616 3417 39
633 3368 660 3416 et
681 3359 764 3418 3011.
782 3359 871 3418 sets
888 3360 1037 3417 sententiae
1054 3359 1090 3414 llli
1106 3358 1235 3431 ailjcctam
1252 3377 1312 3416 esse
1328 3369 1405 3417 notat
1420 3360 1489 3416 haim

223 3426 378 3501 buscha:
400 3446 493 3503 donec
514 3454 636 3503 auctore
655 3446 717 3503 Deo
743 3453 770 3502 et
790 3449 895 3503 arinisa
917 3448 1124 3503 catliotieornm
1137 3450 1305 3518 principum
1326 3449 1370 3503 ael
1388 3447 1490 3519 populi

225 3514 372 3587 mam
382 3532 586 3588 Menandrino
602 3533 774 3589 catholicum
789 3536 948 3604 recepisset
962 3535 1086 3589 ecclesio
1102 3533 1289 3593 sacerdotem,
1311 3532 1339 3587 h.
1356 3549 1380 3588 e.
1402 3531 1490 3588 donec

167 3620 169 3629 '
225 3611 236 3650 Ι
253 3616 286 3659 ⁸·
298 3605 366 3675 letti
385 3616 451 3673 sede
470 3617 622 3691 pelleretur
636 3616 741 3680 Petrus,
763 3635 823 3673 cum
840 3634 894 3692 qao
910 3617 985 3674 velut
1000 3617 1121 3693 legitImo
1137 3617 1195 3689 ejus
1210 3634 1368 3675 successore
1382 3625 1490 3694 praeter

227 3678 264 3738 ΙΙ*
295 3703 555 3759 momentaneam.
585 3702 670 3760 Porro
692 3704 718 3759 iu
739 3719 770 3759 ca
792 3705 849 3777 Ipsa
869 3703 988 3778 synodo,
1022 3705 1050 3759 ia
1070 3721 1123 3778 qua
1144 3703 1283 3759 damnatus
1305 3711 1347 3760 est
1367 3705 1487 3767 Aeacius,

228 3764 344 3855 adeoqne
356 3786 382 3844 d.
399 3787 514 3846 aetatu
536 3789 598 3845 anni
616 3787 687 3853 484,
703 3788 817 3846 Vitalem
839 3806 869 3845 ac
885 3789 1014 3846 Misenum
1032 3788 1167 3860 judicatos
1180 3807 1240 3846 esse
1255 3789 1407 3847 breviculus
1424 3790 1487 3846 hist.

229 3845 337 3933 hera.
362 3872 461 3947 (ceta.
478 3882 556 3931 irai.
572 3872 583 3929 1
597 3891 625 3930 a.
644 3874 693 3948 13)
708 3874 798 3932 noces.

812 4020 903 4087 XIII.

239 4122 302 4174 ⁸⁸¹⁰
316 4126 374 4187 484
385 4138 453 4204 post
466 4146 557 4189 mens.
574 4132 647 4207 Aup.
676 4132 785 4205 Rufini,
806 4132 937 4189 Thalasii
950 4139 979 4188 et
993 4138 1157 4189 ceterorum
1166 4134 1414 4207 presbyterorum,
1439 4155 1488 4192 ar·

370 4218 627 4275 claimandritarum
646 4235 684 4275 oc
699 4220 905 4276 mansuetiorem
925 4219 1006 4275 urlris
1020 4221 1119 4292 repiae
1140 4225 1167 4275 et
1183 4218 1337 4292 Bithyniae
1359 4223 1399 4277 ad
1412 4222 1487 4277 Feli·

371 4318 432 4361 cem
441 4320 555 4377 papam
569 4303 605 4360 de
622 4304 688 4362 Tuti
701 4304 865 4378 defensoris
876 4307 1133 4379 praevaricatione
1148 4306 1336 4362 denuntiatio.

311 4396 469 4462 Mundam
483 4404 613 4463 adversim
634 4407 757 4464 Acacium
780 4406 860 4464 latam
875 4405 1126 4482 satraparum
1142 4405 1311 4464 defensorem
1327 4408 1408 4464 misit.
1436 4406 1489 4464 Scd

251 4490 319 4553 ΙΨ
331 4487 368 4547 hta
380 4490 458 4549 matt
474 4508 506 4548 ac
526 4490 629 4549 Hasna
644 4494 815 4550 constantior
835 4510 902 4549 auro
917 4494 1054 4568 corrumpi
1069 4493 1185 4549 sasivit.
1223 4492 1260 4549 lte
1280 4493 1357 4565 cujus
1377 4492 1489 4568 perfidia

251 4563 349 4630 Μία
360 4574 481 4643 llullnus,
496 4576 646 4643 Thalamus,
661 4577 814 4654 presbyteri
835 4587 863 4636 et
884 4578 1105 4636 archimandritae
1125 4579 1263 4652 ceterique
1282 4579 1405 4636 monachi
1419 4579 1489 4636 circa

251 4654 481 4739 &gemmapia
495 4666 639 4721 constituti
655 4665 759 4722 litteras
775 4665 808 4722 ad
824 4664 938 4723 reticem
954 4682 1003 4740 per
1016 4664 1142 4722 Basiliam
1164 4666 1305 4727 miserunt.
1321 4663 1418 4739 quihus
1433 4664 1488 4721 'la-

249 4750 400 4816 manuni
416 4757 578 4826 corruptum
594 4750 690 4808 Acacio
706 4751 830 4808 damnata
845 4752 994 4808 inhaesisse
1010 4749 1206 4828 significabant.
1229 4750 1276 4807 IIIs
1288 4759 1378 4808 autem
1390 4749 1488 4808 litteris

247 4824 396 4897 subsidua
406 4834 532 4894 videntur
546 4837 681 4912 propriam
694 4839 780 4913 ipsius
792 4838 855 4895 Tuti
870 4837 1021 4913 epistolam.
1034 4855 1114 4913 quam
1129 4837 1175 4894 ille
1190 4835 1299 4894 diliteri
1314 4853 1370 4893 aon
1385 4838 1487 4900 voleus.

241 4912 437 4991 indemnitates
452 4921 647 4981 condemnatus
668 4931 720 4983 est.
751 4923 806 4982 Nee
827 4924 878 4981 alia
899 4923 933 4981 de
947 4940 1026 4982 causa
1041 4923 1156 4991 Felicem
1178 4925 1216 4980 eis
1239 4923 1273 4980 de
1288 4923 1425 4981 nonuutl’u
1441 4939 1489 4981 so·
