3450 5678
261 115 324 178 628
687 123 914 172 sermenem
937 123 962 169 11
986 121 1098 169 esraa

208 295 249 362 a.)
262 305 359 348 unum
372 281 545 360 Christum,
569 277 713 342 eumdem
736 276 852 339 Filium
867 274 927 339 Dei
950 279 983 339 et
1004 274 1143 338 hominis
1158 273 1363 357 unigenitam
1383 297 1404 339 a
1418 272 1529 355 Patre,

213 456 218 469 ¹
261 389 294 449 et
314 382 564 469 primogenitum
586 401 624 442 ex
646 377 780 441 mortuis
797 377 999 458 eonfitemur3
1022 377 1170 456 scientes,
1194 374 1279 459 quod
1293 373 1422 458 quidem
1440 396 1530 441 rom-

193 451 373 550 'lg'ternus
395 484 439 548 sit
459 504 516 546 suo
538 480 628 544 Patri
650 479 824 542 secuudum
847 479 1065 560 divinitatem,
1095 477 1271 541 secundum
1297 497 1394 559 quam
1422 475 1531 559 opifex

262 591 312 652 est
338 585 494 666 omnium,
530 586 562 646 et
590 581 742 665 dignatus
770 584 819 644 est
846 584 919 663 post
948 578 1189 644 consensionem
1217 580 1350 641 sanctae
1371 575 1532 660 Virginis,

261 710 358 774 quum
379 686 462 751 dixit
482 684 522 748 ad
544 684 710 768 angelum:
736 687 816 747 Eece
831 688 946 745 ancilla
959 687 1092 762 Domini,
1112 688 1170 757 fia!
1191 685 1266 743 mihi
1284 684 1451 743 sermidam
1467 700 1533 742 oer-

261 796 328 855 Imm
350 801 448 866 tuum,
483 784 688 849 ineffabiliter
715 785 776 848 sibi
806 806 844 847 ex
872 784 942 867 ipsa
971 782 1138 847 aedificare
1160 780 1331 866 templum,
1365 785 1399 845 et
1421 780 1534 845 statim

262 892 324 957 sibi
346 890 465 971 univit,
489 887 571 973 quod
594 909 661 952 non
684 891 887 950 coaeternum
915 885 953 949 de
982 907 1040 948 sua
1062 884 1243 948 substantia
1265 904 1282 947 e
1305 882 1393 947 coelo
1416 881 1534 946 detulit

263 1013 386 1076 corpus,
410 990 465 1055 sed
487 1012 526 1054 es
548 1010 654 1052 massa
676 992 804 1051 nostrae
827 987 1037 1068 substantiae,
1062 986 1122 1050 hoc
1144 989 1194 1050 est
1216 1008 1254 1049 ex
1276 985 1415 1069 virgine.
1462 982 1534 1047 Hoc

262 1092 423 1178 accipiens
451 1095 484 1156 et
512 1091 573 1154 sibi
597 1091 726 1171 aniene,
755 1112 822 1153 non
843 1088 930 1152 Deus
952 1088 1094 1152 Verbum
1124 1088 1158 1151 in
1186 1108 1315 1151 earnem
1338 1107 1451 1151 versus
1472 1090 1532 1165 est,

262 1217 365 1281 neque
387 1198 423 1259 ut
444 1192 637 1279 phantasma
660 1213 835 1275 apparens,
866 1190 920 1254 sed
950 1188 1238 1253 inconvertibiliter
1265 1192 1298 1252 et
1319 1188 1533 1253 incommuta·

262 1297 370 1362 biliter
391 1317 481 1360 suam
505 1294 706 1358 conservavit
728 1293 911 1375 essentiam,
941 1292 1100 1375 primitias
1123 1294 1257 1355 naturae
1280 1295 1411 1354 nostrae
1434 1290 1532 1354 susci-

263 1399 356 1483 piens
378 1396 441 1462 sibi
463 1396 578 1461 univit.

581 1555 697 1615 Iterum
719 1553 854 1631 ejusdem
874 1567 974 1629 papae
996 1553 1037 1613 ad
1061 1553 1209 1612 eumdem.

348 1671 378 1733 3.
411 1668 585 1752 Nunquam
608 1671 713 1731 autem
735 1689 793 1750 per
815 1667 1079 1730 resurrectionem
1101 1664 1256 1730 unitionis
1271 1668 1401 1729 nestrae
1416 1662 1531 1729 disces·

264 1772 307 1836 sit
328 1793 348 1833 a
370 1770 498 1855 proprio
520 1769 650 1853 templo,
679 1791 738 1832 nec
761 1768 921 1832 discedere
944 1772 1050 1852 potest
1072 1771 1203 1854 propter
1224 1766 1421 1831 ineffabilem
1442 1788 1532 1831 suam

264 1872 511 1956 benignitatem.

776 2022 957 2125 Epistola
983 2024 1006 2105 5

871 2158 920 2194 seu

139 2245 253 2312 (elea)
307 2237 477 2302 Libellus,
501 2250 603 2303 quem
625 2235 794 2291 dederunt
816 2234 1029 2303 apocrisiarii
1051 2234 1302 2290 Alexandrinae
1324 2230 1494 2290 ecelesiae

287 2346 296 2367 ⁸
385 2337 507 2406 legatis
529 2338 573 2392 ab
594 2338 680 2393 urbe
701 2331 840 2413 Romal)
863 2336 1191 2405 constantinopolim
1212 2336 1406 2393 destinatis.

418 2482 718 2546 Gloriosissimo
746 2486 860 2566 atque
888 2481 1233 2546 excellentissimo
1262 2479 1437 2565 patricio
1466 2476 1536 2545 Fe·

509 2585 602 2665 sto'2)
631 2588 668 2646 et
696 2582 994 2647 venerabilibus
1022 2582 1222 2667 episeopis
1245 2580 1468 2647 Cresconio
1496 2586 1545 2648 et.

510 2686 703 2748 Germano
726 2685 840 2748 simul
865 2708 947 2748 eum
970 2685 1053 2768 ejus
1076 2687 1279 2769 potestate
1301 2683 1475 2750 directis
1494 2684 1551 2751 in.

510 2787 714 2871 legatione
751 2787 798 2849 ah
831 2787 924 2850 urbe
952 2786 1071 2850 Roma
1105 2785 1149 2848 ad
1178 2785 1551 2851 clementissimum

511 2894 548 2953 et
570 2888 728 2953 Christo
752 2889 957 2952 amabilem
979 2889 1258 2972 imperatorem
1274 2888 1556 2954 Anastasium.
1645 2878 1698 2925 ⁴¹

455 3055 461 3064 ,
511 2990 812 3054 Alexandrinae
835 2989 1085 3054 venerabilis
1108 2988 1567 3055 ecclesiaeDioscerut
1640 2980 1702 3025 ε

511 3071 719 3176 presbyter
761 3095 799 3155 et
841 3093 1081 3156 Chaeremon
1129 3091 1273 3175 lector,
1325 3094 1561 3177 responsiu-
1634 3082 1704 3132 ε

511 3193 685 3276 ejusdem
708 3192 905 3287 eeclesiae
928 3193 1196 3280 servientes³).

1661 2780 1694 2821 λ

338 3384 357 3449 ¹)
376 3380 486 3434 Scilicet
508 3380 543 3433 ab
566 3379 712 3432 Anastasio
734 3397 821 3449 papa,
849 3383 880 3433 ut
901 3379 1071 3449 superiorem
1094 3380 1270 3449 epistolaml
1295 3380 1331 3434 ad
1354 3382 1560 3438 Anutssiun
1638 3376 1677 3416 ¹

268 3467 423 3533 Augustum
442 3464 589 3517 deterrent.
626 3464 704 3517 Hunc
723 3467 815 3517 autern
837 3464 961 3518 libellum
983 3483 1083 3534 graece
1102 3465 1235 3534 scriptum
1258 3463 1401 3520 dederant
1417 3468 1550 3523 Alem-
1633 3477 1657 3489 ‘

270 3549 365 3603 driuae
383 3549 513 3603 eeclesiae
532 3549 629 3618 legati,
648 3549 695 3601 sed
714 3549 761 3602 ubi
779 3550 895 3602 ltommn
914 3550 1036 3619 perlatus
1055 3550 1118 3616 fuit,
1136 3567 1153 3604 a
1170 3549 1303 3619 Dionysio
1318 3550 1431 3621 Exiguo
1450 3552 1550 3607 latine
1632 3547 1661 3584 ’-

271 3651 431 3688 conversum
449 3652 516 3697 esse,
534 3639 602 3687 nota
619 3633 655 3687 ad
673 3633 777 3687 calcem
795 3633 927 3696 codicum,
946 3651 978 3687 er
997 3634 1096 3702 quihus
1114 3635 1227 3705 prodiit,
1244 3634 1360 3703 adjecta
1377 3651 1430 3689 noa
1443 3636 1537 3693 eooee.
1639 3658 1651 3669 ·

337 3721 357 3787 2)
376 3719 428 3782 eui
450 3719 578 3773 nimirmn
600 3737 617 3772 a
639 3716 812 3771 Theoderico
835 3719 869 3772 ad
892 3719 1068 3773 harastasium
1091 3721 1245 3789 Augustum
1272 3718 1375 3775 eodem
1397 3723 1534 3794 tempore.

271 3820 325 3871 quo
344 3801 504 3856 Cresconius
522 3807 551 3858 et
569 3804 731 3868 Germanus,
753 3803 789 3856 ab
807 3804 953 3858 Anastasio
971 3821 1046 3874 papa
1067 3804 1166 3859 missus
1187 3806 1285 3858 fuerat.
1322 3804 1441 3861 Festum
1459 3825 1532 3863 sena

270 3890 360 3942 torem
379 3888 453 3941 urbis
471 3889 576 3942 Itomae
595 3894 625 3942 eb
642 3895 724 3942 civilia
743 3896 864 3957 perardum
884 3896 984 3957 repotia
1002 3894 1067 3943 tunc
1085 3889 1121 3943 ad
1139 3889 1315 3944 Mastusium
1332 3888 1528 3961 imperatorem

270 3973 438 4027 destinatum
462 3992 520 4027 esse
544 3974 705 4028 Theodorus
727 3974 814 4027 lector
836 3973 882 4027 lib.
897 3975 934 4037 ll,
957 3974 1140 4044 Theophanes
1162 3992 1227 4044 pag.
1241 3980 1291 4028 220
1308 3991 1343 4029 ae
1360 3975 1528 4047 Nicephorm

269 4059 316 4111 lib.
330 4057 392 4111 xvl
412 4076 433 4111 e.
447 4065 479 4111 35
497 4058 618 4123 tradunt,
637 4058 689 4111 hoe
702 4061 744 4111 est
756 4061 787 4111 ut
798 4059 1001 4112 Theodericum
1013 4059 1086 4112 inter
1098 4062 1127 4113 et
1138 4059 1316 4114 Anastasium
1327 4077 1431 4129 paoem
1443 4062 1527 4117 iniret

270 4142 340 4196 ltine
358 4159 511 4210 anonymus
529 4160 546 4196 e
563 4142 673 4196 Valerio
692 4142 782 4195 editus
799 4150 871 4210 furta
888 4164 952 4211 pure
971 4165 1023 4195 rum
1042 4150 1182 4199 Anastasio
1199 4151 1354 4213 imperatore
1371 4166 1423 4215 per
1434 4150 1526 4201 Festa·

270 4234 302 4280 de
319 4235 523 4295 praesumptione
541 4235 620 4294 rrpni,
638 4234 719 4281 (inania
737 4241 883 4283 ornamento
902 4234 980 4296 repsi,
999 4250 1063 4297 quae
1077 4233 1209 4283 lldonrher
1226 4234 1472 4300 commetropoli-
1488 4238 1527 4285 d·

269 4324 349 4373 serat,
368 4319 465 4380 pohrlio
483 4319 587 4365 remisse
606 4312 681 4365 dicit.
709 4312 784 4365 Idem
802 4313 900 4367 Festus
917 4314 980 4381 post
997 4316 1115 4368 mortem
1132 4313 1273 4369 Anntasii
1288 4331 1384 4385 papae
1401 4332 1488 4385 quum
1502 4318 1529 4371 et

270 4397 344 4466 apud
363 4396 564 4450 Theodericum
587 4414 681 4464 regern
708 4400 737 4450 ct
759 4398 834 4466 apud
856 4397 1031 4451 Anastasium
1059 4398 1256 4469 imperatorem
1283 4399 1380 4467 gratia
1405 4400 1527 4471 polleret

270 4481 424 4549 gravissimi
442 4481 470 4534 in
488 4480 610 4534 Ecclesia
627 4482 782 4536 schismatis
800 4486 897 4537 auctor
914 4501 947 4537 ae
965 4485 1057 4537 fautor
1074 4484 1238 4555 praecipuus
1255 4484 1316 4538 fuit.

338 4570 357 4619 ἰ
376 4566 402 4618 h.
417 4583 440 4619 e.
460 4566 506 4633 qui
524 4564 647 4634 ejusdem
666 4567 796 4621 eeclesiae
815 4567 1016 4622 Alexandrinae
1038 4569 1198 4639 negotiata
1216 4571 1296 4641 regia
1313 4571 1384 4626 urbe
1402 4588 1526 4643 procura·

271 4650 347 4716 hant,
366 4650 594 4720 apocrisariormn
613 4669 726 4705 nrunore
744 4653 898 4721 fungentes.
