3450 5678
223 302 286 368 144
704 317 731 368 s.
749 317 872 366 urnam
894 317 1009 365 esras

111 485 207 537 asca.
221 473 276 537 sed
299 492 395 537 musa
417 472 687 562 praesumptionis
710 472 828 536 amisit.
874 469 968 536 Unde
989 474 1115 536 vestrae
1136 469 1352 535 fraternitatis
1372 470 1411 535 in
1433 468 1498 537 Dc

220 575 309 639 mino
331 574 456 639 sincera
477 574 615 658 dilectio,
639 573 886 638 sollicitudinem
907 573 1079 656 pastoralis
1102 594 1197 638 curae
1218 573 1254 637 in
1275 573 1343 637 suis
1364 572 1497 639 sedibus

220 676 342 760 partita
362 677 538 760 nobiscum,
563 677 801 741 commissarum
823 674 885 739 sibi
906 674 1114 740 ecclesiarum
1135 674 1339 760 diligentiam
1353 674 1496 761 vigilan·

219 782 270 842 ter
291 783 447 862 exerceat,
476 783 509 843 et
531 800 638 844 eorum
660 776 780 860 taliter,
807 797 888 861 quac
916 777 950 841 in
973 770 1179 842 Narbonensi
1200 777 1368 862 provincia
1390 798 1494 843 emer·

219 902 299 965 sere,
321 880 513 963 meminerit,
537 885 574 944 ut
595 881 770 945 detestetur
784 879 907 944 factum
921 880 1039 964 potius,
1064 900 1160 964 quam
1174 882 1282 944 sumat
1296 879 1492 964 exemplum.

219 982 309 1057 Quod
331 984 378 1047 ita
400 983 551 1066 deinceps
578 1003 647 1046 esse
668 980 826 1065 nolumus,
856 982 939 1045 sicut
960 980 1107 1046 novimrrs
1129 1003 1195 1047 non
1215 980 1327 1047 fuisse.
1364 981 1493 1067 Itaque,

119 1085 121 1089 ’
219 1083 335 1148 fratres
362 1083 529 1168 carissimi,
566 1083 755 1148 necessariis
781 1083 894 1147 studiis
925 1086 974 1147 est
1000 1083 1172 1169 agendum,
1201 1104 1244 1148 ne
1266 1104 1367 1166 error,
1397 1104 1495 1168 quem

215 1184 350 1268 juvante
373 1184 499 1250 Christo
514 1185 653 1250 Domino
675 1187 785 1249 nostro
806 1207 910 1268 nuper
933 1184 1139 1269 abolevimus,
1163 1189 1219 1249 aut
1240 1186 1276 1250 in
1297 1185 1421 1250 similes
1437 1188 1496 1250 ant

218 1285 253 1349 in
280 1308 379 1351 novos
406 1310 548 1373 unquam
572 1287 699 1371 prodire
721 1287 823 1370 possit
844 1308 1001 1365 excessus.
1047 1286 1137 1361 cuod
1164 1288 1273 1372 utique
1302 1308 1369 1351 non
1399 1285 1497 1351 aliter

217 1388 336 1472 poterit
358 1390 552 1472 praecaveri,
586 1390 650 1453 nisi
673 1391 796 1453 statuta
817 1389 1072 1452 venerandorum
1095 1411 1253 1454 canonum
1275 1390 1310 1453 in
1332 1386 1496 1453 faciendis

219 1491 439 1575 conventibus,
461 1513 540 1576 quos
562 1490 718 1555 hactenus
738 1490 844 1554 omitti
858 1487 937 1555 fecit
953 1494 1040 1554 certa
1056 1492 1242 1573 necessitas,
1266 1512 1495 1576 exsequamur:

217 1593 388 1677 inquibus
415 1594 540 1677 possint
561 1614 620 1677 pro
647 1592 884 1676 emergentium
911 1592 1104 1657 neoeasitate
1132 1614 1300 1657 causarum
1328 1593 1370 1657 ad
1391 1592 1495 1659 eccle

217 1695 366 1760 siasticae
388 1695 626 1760 observantiam
655 1693 844 1777 disciplinae
871 1697 904 1757 et
931 1716 1012 1779 quae
1038 1716 1129 1759 secus
1156 1694 1245 1760 facta
1272 1693 1396 1759 fuerint
1424 1716 1494 1761 ecr-

216 1797 291 1882 rigi,
316 1800 349 1861 et
369 1798 531 1883 sequenda
554 1796 715 1862 constitui.

301 2105 332 2167 4.
370 2103 433 2168 Per
459 2125 561 2167 annos
588 2104 697 2186 itaque
725 2102 869 2187 singulos
899 2124 938 2166 ex
970 2101 1161 2186 provinciis,
1200 2102 1316 2186 quibus
1347 2104 1494 2188 potuerit

217 2205 469 2301 congregari¹¹),
494 2205 650 2270 habeatur
672 2204 851 2288 episcopale
875 2204 1061 2268 concilium:
1084 2203 1132 2267 ita
1153 2205 1191 2266 ut
1203 2204 1397 2288 opportunis
1411 2205 1492 2271 locis

218 2310 312 2391 atque
333 2306 531 2390 temporibus
554 2306 728 2370 secumdum
751 2305 993 2389 dispositionem
1014 2305 1126 2369 fratris
1141 2309 1174 2369 et
1189 2306 1371 2391 coepiscopi
1385 2308 1490 2372 nostri

218 2407 353 2491 Leontii,
378 2407 478 2495 suist)
501 2407 748 2472 sollicitudinem
769 2409 804 2471 iu
826 2407 1061 2493 congregandis
1083 2407 1239 2471 fratribus
1256 2408 1490 2493 delegavimus,

216 2509 469 2594 metropolitanis
498 2531 555 2594 per
582 2510 706 2574 litteras
729 2510 798 2593 ejus
821 2509 992 2573 admonitis
1015 2508 1207 2574 celebretur:
1229 2512 1267 2574 ut
1287 2510 1315 2574 si
1337 2510 1415 2595 quid
1438 2534 1489 2576 us·

216 2634 310 2695 quam
333 2612 383 2675 vel
405 2613 440 2676 iu
462 2611 648 2676 ordinandis
677 2611 833 2695 episcopis
863 2610 910 2674 vel
934 2610 1128 2695 presbyteris
1151 2615 1208 2674 aut
1230 2610 1402 2694 cujuslibet
1424 2611 1488 2678 loci

216 2830 256 2884 tio
275 2833 306 2885 ut
324 2832 425 2886 seniori
443 2832 576 2902 episcope
594 2829 775 2886 demandavit
792 2830 837 2898 (cf.
848 2830 932 2885 Leon.
946 2830 1025 2900 epist.
1042 2837 1073 2886 10
1090 2848 1117 2884 u.
1129 2837 1144 2886 7
1156 2832 1186 2887 et
1197 2833 1233 2900 7).
1269 2830 1385 2901 Hocque
1402 2833 1489 2890 modo

215 2934 300 2986 quum
318 2900 548 2988 metr'opolitanus
565 2917 694 2985 exigente
707 2932 791 2970 cansa
802 2914 838 2970 ab
851 2915 1026 2970 ordinatione
1039 2916 1234 2985 episcoporum
1245 2916 1406 2985 provinciae
1419 2934 1489 2975 eune

213 3002 384 3071 prohibetur,
403 3002 439 3056 ud
457 3001 632 3072 disciplinans
650 3001 756 3056 reditur
768 2999 840 3054 Afris
857 3001 999 3065 usitatam,
1017 3017 1074 3068 qnu
1091 3000 1252 3068 provinciae
1269 3001 1363 3057 senior
1380 3005 1414 3057 nt
1429 3003 1487 3074 pri·

213 3104 273 3142 ruas
291 3088 344 3141 hoc
361 3105 476 3142 munere
493 3088 670 3156 fungebatur.
707 3086 787 3151 Quod
804 3102 871 3140 sane
888 3085 1020 3155 prudenti
1039 3084 1152 3147 consssio
1175 3086 1220 3139 est
1236 3086 1429 3156 nundinatum,
1450 3106 1489 3145 ne

213 3173 444 3242 metropolitanus
462 3173 535 3226 hanc
552 3189 613 3226 esse
631 3172 799 3239 singularem
818 3187 884 3225 suae
903 3169 975 3223 sedis
993 3169 1221 3239 praerogativam
1232 3170 1388 3241 obiurget
1399 3172 1489 3243 idque
1520 3226 1526 3237 ,

214 3274 263 3309 suro
283 3257 335 3310 sibi
349 3258 413 3324 J'urc
431 3256 560 3311 vindicet.
886 3273 890 3276 ·

283 3344 300 3376 ¹¹
304 3354 313 3408 ι
331 3341 357 3394 h.
372 3358 405 3406 c,
424 3344 454 3394 ut
471 3341 672 3410 intorpretatur
684 3339 783 3393 Petrus
801 3339 836 3393 de
847 3339 943 3394 Maron
959 3339 994 3394 de
1007 3338 1135 3394 concord
1148 3338 1253 3395 ncerd.
1266 3342 1297 3396 ct
1306 3339 1374 3412 imp.
1384 3340 1435 3410 vl,
1445 3348 1488 3410 17,

213 3431 401 3492 episcoporum,
431 3432 475 3493 qui
491 3446 506 3477 a
525 3430 625 3494 regibus
641 3431 787 3478 sinerentur
809 3429 933 3477 secedere
957 3429 992 3478 ad
1011 3429 1138 3494 synodos:
1167 3445 1224 3480 nm
1245 3445 1277 3481 eo
1299 3436 1427 3495 tenpore,
1453 3432 1489 3483 ut

213 3507 313 3561 deinde
331 3509 470 3573 observat,
488 3528 563 3575 repes
574 3513 649 3563 Gottr'
664 3514 836 3576 possederunt
851 3520 984 3579 strenaque
996 3513 1161 3578 Aprdtuniurs
1178 3521 1205 3564 et
1216 3514 1488 3580 nmmum,

213 3603 343 3662 rarumque
362 3598 551 3648 Narbonensem
569 3605 595 3646 et
611 3598 766 3661 procinctum
779 3597 890 3661 Alpium.
918 3596 1142 3663 Burgundionibus
1159 3598 1286 3664 porretani
1298 3599 1489 3663 lnam

217 3680 373 3732 Viennenses
390 3688 417 3732 et
432 3683 609 3741 Vesustr'onen
629 3682 724 3730 Franci
740 3696 801 3731 cero
818 3683 940 3747 reliquum
955 3683 1093 3733 Galliarum
1111 3683 1279 3748 occupabat.
1296 3706 1330 3719 -·
1348 3678 1405 3735 Sed
1423 3681 1485 3737 veri

212 3761 326 3817 amilius
342 3762 396 3817 hcc
413 3763 476 3817 ideo
495 3761 599 3817 dictum
616 3762 734 3829 videtur,
753 3761 828 3831 quod
839 3761 1000 3832 provinciae
1010 3762 1171 3820 Gallicanae
1188 3764 1375 3820 barbarorum
1391 3764 1487 3821 meur·

212 3845 334 3901 sionibus
351 3847 496 3917 pectebant.

282 3935 313 4000 ¹²)
331 3933 455 3987 Zosimus
473 3950 549 4003 papa
566 3934 711 4003 epistolar
729 3932 759 3985 id
773 3931 845 4000 juris
862 3931 992 4002 episcopo
1004 3932 1159 3989 Arelatensi
1172 3933 1319 3999 detulerat,
1337 3936 1487 3993 rutenus

211 4016 285 4071 intra
303 4017 408 4072 Gallius
426 4022 602 4086 emergentes
620 4018 764 4088 adipsum
786 4016 973 4083 deferrentur,
1002 4018 1076 4072 haud
1099 4018 1182 4072 dubie
1203 4018 1233 4073 in
1255 4018 1371 4074 ocndlio
1393 4020 1487 4077 diseu-

124 4135 129 4141 ·
211 4102 323 4157 tiendus
341 4120 375 4157 ac
391 4102 574 4170 definiendae,
591 4121 676 4172 quum
695 4105 724 4157 et
740 4101 794 4172 ipsi
810 4103 955 4172 pontifices
972 4103 1092 4157 Romani
1109 4104 1162 4158 hoc
1178 4102 1263 4158 modo
1280 4120 1379 4159 musae
1395 4106 1436 4161 ad
1452 4124 1486 4163 ee

211 4186 320 4241 delatas
342 4187 512 4256 expedirent.
554 4188 594 4243 llo
618 4188 716 4242 ductim
734 4190 900 4257 argumento
923 4206 943 4241 s.
963 4188 1084 4242 Hilarius
1107 4187 1286 4242 ccnmfiorum
1303 4188 1486 4259 expluribus

210 4271 359 4342 provinciis
377 4272 564 4340 cogendorum
582 4273 779 4328 auctoritatem
797 4271 851 4326 sibi
869 4275 1027 4343 competere
1044 4288 1096 4342 pro
1115 4274 1191 4327 certo
1208 4272 1315 4327 habuit
1345 4272 1439 4338 Quam
1457 4275 1485 4333 ei

210 4373 262 4426 per
278 4374 299 4411 s.
318 4357 439 4411 Leonem
457 4357 582 4413 ablatam
600 4365 629 4412 ct
646 4357 747 4413 seruori
765 4357 897 4427 episcopo
916 4358 1013 4413 datam
1031 4360 1074 4424 (ci.
1088 4357 1172 4413 Leon.
1191 4357 1272 4428 ep'ut.
1287 4364 1319 4415 10
1335 4375 1362 4413 ιι.
1373 4364 1391 4415 7
1403 4360 1485 4431 ss),

212 4441 353 4496 Ravcnnio
372 4442 522 4498 successori
539 4443 699 4498 restitutam
717 4460 791 4508 esso,
813 4441 921 4497 dnobus
940 4461 973 4497 ex
991 4443 1059 4497 locis
1076 4442 1228 4512 colligitur:
1250 4441 1342 4512 prime
1364 4443 1485 4514 quiden

210 4543 243 4581 ex
262 4527 396 4596 synodica
412 4527 613 4599 episcopormn,
632 4544 702 4597 qrros
715 4527 873 4582 ltavennins
892 4527 1136 4582 communicandae
1148 4527 1248 4583 Leonis
1265 4527 1303 4583 ad
1314 4527 1484 4587 sunnam

210 4612 346 4682 epistolae
364 4628 449 4668 causa
466 4616 599 4682 coegerat
615 4613 709 4682 (Leon
729 4613 809 4682 epist.
823 4616 880 4680 99);
901 4611 1000 4667 deinde
1019 4630 1051 4667 er
1070 4613 1268 4668 convocatione
1285 4612 1397 4668 concidi
1414 4614 1484 4671 Arc·

211 4697 324 4751 intensis
339 4697 369 4751 in
387 4714 471 4753 eausa
487 4697 639 4753 Lirinensis
655 4697 763 4752 insulae
782 4697 914 4752 celebrati
934 4697 1028 4765 (ilerd.
1043 4699 1104 4753 coll.
1125 4714 1200 4752 conc.
1214 4698 1248 4764 ΙΙ,
1261 4702 1311 4753 na
1322 4702 1387 4768 sq.).
1417 4698 1484 4756 Non

210 4796 278 4848 ergo
296 4782 402 4851 primns
419 4782 541 4837 omniurn
560 4784 670 4838 Hilarus
692 4783 722 4838 id
739 4783 811 4851 juris
829 4783 984 4838 Arelatensi
1008 4784 1139 4853 episeopo
1161 4782 1272 4849 tribuit,
1293 4786 1327 4838 ut
1348 4784 1484 4855 opinans

211 4866 386 4922 doctissimus
405 4870 503 4923 Petrus
520 4871 556 4923 de
574 4871 670 4925 blarru
688 4870 704 4922 l.
719 4888 741 4923 e.
761 4869 807 4933 Vl,
823 4875 852 4924 17
871 4888 897 4922 n.
913 4876 951 4925 10.
