3412 5664
320 313 385 379 290
795 330 823 379 s.
841 327 982 377 asnssn
1004 326 1120 395 sinan

206 485 487 569 (²·4⁸⁸P012l0fi8‚
511 485 565 568 qui
588 487 623 551 et
642 482 809 548 Timotheo
833 482 1001 564 catholico,
1030 503 1111 566 quae
1140 482 1317 565 statiusset,
1346 502 1502 545 murmura
1528 500 1546 545 a

201 559 307 619 *⁴⁸⁹³
320 587 476 671 promisit,
501 608 520 649 a
543 586 631 669 cujus
653 585 715 649 luit
737 584 850 648 Petrus
874 584 1096 649 communione
1118 583 1285 667 discretus,
1309 586 1343 648 et
1365 604 1473 669 aquo
1489 604 1546 669 pas

292 689 405 753 *latus
427 691 477 752 est
497 688 625 773 longius
653 686 767 751 debere
795 688 934 772 relegari
962 690 1058 772 atquc
1080 686 1144 751 huc
1165 687 1288 771 pariter
1309 689 1343 750 et
1364 684 1546 751 sommum

319 791 419 876 polim
446 790 581 855 relatus:
614 790 698 854 sicut
727 791 825 853 etiam
851 791 989 854 testatur
1016 789 1170 871 Aeacius,
1206 790 1361 853 asancto
1386 786 1533 855 Protario

320 893 467 957 diaconio
489 892 588 956 titisse
611 893 809 975 damnatum,
834 893 867 955 et
882 891 1075 955 catholicum
1098 913 1117 954 a
1140 890 1299 956 catholieo
1315 890 1491 957 creandum
1503 912 1546 977 pri

319 995 470 1078 stituerit,
493 1016 560 1058 non
581 993 723 1085 Beuum,
748 996 802 1079 qui
825 997 895 1058 erat
915 993 1107 1077 haereticus,
1130 997 1297 1078 tamquam
1318 1000 1351 1059 in
1372 991 1546 1079 kqmtril

319 1099 416 1162 situm
444 1097 698 1181 subrogandum3
732 1120 751 1160 a
784 1119 846 1181 quo
872 1096 1013 1161 ordinati
1040 1095 1104 1160 nisi
1137 1097 1178 1160 ad
1201 1096 1461 1162 communionem
1488 1118 1546 1161 aaa

318 1198 479 1263 Timothei
501 1199 718 1281 revertissent,
739 1199 820 1282 jussi
843 1199 952 1285 suntl)
975 1201 1045 1263 siue
1067 1197 1222 1263 dilatione
1243 1198 1403 1263 damnari.

402 1303 434 1366 6.
457 1301 517 1377 Qui
534 1303 560 1366 si
576 1302 694 1366 dicitur
708 1305 820 1387 postea
830 1304 929 1380 fuisse
943 1312 1111 1384 correctus,
1127 1300 1259 1365 interim
1273 1299 1336 1365 hoc
1351 1300 1423 1385 ipso
1437 1301 1473 1365 in
1486 1322 1546 1367 arra

317 1402 473 1468 hactenus
492 1405 632 1487 jacuisse
654 1407 862 1488 monstratur,
885 1424 947 1467 nce
962 1403 1109 1467 debuisse
1125 1402 1292 1468 catholicis
1314 1402 1546 1489 praefici¹⁰)pr

318 1528 473 1591 errorem,
503 1530 522 1570 a
549 1507 663 1591 quibus
697 1503 747 1571 est
778 1505 817 1570 de
846 1527 951 1570 errore
985 1508 1156 1571 correctus.
1201 1505 1316 1591 Itaque
1349 1505 1444 1571 venia
1475 1505 1546 1591 dign

316 1610 433 1692 suerat,
457 1631 523 1672 non
545 1609 682 1693 honore3
710 1613 743 1673 et
764 1608 902 1672 maxime
929 1609 970 1671 ab
991 1608 1162 1673 haereticis
1183 1608 1351 1673 ordinatus
1376 1608 1499 1673 nullam
1522 1628 1546 1693 c]

317 1711 454 1796 scopulis
476 1711 646 1796 dignitatis
669 1732 798 1794 prorsus
819 1710 938 1775 habere
961 1711 1186 1795 substantiam.
1220 1710 1311 1787 Quod
1334 1710 1362 1775 si
1383 1714 1531 1796 negatur,

316 1813 501 1877 testimonio
530 1813 703 1877 vincrmtur
731 1813 844 1877 Aeacii
877 1818 911 1877 ct
943 1835 1050 1878 rerum
1083 1814 1209 1878 ratione
1237 1812 1485 1897 monstrabitur3
1513 1834 1546 1897 qr

317 1937 415 1999 quum
437 1915 621 1979 Timotheus
649 1914 828 1979 haereticus
858 1938 929 1980 cum
957 1918 1022 1981 suis
1051 1915 1259 2000 complicibus
1286 1915 1508 1999 damnaretur,
1533 1914 1546 1979 l

318 2039 423 2080 comes
446 2018 515 2100 ejus
543 2017 615 2100 fuit,
646 2022 679 2082 et
707 2040 779 2081 cnm
804 2018 915 2082 eodem
942 2041 1042 2103 usque
1059 2018 1105 2081 in
1132 2017 1201 2100 ejus
1228 2018 1327 2082 finem
1354 2016 1539 2101 penluraas,

317 2118 479 2183 Timothei
502 2121 544 2183 sit
565 2120 754 2204 sequacibus
782 2121 961 2187 institutus:
1006 2120 1231 2196 Quaerendum
1252 2120 1407 2205 denique,
1435 2119 1462 2183 si
1492 2140 1546 2205 usq

318 2220 358 2284 ad
381 2221 465 2285 diem
487 2221 592 2287 obitus
615 2224 663 2286 sui
684 2227 796 2288 sancto
818 2223 986 2288 Timotheo
1009 2221 1272 2305 communicavit3
1301 2222 1387 2307 quod
1413 2222 1441 2287 si
1468 2220 1546 2287 sues

317 2344 383 2386 non
405 2326 464 2405 est,
488 2323 573 2388 inter
595 2346 648 2388 eos
670 2325 732 2389 erit
753 2326 823 2389 sine
838 2324 945 2408 dubia,
969 2348 1047 2411 quos
1062 2324 1238 2409 imperator
1251 2324 1335 2389 dixit
1348 2346 1370 2389 a
1383 2330 1546 2391 consumit

316 2431 461 2490 catholici
483 2430 629 2491 Timothei
648 2433 864 2507 discrepantes,
894 2435 954 2492 nisi
979 2434 1023 2492 ad
1043 2434 1111 2517 ejus
1138 2434 1377 2493 commonionem
1405 2434 1489 2493 intra
1513 2432 1546 2491 dr

226 2602 229 2606 ⁴
317 2547 431 2592 menses
450 2536 645 2609 pretiumque
667 2541 857 2608 remcassent,
882 2537 912 2594 m
929 2540 1109 2611 perpetuam
1131 2550 1195 2594 esse
1216 2535 1387 2595 damnatos.

402 2632 431 2695 Ἰ.
476 2630 658 2695 Ridendum
680 2635 798 2714 autern,
828 2631 1062 2716 quodquidam
1085 2632 1126 2697 ab
1149 2631 1260 2696 eodem
1281 2631 1453 2697 Timotheo
1480 2630 1546 2697 eat]

316 2730 378 2796 lico
407 2731 540 2797 Petrum
572 2737 720 2797 assenmt
749 2734 942 2798 ordinatum.
988 2733 1072 2798 Nam
1105 2735 1195 2798 vivus
1229 2734 1321 2798 illum
1353 2755 1388 2798 se
1416 2736 1546 2819 supersi

316 2834 500 2900 nullatenus
523 2830 694 2919 ordinavit,
725 2836 766 2900 ad
789 2837 878 2920 cujus
901 2859 1067 2921 nunquam
1095 2836 1353 2901 communionem
1379 2858 1509 2922 prorsus

317 2937 422 3021 cessit,
451 2960 546 3022 quem
568 2939 729 3022 poposcit,
757 2942 794 3002 ut
822 2939 943 3003 dictum
971 2941 1036 3023 est,
1065 2939 1163 3003 etiam
1188 2939 1319 3025 longius
1345 2938 1500 3025 relegari3
1527 2958 1546 3003 :r

315 3039 375 3103 sibi
404 3040 568 3123 superstiti
597 3040 795 3105 sacerdotem
824 3042 1068 3125 superordinare
1096 3041 1251 3125 potuerit:
1279 3041 1343 3125 ipsi
1370 3040 1533 3125 viderint,

314 3141 406 3205 illum
427 3146 571 3206 mortuus
593 3144 763 3207 ordinavit.
802 3143 957 3227 Tempore
980 3146 1097 3227 autem,
1126 3164 1188 3227 quo
1210 3142 1326 3237 Petrus
1347 3143 1469 3209 invasit
1487 3164 1546 3207 ee«

314 3244 406 3327 siam,
435 3248 567 3308 sanctus·
590 3244 775 3310 Timotheus
803 3246 838 3310 iu
860 3245 1057 3310 Alexandria
1085 3268 1149 3309 non
1179 3248 1258 3328 crat,
1288 3267 1351 3311 nec
1377 3268 1414 3311 se
1440 3248 1546 3311 exsta

313 3347 509 3430 pontificem,
534 3346 617 3411 sieut
638 3348 760 3413 dietum
782 3352 841 3431 est,
865 3351 992 3432 poterat
1013 3348 1179 3431 ordinare3
1202 3346 1258 3412 sed
1279 3348 1389 3433 potius
1403 3346 1520 3413 Petrus

314 3449 411 3512 sande
433 3449 542 3513 onmia
569 3472 681 3535 agens,
710 3451 882 3536 superstite
904 3450 1073 3515 Timotheo
1094 3450 1240 3535 legitimo
1262 3450 1438 3533 sacerdote,
1466 3448 1546 3535 epi!

314 3553 408 3633 patus
434 3551 495 3616 sibi
519 3575 613 3616 scissus
641 3558 691 3617 est
716 3576 833 3618 nomen
862 3554 1036 3638 imponere.
1081 3552 1151 3617 Nec
1178 3552 1239 3618 hoc
1271 3552 1410 3638 quilibet
1436 3550 1546 3618 catto

314 3656 392 3717 tunc
418 3653 581 3738 fecenurt,
619 3656 674 3740 qui
702 3656 810 3741 utique
838 3677 949 3720 ornnes
977 3680 1049 3721 cum
1076 3654 1245 3720 Timotheo
1276 3656 1463 3721 sentiebant
1491 3652 1546 3735 (εἰς

314 3756 605 3841 communicabant,
629 3759 684 3822 scd
707 3782 783 3824 ainus
804 3758 944 3839 corripies
966 3766 1105 3823 insaniae
1131 3764 1225 3841 Petri,
1247 3758 1333 3823 sicut
1359 3758 1425 3823 iam
1449 3754 1546 3822 estat

314 3858 513 3945 Accidunt)
557 3859 626 3924 Nee
659 3861 745 3925 eninr
772 3865 922 3946 poterant
949 3861 1115 3946 catholici,
1143 3861 1198 3946 qui
1226 3860 1397 3927 Timotheo
1424 3854 1546 3925 mereti«

314 4057 397 4099 arriani
419 4067 486 4109 csse,
511 4046 672 4102 Timotheus
694 4049 730 4102 ud
753 4048 925 4119 Simplicium
947 4049 1058 4118 scripsit
1079 4048 1182 4116 (Gelas.
1205 4050 1287 4104 tract.
1308 4050 1365 4103 ln.
1379 4054 1421 4117 8),
1444 4049 1473 4103 et
1491 4046 1546 4103 ind

313 4130 469 4199 Simplicius
488 4131 567 4201 epist.
583 4140 614 4187 ts
626 4141 680 4188 n.l
701 4135 857 4202 (Liberatus
875 4134 993 4189 breviar.
1014 4154 1036 4189 c.
1053 4140 1110 4203 16),
1128 4136 1157 4189 et
1174 4133 1220 4189 hic
1237 4134 1324 4189 etiam
1335 4133 1546 4191 Anicium

313 4234 373 4269 risse
392 4215 500 4271 dicitur.

380 4306 401 4370 Β)
420 4300 531 4357 Scilicet
546 4305 737 4375 imperialibus
754 4305 863 4371 edictus
882 4305 952 4359 cont
967 4304 1064 4360 Felicis
1083 4306 1106 4359 ll
1124 4305 1205 4375 epist.
1219 4313 1232 4360 1
1246 4324 1272 4361 n.
1286 4314 1311 4361 9.
1338 4305 1428 4363 Paulo
1439 4308 1546 4365 aanor

313 4388 466 4442 omiserunt
484 4401 509 4443 et
526 4396 673 4445 catholicam
691 4413 708 4444 a
725 4396 793 4445 cath.
812 4412 848 4447 cr.
866 4403 965 4459 present.

381 4477 412 4543 19)
430 4474 506 4528 llaec
524 4475 637 4545 quidem
655 4476 793 4530 sententia
810 4476 962 4530 canonibus
979 4492 1091 4545 prorsus
1103 4480 1292 4532 consentanea
1303 4476 1546 4550 saepissimam

311 4560 415 4613 salibus
426 4560 559 4614 ltornanis
570 4562 709 4631 producto.
720 4563 774 4628 est;
788 4562 858 4615 coni.
872 4560 1007 4632 Simplicii
1020 4563 1100 4633 epist.
1117 4568 1148 4617 18
1162 4581 1188 4617 n.
1202 4570 1220 4617 3
1231 4564 1300 4631 (not.
1313 4568 1350 4633 8),
1363 4562 1452 4619 Talis.
1466 4564 1493 4619 ll
1505 4569 1546 4639 epi

315 4652 325 4695 1
346 4663 372 4697 n.
386 4652 414 4711 o,
433 4652 448 4697 s
467 4664 492 4700 n.
506 4652 536 4713 s,
555 4653 586 4701 ro
604 4666 630 4700 ιι.
645 4655 673 4714 s,
691 4647 726 4701 al.
746 4678 779 4687 —
796 4648 828 4700 111
845 4648 1025 4715 sequentibus
1042 4649 1176 4702 notantur
1192 4646 1328 4719 epistolae
1345 4650 1445 4705 Aeacii
1463 4650 1502 4705 ud
1519 4650 1546 4710 Si

312 4728 404 4783 licium
428 4731 534 4801 (Simpl.
559 4750 602 4801 cp.
625 4738 664 4799 8),
688 4734 717 4785 et
739 4732 856 4787 Zenonis
877 4733 913 4786 ad
936 4734 1079 4787 universos
1101 4732 1248 4803 episcopos
1270 4735 1300 4788 et
1322 4733 1443 4791 clericos
1465 4738 1546 4809 Aegy

312 4816 394 4873 icorrl'.
412 4816 492 4870 l'clic.
509 4818 531 4870 ll
545 4834 587 4887 ep.
605 4825 615 4871 l
630 4836 656 4871 n.
671 4823 699 4883 8,
712 4825 727 4872 2
741 4837 766 4872 u.
780 4823 816 4885 4).
842 4819 947 4872 ibidem
965 4820 1026 4873 loco
1045 4826 1177 4873 vincuntur
1194 4819 1287 4890 aptius
1305 4820 1454 4889 legeretur
1472 4828 1546 4881 sieri

381 4903 411 4971 ¹¹)
430 4901 493 4955 Scil.
511 4901 541 4955 in
559 4902 678 4973 epistole
694 4903 731 4957 ad
749 4903 871 4975 Sirnplic.
891 4903 998 4974 (Simpl.
1012 4924 1055 4975 ep.
1069 4911 1124 4961 811.
1137 4910 1173 4975 2).
