3412 5664
764 325 934 374 anisium
960 318 1009 374 13.
1064 276 1069 285 Ι
1456 278 1523 379 ἱ265

209 452 316 561 mnis,
350 481 494 564 ceteros,
523 479 557 544 id
579 472 649 564 ests
672 480 738 545 site
767 480 898 545 clericos
925 480 992 544 sive
1023 483 1198 545 monachos
1225 483 1275 550 vel
1298 482 1519 572 monachasit)
1542 490 1622 539 anst

208 599 283 645 scu
303 582 421 650 laicos
444 606 538 649 sexus
559 583 722 668 utriusque
745 605 908 668 personas,
932 606 1010 667 quos
1024 584 1226 672 violentiali)
1249 580 1282 649 et
1302 585 1451 668 periculis
1472 610 1520 651 co·
1534 554 1629 607 ΜΒ·

209 684 329 749 actos
353 686 569 752 iterationem
590 685 794 771 baptismatis
816 686 951 750 subiisse
967 687 1157 770 constiterit,
1181 688 1232 752 vel
1247 688 1302 772 qui
1317 688 1424 772 aliquo
1440 712 1522 753 com-

209 790 352 853 mento
377 788 477 875 liujus
499 811 533 854 se
555 788 707 853 facinoris
731 789 864 872 piaculis
886 788 1027 853 dixerint
1049 813 1113 854 nou
1134 790 1248 872 terrori,
1273 790 1522 874 inpoenitentia

212 904 288 966 per
322 891 511 957 triennium
538 891 652 955 durare
682 891 898 975 decernimus,
934 896 967 955 et
993 915 1050 976 per
1077 915 1191 956 manus
1218 892 1455 976 impositionem
1482 895 1523 959 ad
1594 916 1597 920 ·

213 990 437 1058 societatem
460 993 562 1078 recipi
583 993 789 1058 sacramenti.

816 1182 897 1249 Cir.
922 1182 961 1246 V.

328 1299 396 1367 Illo
424 1324 483 1388 per
508 1303 616 1367 omnia
645 1303 812 1386 custodito,
842 1326 882 1367 ne
911 1325 949 1367 ex
978 1303 1023 1367 eis
1048 1317 1203 1388 uuquam,
1235 1304 1289 1387 qui
1317 1305 1351 1369 iu
1380 1306 1523 1390 qualibet

224 1404 356 1468 aetate
380 1405 457 1471 alibi
480 1428 575 1491 quam
596 1407 631 1471 in
647 1406 793 1471 Ecclesia
817 1404 973 1471 catholica
996 1409 1052 1469 aut
1074 1406 1230 1490 baptizati
1253 1409 1521 1492 aut'rebaptizati

226 1508 342 1587 mut,
373 1508 415 1573 ad
441 1509 691 1574 ecclesiasticam
718 1508 866 1573 militiam
895 1530 1023 1592 prorsus
1051 1509 1328 1595 permittanturlt)
1360 1513 1520 1593 accedere,

230 1604 370 1685 quibus
389 1611 465 1675 satis
486 1633 555 1676 esse
576 1611 680 1695 debet,
704 1611 786 1696 quod
807 1611 843 1675 in
864 1611 1093 1675 catholicorum
1115 1633 1282 1675 numerum
1297 1615 1522 1698 suutrecepti3

234 1709 406 1787 quoniam
434 1714 473 1777 de
504 1735 561 1778 suo
589 1712 700 1778 ordine
729 1717 762 1777 et
790 1713 1012 1777 communione
1045 1713 1205 1778 videbit-ur
1239 1714 1323 1778 ferre
1353 1716 1518 1798 judicium,

239 1808 400 1897 quisquis
422 1814 480 1881 hoc
506 1815 675 1880 violaverit
703 1816 950 1898 antistitum³⁷)‚
986 1816 1035 1879 vel
1065 1816 1119 1901 qui
1146 1838 1211 1880 nou
1239 1819 1411 1882 removerit
1438 1839 1520 1902 etim,

243 1928 357 1991 quem
376 1938 413 1983 er
432 1919 474 1983 eis
495 1918 535 1982 acl
558 1917 771 1983 ministerium
794 1917 940 1982 clericale
963 1918 1141 2004 obrepsisse
1165 1921 1368 2004 cognoverit:

804 2107 885 2172 Gar.
909 2106 967 2170 VI.

355 2221 383 2286 9.
421 2224 593 2291 tutandum
621 2249 696 2292 vero
723 2227 861 2294 maxime
889 2230 921 2291 et
949 2227 1036 2290 omui
1061 2227 1186 2291 caritela
1208 2231 1256 2291 est
1278 2229 1519 2314 providendum,

255 2334 309 2381 ¹10
333 2324 403 2407 quis
418 2325 544 2393 fratrum
574 2330 894 2414 coepiscoporumque
920 2333 1101 2394 nostrorum
1124 2330 1299 2394 autetiam
1322 2320 1521 2417 pusbytero-

255 2438 342 2509 '¹¹³¹
370 2423 401 2491 in
418 2429 535 2495 alterius
557 2432 688 2496 civitate
710 2432 760 2496 vel
788 2432 923 2496 dioecesi
951 2433 1169 2515 poenitentem
1192 2432 1240 2496 vel
1264 2433 1324 2496 sub
1345 2456 1443 2497 manu
1466 2459 1520 2519 po-

261 2518 375 2591 fliturn
396 2533 551 2598 sacerdotis
574 2538 631 2598 aut
653 2556 740 2616 eum,
764 2535 816 2618 qui
840 2534 1130 2620 reconciliatum³⁸)
1154 2558 1187 2598 se
1210 2557 1278 2599 esse
1300 2535 1427 2617 dixerit,
1451 2537 1520 2602 sinc

256 2624 409 2715 episcopi
427 2635 471 2700 rel
490 2636 667 2722 presbytcri
694 2636 878 2701 testimonio
906 2641 939 2701 et-
960 2637 1076 2700 litteris
1098 2637 1200 2721 111139)
1222 2637 1256 2701 in
1280 2639 1428 2722 paroecia
1450 2661 1520 2723 pre-

254 2725 392 2815 ssbyter,
409 2740 456 2801 aut
474 2739 640 2824 episcopus
662 2738 696 2802 in
720 2738 849 2803 civitate
872 2739 1035 2823 suscipiat.
1082 2738 1170 2814 Quod
1182 2738 1221 2823 ⁴⁰)
1245 2740 1351 2824 aliqua
1374 2740 1519 2805 dissimu-

253 2829 392 2897 latione
407 2840 584 2926 neglectum,
615 2841 741 2926 culpam
764 2842 873 2926 tangit
896 2841 992 2905 etiam
1017 2841 1214 2923 elericorum,
1239 2843 1348 2925 quiin
1372 2843 1460 2925 lociS,
1484 2843 1518 2908 iu

252 2932 386 3021 quibus
402 2935 451 3006 hoc
468 2943 573 3009 minus
595 2947 741 3009 curatum
762 2944 869 3028 fuerit,
895 2948 1139 3008 commorantur.

256 3112 484 3127 .......--—„-
501 3122 550 3128 ,-

339 3188 499 3253 ’litterum
522 3199 649 3255 codicum
672 3198 768 3267 (etiam
790 3200 886 3263 H⁸H⁹l
914 3198 1082 3253 auctoritato
1105 3196 1276 3251 restituimus
1303 3204 1450 3261 ›nonan-nas,
1480 3202 1517 3255 ab

253 3274 363 3337 editi!
375 3276 487 3339 vultuum.
519 3284 629 3339 Eodem
645 3284 788 3340 intellectu
805 3303 832 3338 n.
846 3291 862 3340 6
881 3283 981 3338 dicitur
998 3288 1126 3338 »nannetis
1143 3293 1188 3336 ant
1204 3289 1295 3351 pnetlis
1308 3287 1364 3337 Dei.

342 3360 376 3426 ”l
387 3360 422 3419 lh
430 3382 486 3422 mss.
511 3368 588 3423 Editi
600 3375 735 3425 violentiae
750 3376 873 3440 periculis
935 3375 1010 3437 enjus
1026 3389 1055 3423 se
1070 3373 1196 3435 facinoris
1213 3374 1315 3437 piaculo
1378 3375 1417 3423 liis
1428 3378 1518 3439 poeni-

255 3452 380 3509 reneio·
433 3458 579 3510 decrerim
651 3475 696 3510 eos
712 3462 873 3512 sacramenti.
1491 3510 1496 3515 ,

342 3531 375 3595 ¹⁸)
387 3530 447 3593 ffliti
462 3559 508 3595 non
525 3546 706 3609 permittantur
778 3544 870 3595 debeat
943 3559 1060 3595 nnncro:
1078 3539 1251 3607 castigantur
1268 3556 1302 3593 ex
1320 3558 1383 3594 mss.
1412 3540 1518 3596 Nititur

256 3628 330 3683 troc.
346 3614 464 3677 dunum
479 3625 577 3695 regula
595 3626 793 3691 ecclesiastica,
820 3643 904 3694 quam
922 3628 950 3678 et
967 3624 1082 3679 Nicaeni
1103 3626 1323 3693 patrcacan.10
1345 3626 1517 3693 confirmant,

255 3718 351 3783 quw
367 3700 452 3762 nicet
471 3709 563 3781 lapsos
585 3728 603 3765 a
625 3711 700 3767 clero
723 3712 808 3766 arcet.
859 3709 1043 3765 Conseruntur
1067 3708 1219 3763 Innocentii
1241 3709 1321 3779 epist.
1342 3717 1371 3763 17
1394 3729 1420 3764 n.
1440 3716 1455 3765 8
1474 3730 1517 3778 ss,

254 3784 370 3855 laonia
378 3790 444 3859 epist.
452 3802 489 3859 18,
505 3794 605 3850 Felicis
617 3795 697 3865 epist.
708 3802 732 3859 8,
751 3794 944 3850 acCoustantii
956 3795 985 3849 in
998 3813 1044 3849 eas
1056 3796 1162 3859 notato,
1180 3793 1251 3847 sicut·
1262 3794 1476 3851 Balleriniorum
1487 3798 1517 3851 in

255 3871 367 3941 Leoni!
381 3876 446 3945 nat.
461 3888 473 3934 1
491 3879 625 3936 admonit.
644 3900 671 3937 n.
687 3887 717 3936 16
730 3899 763 3936 ss.
810 3880 915 3946 Quibus
937 3881 1040 3935 addere
1065 3879 1135 3933 libat
1156 3878 1227 3933 illud
1245 3880 1353 3934 concilii
1372 3881 1515 3951 Carthagi·

254 3957 440 4027 „amiralii
454 3965 544 4021 habiti
561 3965 633 4029 (cod.
646 3984 706 4022 can.
720 3967 815 4021 eccles.
829 3966 914 4020 Afric.
933 3983 955 4019 o.
966 3971 1023 4033 eu:
1042 3985 1121 4035 neqne
1138 3970 1339 4037 permittendam,
1358 3977 1385 4019 nt
1402 3971 1516 4035 rebapti-

253 4054 321 4113 zati
336 4051 369 4101 td
381 4053 505 4105 demeum
521 4057 627 4119 pradum
643 4063 850 4121 promoveantur.

332 4134 360 4189 ¹'l
376 4132 414 4189 lta
428 4134 552 4205 plerique
570 4154 633 4192 msa.
653 4137 751 4195 (etiam
767 4137 804 4191 Η8
815 4137 862 4204 11⁹)
882 4138 911 4191 et
928 4137 964 4201 T;
991 4134 1098 4204 vulgati
1116 4142 1264 4198 institntmn,
1289 4135 1369 4191 malo.
1407 4136 1515 4207 Quippe

249 4220 362 4285 ordinis
377 4219 415 4275 tui
430 4222 514 4291 atque
531 4222 731 4277 communionis
745 4222 886 4291 jacturam
898 4220 975 4274 Felix
993 4219 1077 4274 cuivis
1089 4221 1245 4276 antistitum
1258 4221 1449 4288 comminatur,
1468 4222 1514 4292 qui

248 4318 311 4371 hoc
326 4305 624 4363 decretumriolavorit
640 4310 691 4363 aut
708 4306 822 4362 clericos
834 4306 992 4376 hujusmodi
1011 4324 1028 4360 a
1045 4323 1074 4360 se
1092 4325 1143 4376 per
1161 4306 1355 4377 obreptionem
1372 4308 1514 4375 promotos

244 4412 309 4458 non
325 4391 483 4447 removerit:
500 4390 568 4461 quia
584 4398 680 4463 conniti
696 4398 863 4461 deponuntnr.
882 4392 1010 4460 inquiunt
1028 4391 1143 4447 Nicaeni
1161 4393 1257 4462 patros
1276 4399 1385 4446 can.1o.

317 4480 351 4545 2⁸)
368 4476 394 4531 Η
404 4476 433 4531 h¹
451 4483 616 4533 macitiatna.

314 4568 348 4631 ³)
365 4560 441 4617 Editi
458 4568 494 4617 ad
509 4567 585 4631 cnjus
600 4570 715 4633 pertinet
734 4569 882 4634 parochiam
903 4567 1053 4632 presbyter.-
1081 4561 1252 4633 castigantur
1275 4579 1308 4615 ox
1330 4580 1393 4614 msa.
1418 4560 1513 4619 (etium

237 4656 282 4713 H·
292 4650 332 4706 fl·
343 4646 410 4701 ΗΜ.
447 4645 509 4701 Vox
525 4654 648 4716 paroecia
664 4648 710 4703 hio
727 4649 873 4705 ecclesiam
896 4651 976 4703 extra
993 4647 1135 4703 civitatem
1152 4647 1281 4717 positam,
1305 4652 1430 4701 dioecesis
1448 4663 1513 4700 vero

237 4732 367 4811 episcopi
384 4731 560 4787 territorium
577 4750 625 4789 seu
643 4732 787 4789 civitatem
805 4737 893 4789 sonat.

308 4823 342 4869 *ἢ
360 4818 405 4872 lia
417 4835 481 4872 mn
495 4816 619 4887 potiores
631 4818 729 4885 (ctiam
741 4819 778 4873 Ης
788 4820 823 4873 ti¹J
833 4820 891 4877 ΗΝ)
910 4822 938 4874 et
951 4820 983 4873 Τ.
1008 4818 1063 4873 Alii
1082 4825 1154 4884 (laod
1170 4826 1194 4873 si
1211 4826 1295 4890 aliqua
1316 4824 1513 4873 dissimulatione

234 4910 381 4978 nealtfitm,
401 4910 481 4972 culpa
500 4909 581 4973 tanpit
598 4910 672 4959 etiam
690 4905 832 4976 eterninzli²
851 4908 986 4973 clericum),
1005 4911 1049 4975 qni
1121 4917 1297 4960 cornnorntnr.
