3412 5664
288 274 350 339 838
727 283 979 335 succursura
1001 284 1116 332 aaran

159 471 194 538 (a,
206 469 275 536 519.)
289 443 491 530 optatissima
512 440 730 527 gratulatione
751 441 916 524 suscepta,
940 440 1064 526 gratias
1086 439 1260 505 Divinitati
1281 440 1457 527 retulimus,
1478 467 1609 540 ‘Mi

289 546 421 613 dedistis
443 544 608 627 indicium,
631 542 727 607 facilc
743 564 761 605 a
777 542 866 607 vobis
881 541 950 606 fieri
966 542 1049 627 quod
1071 543 1287 626 potuissemus
1308 542 1441 610 hortari.
1469 545 1609 641 lii„¹¹

292 654 356 735 cst,
385 647 468 733 quod
490 647 565 732 quia
587 648 702 731 sponte
723 644 899 709 laudabilia
922 644 1039 729 cupitis
1046 695 1055 729 ,
1084 645 1183 731 digne
1205 645 1246 737 ad
1268 645 1469 731 principatus
1489 670 1608 750 “pi

291 776 360 818 cem
383 750 510 836 generis
519 749 544 833 ²)
567 748 665 812 vestri
687 749 857 811 stemmata
878 750 1104 831 pervenerunt.
1141 746 1345 833 Quapropter
1366 748 1508 816 insistite
1555 786 1609 844 e,

291 854 461 939 religiosae
483 850 664 914 vivacitatis
687 849 803 914 animis
826 850 1006 932 imminete,
1029 853 1066 914 ut
1088 849 1357 935 quemadmodum
1378 873 1436 936 pru
1456 852 1602 941 bonae

291 954 466 1021 vohmtatis
493 952 587 1017 initio
615 973 717 1036 genus
739 955 881 1016 restrum
907 953 1025 1016 meruit
1047 953 1173 1017 culmen
1195 952 1339 1037 imperii,
1368 953 1404 1017 in
1431 957 1594 1037 actem,

292 1058 381 1122 vobis
410 1056 447 1119 dc
481 1053 678 1139 perfectione
707 1053 811 1138 gloria
838 1053 904 1117 sint
930 1053 1095 1139 triumphi.
1140 1054 1273 1139 Videte,
1311 1076 1375 1141 quo
1407 1055 1586 1133 desideria

292 1158 414 1245 pacis³)
438 1156 555 1241 gaudia
577 1156 758 1220 ludificatus
781 1156 835 1221 diu
856 1156 994 1220 mundns
1017 1160 1141 1223 exoret:
1178 1157 1346 1244 respicite,
1370 1160 1580 1243 generalita

293 1263 335 1326 tis
364 1258 486 1323 animos
514 1258 612 1322 vestri
639 1258 901 1343 praesumptione
930 1258 1077 1324 beneficii
1107 1262 1195 1324 certa
1223 1281 1280 1344 spe
1308 1259 1425 1344 quietis
1444 1264 1574 1328 attolli.

294 1362 369 1428 Non
390 1364 440 1426 est
462 1361 545 1446 quod
567 1383 601 1424 se
623 1360 769 1424 dubietas
791 1361 923 1445 inserat,
947 1383 1014 1426 non
1029 1362 1176 1447 estquod
1198 1361 1320 1447 aliquid
1343 1360 1575 1447 ambiguitatis

295 1465 441 1547 accedat,
472 1486 569 1548 quum
590 1463 771 1548 testamini,
796 1463 878 1548 quod
900 1467 933 1528 et
954 1487 1013 1529 nos
1034 1465 1162 1551 quidem
1184 1464 1266 1529 bene
1288 1464 1448 1547 novimus,
1465 1484 1574 1529 acce

296 1568 369 1632 dere
392 1567 432 1630 ad
454 1565 659 1630 ecclesiarum
681 1566 884 1631 concordiam
905 1567 1048 1652 religiosi
1070 1567 1226 1651 principis
1246 1570 1334 1632 vota.
1364 1565 1576 1651 Quapropter

296 1673 407 1734 tantae
435 1668 698 1752 magnanimitati
726 1668 848 1754 gratias
881 1676 1032 1755 agentes,
1066 1673 1187 1755 quanta
1213 1690 1383 1754 possumus
1403 1667 1576 1753 'petitione

297 1774 515 1857 deprecantur,
539 1773 576 1833 ut
591 1770 703 1835 Aeacii
725 1792 842 1836 nomen
865 1792 938 1836 cum
960 1772 1149 1857 sequacibus
1172 1772 1249 1855 suis,
1273 1771 1357 1858 quod
1379 1769 1462 1856 plene
1477 1765 1575 1834 unni·

296 1875 373 1939 tatis
397 1873 603 1938 ecclesiarum
623 1871 757 1955 impedit
779 1873 941 1959 gaudium,
965 1873 1180 1940 damnationis
1196 1874 1309 1939 ordine
1331 1872 1374 1937 sit
1394 1875 1572 1938 renuam

297 1977 364 2041 Nos
387 1977 473 2040 enim
495 1974 722 2040 convenientes
752 1997 867 2040 causae
896 1977 1046 2061 qualitati
1074 1977 1247 2041 direximus
1275 1976 1414 2061 legatos,
1444 1973 1569 2062 quibus

299 2077 521 2163 praesentibus
543 2076 689 2161 initium,
719 2077 803 2162 quod
830 2077 980 2163 dedistis,
1016 2079 1126 2164 gaudii
1153 2079 1257 2164 possit
1283 2078 1449 2144 secundum
1469 2096 1564 2161 quae

300 2179 460 2246 mandatis
483 2179 690 2244 continentur
712 2179 848 2264 impleri.

806 2383 987 2488 Epistola
1012 2384 1061 2468 49

912 2537 962 2575 seu

151 2637 288 2768 (afflpr.
409 2631 604 2698 Indicum,
628 2644 730 2700 quem
752 2583 958 2700 acceperunt
979 2633 1085 2703 legati
1105 2626 1247 2711 nostrtl)
1270 2634 1333 2702 qui
1354 2647 1457 2703 supra

320 2764 386 2825 Quid
402 2765 427 2812 r'n
443 2762 560 2828 partibus
573 2761 742 2815 Orientalibus
760 2761 794 2828 (n.
811 2764 844 2827 1),
863 2767 925 2831 qnid
937 2765 1158 2830 Constantinopoli
1174 2762 1210 2829 (n.
1223 2763 1259 2829 2).
1280 2765 1342 2830 qaid
1351 2768 1515 2830 postassceptot

336 2851 362 2898 in
380 2848 570 2898 cormunicnent
587 2850 675 2912 neptae
692 2848 762 2898 urbia
779 2850 873 2899 ollonae
891 2852 1026 2916 episcopos
1043 2850 1107 2914 ipris
1124 2852 1248 2915 agendum
1264 2851 1306 2909 sit,
1326 2851 1425 2900 instruit
1439 2854 1466 2911 (a.
1476 2848 1501 2906 ³).

391 2999 418 3062 l.
453 2997 556 3074 Qumn
582 2997 651 3062 Deo
680 2997 819 3082 propitio
852 3003 961 3084 partes
991 2999 1174 3064 Orientales
1202 3000 1331 3064 fueritis
1359 2997 1491 3085 ingressi,
1509 2994 1528 3058 si

305 3102 359 3187 qui
383 3099 523 3186 episcopi
546 3099 635 3163 vobis
658 3099 869 3183 occurrerint,
894 3104 927 3164 ct
949 3101 1107 3185 libellum,
1132 3102 1222 3186 cujus
1246 3102 1466 3167 continentiam
1481 3118 1529 3182 per·

306 3204 450 3289 cepistis,
481 3225 500 3265 a
522 3223 556 3265 sc
578 3202 794 3285 subscriptum
816 3202 928 3266 offerre
948 3203 1123 3288 voluerint,
1152 3203 1323 3288 suscipite,
1351 3205 1451 3288 eisque
1467 3220 1531 3286 prae

307 3307 379 3370 bete
401 3307 532 3369 sanctae
556 3304 787 3368 communionis
810 3305 1015 3370 consortium.
1052 3305 1087 3371 si
1109 3327 1183 3370 vero
1204 3310 1406 3371 occurrentes
1427 3300 1532 3388 episcopi

306 3430 359 3491 eo,
388 3429 450 3491 quo
479 3405 624 3490 superius
646 3405 799 3490 diximus,
829 3406 940 3472 ordine
961 3407 1104 3491 profiteri
1126 3408 1305 3493 noluerint,
1334 3407 1455 3473 anobis
1472 3402 1535 3489 equi·

306 3509 376 3575 dem
399 3509 457 3575 sub
480 3507 668 3574 sacerdotali
692 3508 860 3574 affectione
881 3511 1077 3575 tractentur:
1114 3509 1169 3574 sed
1196 3532 1300 3596 neque
1323 3510 1410 3575 vobis
1430 3509 1467 3573 sit
1484 3525 1536 3570 cun

373 3768 393 3833 ²)
412 3765 519 3834 Nempe
536 3764 708 3818 lastinianus
723 3763 827 3819 Justini
849 3781 882 3820 cx
904 3781 998 3821 sorore
1020 3765 1120 3836 ipsius,
1144 3767 1177 3820 ut
1192 3765 1378 3820 Marcellinus·
1391 3765 1419 3820 iu
1437 3760 1540 3819 chronico

306 3851 405 3916 tradit,
423 3866 509 3920 nepos
527 3851 595 3904 crat.
633 3847 801 3919 Simpliciter
818 3849 983 3919 aProcopio
1000 3849 1063 3904 hist.
1083 3866 1175 3906 arcan.
1195 3856 1248 3906 ab
1266 3851 1371 3907 sororis
1383 3848 1473 3904 Jurtini
1486 3845 1541 3901 aaa

307 3954 363 3991 una
379 3952 446 3991 voce
464 3951 567 4005 graeca
584 3933 763 4002 ἀδελφιδοῦς
781 3933 946 4004 appellatur.

375 4025 395 4087 ³)
414 4019 463 4073 Ed.
483 4026 519 4073 ad
533 4025 607 4087 pacta
669 4021 742 4086 (cum
754 4018 801 4087 (Ρ)
820 4024 946 4074 exhortet.
977 4018 1057 4084 Quod
1072 4018 1101 4072 in
1118 4031 1210 4075 exoret
1226 4020 1404 4075 correximus.
1436 4019 1474 4073 ru
1487 4014 1543 4069 inin

308 4105 388 4177 epist.
412 4111 444 4158 62
470 4108 611 4183 extantque
630 4109 744 4172 sanorem
765 4120 817 4174 pro
840 4124 954 4159 exorans
974 4109 1088 4172 saonem
1109 4106 1241 4163 rccrrrreb.
1282 4107 1375 4160 Antea
1391 4108 1416 4160 ο·
1440 4108 1473 4158 ad
1488 4104 1544 4170 pati·

306 4197 415 4261 paritio,-
449 4203 504 4258 quo
538 4188 658 4243 admisso
690 4205 746 4244 non
781 4188 940 4260 displiceret
968 4193 993 4243 ο7
1023 4188 1195 4259 conjectura,
1230 4206 1288 4258 qua
1314 4189 1459 4259 legendum
1482 4186 1545 4257 publ

308 4283 428 4332 exsultet.

308 4368 341 4416 49
377 4363 397 4429 ¹)
415 4359 448 4413 H.
468 4376 491 4413 e.
510 4374 579 4428 quos
600 4376 629 4413 se
653 4359 783 4416 direxisse
802 4359 838 4415 ad
861 4360 964 4415 calcem
981 4357 1130 4429 superioris
1148 4358 1285 4430 epistolae
1302 4357 1547 4424 memilianum

310 4464 371 4500 rum
388 4445 500 4498 nomina
517 4460 635 4512 sequens
652 4445 770 4514 epistola
786 4451 842 4499 nt
860 4445 986 4514 aliaeque
1003 4444 1135 4499 indicant.
1170 4445 1202 4498 In
1213 4444 1335 4515 vulgatis
1351 4444 1413 4498 loco
1430 4447 1504 4497 nasot
1515 4441 1549 4508 qai

309 4552 399 4599 ευριπ,
423 4546 494 4599 quac
513 4546 547 4583 ex
565 4527 599 4582 G¹
618 4545 790 4597 revocamus,
808 4530 989 4585 substitutum
1007 4531 1068 4584 erat
1085 4535 1240 4599 apostoticae
1258 4535 1339 4584 redte.
1373 4529 1487 4599 Legatos
1500 4523 1548 4577 illo·

310 4632 372 4669 cum
390 4615 476 4670 Grato
496 4614 762 4686 Constantinopolim
784 4614 917 4669 redeunte
936 4615 979 4668 vel
1001 4615 1087 4670 stiam
1103 4613 1186 4684 paulo
1204 4616 1271 4669 ants
1289 4631 1324 4670 ex
1341 4613 1417 4670 Urbe
1432 4612 1550 4684 protector

311 4716 382 4766 esse,
400 4700 525 4769 adeoque
541 4701 614 4755 hanc
631 4718 664 4755 ac
681 4701 788 4771 septem
805 4701 1004 4770 subsequentes
1021 4699 1151 4770 epistolas
1168 4697 1268 4754 codem
1284 4699 1343 4754 sere
1360 4700 1493 4769 tempore,
1507 4708 1550 4761 qno

311 4786 367 4839 tros
385 4785 552 4856 superiores,
574 4786 692 4841 traditas
714 4802 786 4848 esse,
810 4784 846 4839 ad
868 4785 1014 4856 epistolam
1036 4791 1069 4838 46
1096 4782 1282 4855 probavimus.
1330 4783 1480 4839 [ridiculum
1495 4780 1552 4834 bnt

312 4871 496 4942 cumeriorc,
513 4871 566 4926 hoc
584 4873 627 4926 est
645 4888 706 4926 cum
725 4870 883 4942 epistolar,
902 4872 1027 4928 conferre
1046 4886 1148 4943 operae
1165 4867 1288 4941 pretium
1305 4867 1399 4925 tuerit
