3412 5664
606 345 777 395 urrsrour
803 336 852 393 15.
1302 330 1364 398 725

647 500 728 566 Gar.
751 500 811 564 III.

175 606 207 668 4.
240 603 289 668 De
311 603 401 668 laicis
424 605 569 688 personis
592 603 803 684 decernimus
827 624 868 666 ne
882 603 978 666 facile
1000 604 1041 666 ad
1056 603 1271 668 sacerdotium
1292 628 1364 689 per·

88 708 266 773 mittantur
280 706 441 788 accedere,
465 706 504 769 de
511 708 536 791 9)
553 706 667 791 quibus
690 709 724 769 et
737 710 883 789 tempora
904 707 936 768 et
951 704 1069 789 gradus
1085 707 1253 770 constituti
1275 711 1362 790 sunt,

90 832 150 895 per
176 830 256 894 quos
283 809 323 872 ad
351 808 435 872 hane
468 807 661 892 dignitatem
694 806 834 871 debcant
867 806 1046 890 adspirare:
1081 806 1155 891 quia
1183 807 1364 893 quicunque

90 912 210 997 sinam)
232 911 383 975 inst'tuto
405 913 619 994 promovetur,
644 932 710 974 non
731 909 827 973 facile
850 910 937 973 earet
952 908 1084 991 offensa,
1109 912 1142 972 et
1156 909 1226 974 sine
1242 911 1363 995 experi-

89 1017 202 1078 mento
223 1034 289 1077 non
311 1015 419 1097 potest
440 1012 511 1096 quis
534 1011 700 1076 electionis
722 1012 867 1076 obtinere
890 1010 1096 1075 sententiam.

647 1165 730 1231 Car.
753 1163 811 1229 IV.

176 1269 209 1334 5.
245 1267 405 1353 Raptores
433 1267 535 1352 igitur
561 1267 727 1330 viduarum
755 1267 852 1353 vel¹¹)
887 1265 1048 1351 virginum
1077 1288 1135 1350 pro
1162 1266 1365 1333 immanitate

89 1371 176 1435 tanti
200 1370 353 1434 facinoris
375 1369 589 1452 detestamur,
617 1369 690 1432 illos
712 1368 932 1433 vehementius
954 1369 1189 1452 persequendo,
1218 1370 1273 1454 qui
1295 1368 1364 1434 Deo

88 1474 237 1551 saeratae
259 1471 401 1556 virgines
428 1469 479 1535 vel
501 1470 644 1535 volentes
675 1470 725 1533 vel
746 1471 865 1535 invitus
887 1469 1093 1534 matrimonio
1116 1471 1220 1554 suo¹²)
1243 1471 1364 1536 sociare

88 1574 306 1639 tentaverint:
334 1595 412 1657 quos
440 1594 498 1656 pro
526 1575 594 1636 tam
622 1571 845 1637 nefandissimi
878 1572 1021 1637 erinnuis
1044 1572 1216 1637 atrocitate
1238 1595 1258 1636 a
1281 1594 1363 1638 eorn-

87 1676 244 1741 mnnione
266 1674 417 1759 suspendi
439 1674 666 1758 praecipimus.

656 1825 738 1892 Gar.
762 1826 802 1890 V.

176 1929 208 1994 6.
245 1927 355 2014 Neque
365 1928 403 2014 13)
426 1928 537 1992 viduus
560 1929 600 1992 ud
622 1929 752 2013 nuptias
775 1930 914 1994 transire
936 1930 1095 2014 patimur,
1125 1952 1207 2015 quae
1234 1930 1270 1994 in
1291 1930 1363 1995 reli·

87 2187 181 2254 quibu
199 2194 225 2238 el
239 2188 337 2250 yradus
355 2194 381 2236 et
399 2194 514 2251 tempera
531 2189 669 2238 consituta
685 2196 752 2250 sual,
768 2205 911 2254 perquer:
932 2185 1119 2239 resarciuntur
1138 2201 1171 2238 ex
1183 2184 1282 2239 iisdem
1299 2202 1362 2240 mss.

87 2270 131 2324 Ex
149 2267 252 2338 quibus
269 2266 447 2321 manifestius
466 2269 520 2333 cst,
543 2268 598 2322 duo
616 2268 728 2323 diversa
745 2269 859 2324 decreta
880 2286 928 2324 seu
947 2270 1082 2337 capitula,
1105 2285 1178 2338 quae
1201 2268 1364 2324 Sirmondus

85 2353 199 2425 primus
217 2354 292 2407 recte
310 2351 449 2418 distinxit,
472 2371 557 2406 unum
575 2352 680 2407 sedicet
698 2353 732 2407 de
751 2353 908 2409 Simoniaea
931 2353 1119 2420 ordinatione,
1143 2357 1173 2408 ct
1190 2353 1310 2408 alterum
1327 2354 1363 2410 de

85 2438 169 2495 laicis
186 2436 225 2492 ad
242 2437 345 2492 elerum
363 2454 419 2490 non
436 2436 517 2491 facile
534 2438 744 2507 promovendis,
767 2439 804 2492 ab
822 2438 963 2507 Hispanae
987 2438 1158 2493 collectionis
1180 2439 1364 2509 compilatore

85 2527 119 2579 st
137 2523 175 2577 ab
194 2521 244 2588 bis,
262 2521 310 2589 qui
326 2520 405 2574 illum
423 2521 511 2575 secuti
528 2523 600 2589 sunt,
619 2522 658 2576 sic
676 2522 760 2577 luisse
779 2525 900 2577 confusa.
919 2553 953 2561 -
970 2522 1035 2576 Mox
1051 2522 1086 2575 Fd
1105 2528 1144 2577 De
1162 2530 1286 2578 reclausis
1303 2546 1363 2593 per·

84 2628 170 2664 eamr.

158 2695 181 2762 ⁸)
200 2691 334 2746 Addimus
351 2697 383 2746 de
402 2708 464 2744 cum
481 2690 560 2745 F<¹L¹
574 2692 675 2745 L³K¹³.
706 2691 847 2763 MorL³fl
865 2698 1012 2761 adspicere.
1042 2692 1084 2747 De
1101 2692 1276 2763 temporibus
1299 2712 1362 2763 gra-

82 2778 228 2847 dibusque
245 2776 397 2847 praedietis
414 2776 528 2831 decreta
544 2776 685 2831 habentur
697 2775 788 2831 Sirieii
805 2776 885 2848 epist.
902 2785 914 2831 1
932 2795 959 2832 n.
976 2783 1007 2831 14
1024 2779 1054 2831 et
1071 2777 1182 2848 episto
1200 2797 1226 2832 n.
1239 2785 1264 2845 4,
1284 2780 1362 2833 Ιιιιιο-

81 2862 176 2919 centii
194 2862 274 2932 epist.
287 2867 320 2918 37
342 2880 367 2916 n.
382 2868 411 2927 6,
440 2860 543 2916 Zosimi
561 2861 671 2930 epist.4
697 2880 723 2915 n.
735 2869 763 2928 2,
793 2860 941 2917 coelestini
959 2862 1068 2932 epist.4
1090 2880 1117 2915 ιι.
1130 2869 1158 2929 4,
1188 2862 1362 2932 aliorumque

80 2947 267 3021 pontillum,
286 2964 355 3015 quos
372 2947 463 3001 mitto.

160 3036 193 3101 ¹⁰)
209 3034 253 3087 lta
265 3032 459 3102 castigatiores
477 3031 542 3086 libri
554 3034 597 3098 (A'
611 3032 646 3085 Fl
658 3032 705 3085 Κ13
717 3031 748 3085 L¹
761 3033 795 3086 11²
807 3033 840 3086 11⁸
852 3033 903 3101 Lll.
933 3033 987 3086 Alii
1004 3049 1070 3087 vero
1088 3040 1264 3097 sincerrima,
1283 3051 1362 3105 prae·

78 3123 133 3176 tar
150 3117 319 3173 sententiam
330 3116 498 3186 Symmachi,
517 3117 561 3171 cui
577 3124 632 3171 siue
650 3122 763 3172 instituto
780 3117 810 3171 id
825 3119 876 3184 est,
894 3117 969 3186 quod
986 3116 1169 3172 institutionis
1187 3118 1299 3174 debitae
1317 3136 1361 3174 ex-

76 3205 195 3279 portes.
213 3232 247 3244 —
263 3203 329 3257 Mox
345 3202 380 3256 Ιι3
392 3202 425 3256 L⁴
443 3207 599 3270 provehitur.

160 3291 192 3355 ¹¹)
209 3288 245 3341 Sl
256 3287 305 3342 11¹⁸
321 3298 359 3349 el,
382 3304 503 3354 moxque
521 3289 544 3342 e'
560 3291 586 3341 e²
598 3291 625 3343 a¹
644 3293 687 3357 qui
703 3308 806 3351 raam,
835 3288 853 3341 J
871 3294 940 3359 quod
959 3308 1064 3351 sacras,
1091 3288 1138 3342 ubi
1156 3288 1224 3343 illud
1242 3297 1312 3359 quod
1328 3307 1362 3345 ex

75 3373 186 3433 verbis
204 3379 247 3443 qui
264 3378 319 3427 Dea
337 3372 495 3427 conflatum.
531 3374 562 3427 ln
580 3372 740 3427 melioribus
759 3375 854 3427 autem
871 3392 934 3427 mss.
954 3380 997 3443 qui
1015 3379 1069 3428 lleo
1086 3386 1214 3428 sacratas.
1256 3376 1364 3431 Notan-

75 3463 165 3525 dum,
185 3474 239 3526 quo
257 3460 341 3528 paeto
354 3456 535 3527 Symmachus
551 3456 581 3511 in
592 3459 646 3512 hoe
658 3458 770 3513 decreto
782 3459 988 3529 progrediaris.
1015 3459 1109 3514 Primo
1122 3458 1267 3514 viduarum
1279 3460 1361 3515 simul

75 3549 115 3603 et
135 3544 278 3613 raginam
294 3544 421 3612 raptores
439 3542 574 3597 detestari
593 3560 622 3597 sc
641 3544 774 3598 declarat.
819 3544 890 3598 'lum
913 3560 961 3598 cos
983 3549 1150 3599 vehementius
1170 3553 1362 3616 persequendas

75 3634 144 3687 hoo
162 3630 206 3683 ast
222 3627 355 3683 severiori
373 3642 464 3697 poena
481 3628 643 3696 plectendos
662 3631 765 3695 censet,
783 3629 830 3697 qui
847 3628 970 3698 virgines
987 3629 1047 3685 Deo
1065 3632 1190 3684 sacratas
1207 3631 1252 3686 vcl
1269 3630 1361 3686 volen-

76 3720 134 3772 tes
149 3712 196 3768 rel
211 3712 312 3767 iuribus
330 3711 507 3767 matrimonio
526 3711 578 3766 sibi
597 3712 712 3767 socient.
746 3715 787 3768 Ae
804 3712 916 3768 demum
933 3714 984 3769 hos
1001 3732 1019 3768 a
1037 3715 1229 3770 communione
1248 3733 1361 3786 suspen·

76 3797 198 3857 madae
215 3797 347 3853 decernit.
383 3796 448 3852 Non
464 3797 551 3867 igitur
572 3798 642 3853 haee
663 3814 755 3868 poena
776 3798 805 3852 in
827 3799 974 3854 viduarum
996 3802 1125 3870 raptores
1147 3800 1253 3869 pariter
1275 3801 1359 3856 eadit.

77 3886 153 3952 Qua
169 3881 199 3937 in
217 3899 247 3937 re
259 3881 441 3951 Symmachus
460 3900 522 3936 cum
535 3882 640 3937 Gelasii
657 3883 776 3938 decretis
794 3882 874 3953 epist.
884 3890 914 3937 14
933 3902 955 3939 e.
967 3890 1000 3938 20
1012 3886 1041 3937 et
1053 3891 1084 3937 ‘11
1104 3885 1263 3939 coneordat.
1289 3886 1361 3951 Quo-

78 3970 166 4027 circa
182 3966 324 4038 Hispanae
342 3966 511 4021 collectionis
529 3967 695 4036 compilator
711 3970 824 4037 praeter
837 3967 995 4036 Symmachi
1013 3970 1136 4023 mentem
1155 3970 1277 4039 capitulo
1296 3971 1361 4027 huic

76 4050 221 4127 preeunt
237 4052 309 4108 hauc
326 4069 475 4107 summam:
500 4057 533 4107 lle
551 4064 672 4121 raptores
694 4060 824 4108 eirluaruru
846 4060 884 4107 ael
901 4060 1022 4121 sirpiaam
1040 4074 1057 4107 a
1074 4061 1242 4109 communione
1260 4063 1358 4125 pellan·

78 4152 141 4195 w.
176 4136 311 4193 Eandem
332 4139 427 4192 tamen
450 4154 505 4191 non
527 4137 611 4192 modo
628 4137 751 4191 Isidorus
773 4138 823 4193 sed
845 4140 874 4193 et
895 4138 1017 4193 editores
1040 4156 1135 4193 omnes
1158 4157 1193 4195 ne
1211 4139 1359 4196 Sirmondo

77 4221 207 4295 qaudam
224 4228 340 4292 excepto
358 4222 539 4276 retinuenmt.

159 4308 192 4373 ¹⁸)
208 4307 241 4361 In
259 4310 283 4361 c¹
296 4309 363 4361 e²a¹
381 4307 556 4362 desideratur
572 4328 626 4362 arro.
666 4308 730 4361 Mox
748 4310 782 4362 ΑΙ
795 4308 829 4362 L²
848 4320 898 4363 latu
920 4315 1027 4376 nefandi
1046 4315 1162 4372 reminis,
1187 4311 1234 4363 ulli
1251 4310 1280 4364 in
1298 4310 1360 4365 aliis

78 4407 140 4449 m
151 4390 199 4459 (bl¹
207 4396 283 4459 laeli)
295 4397 472 4458 nefandissimi
488 4398 608 4447 criminin
636 4392 677 4446 Ex
694 4392 834 4461 prioribus
852 4396 945 4447 autem
964 4399 991 4448 ο5
1008 4395 1151 4449 revocavit
1162 4400 1275 4461 nefandi.
1293 4394 1360 4450 lieet

77 4494 144 4535 vox
160 4482 262 4531 reniale
285 4494 357 4545 quae
378 4477 407 4531 in
428 4476 472 4531 his
490 4477 627 4545 seqnitur,
655 4477 772 4531 aliorum
793 4477 942 4533 lectionem
965 4482 1116 4534 confirmet.
1154 4480 1232 4533 Hane
1253 4480 1357 4550 quippe

78 4578 189 4619 vocem
205 4578 239 4617 ex
257 4562 393 4617 vocabulo
411 4566 587 4629 nefandissimi
603 4578 751 4631 perperam
768 4562 856 4615 diviso
875 4566 966 4618 ortam
983 4582 1043 4619 esse
1061 4567 1188 4634 apparet.

159 4649 192 4715 ¹³)
209 4646 322 4701 Inonem
339 4648 412 4717 part.
427 4653 441 4700 l
460 4665 482 4701 e.
497 4652 530 4699 64
549 4652 659 4699 scaurus
672 4646 822 4701 Gratianus
840 4656 892 4703 e.3
911 4649 939 4703 C.
953 4655 985 4703 al
1004 4659 1079 4717 qul
1097 4650 1167 4704 haec
1184 4651 1271 4704 verba
1282 4651 1359 4704 velut

78 4752 126 4791 ex
142 4736 255 4787 decretis
273 4736 370 4787 Gelani
383 4752 471 4801 pupae
488 4738 524 4785 ad
540 4735 686 4785 Sicilienses
704 4740 839 4801 episcopos
855 4740 907 4788 ao
925 4732 1000 4788 citat.
1031 4734 1086 4788 Sed
1098 4752 1150 4788 nee
1162 4733 1215 4787 sibi
1228 4737 1357 4790 consterna

79 4820 137 4875 lvo
155 4815 186 4871 in
203 4816 301 4873 eadem
318 4820 400 4887 parte
418 4824 432 4871 l
452 4834 473 4871 e.
489 4822 537 4870 144
554 4815 607 4869 hoe
623 4815 716 4886 ipsum
733 4818 875 4872 decretum
897 4822 928 4873 ut
947 4826 1043 4874 Gelaeii
1060 4840 1145 4888 papae
1163 4824 1287 4874 Caesarie
1304 4827 1356 4875 c.4

78 4902 206 4976 prefert.
241 4900 329 4957 Porro
347 4901 474 4958 Gelasius
491 4918 561 4969 erga
578 4900 738 4971 hujusmodi
755 4901 853 4958 viduas
875 4902 1064 4973 indulgentior
1086 4901 1151 4959 luite
1181 4904 1285 4975 quippe
1309 4905 1357 4974 qui

1375 528 1399 564 a.
1410 518 1467 565 513.
