3412 5664
303 340 366 414 468
774 363 802 412 s.
819 361 960 409 eaussn
983 352 1097 408 rausa

207 530 294 577 nnus
392 516 554 602 Opuseula
576 517 759 602 Arnobii⁷⁴)
783 515 976 601 apocrypha.

200 599 291 645 ”4⁹⁶¹
390 619 552 704 Opuscula
575 618 723 683 Tichonii
746 618 939 703 apocrypha.

389 722 550 805 Opuscnla
573 720 765 804 Cassiano)
789 720 966 804 presbyteri
991 719 1170 784 Galliarum
1192 719 1388 804 apocrypha.

388 823 549 908 Opuscula
571 822 730 886 Victorini
753 821 1047 905 Petobionensisst)
1071 821 1267 907 apocrypha.

386 926 548 1009 Opuscula
570 925 682 988 Fausti
704 924 875 1008 Regiensis
899 923 1077 988 Galliarum
1099 924 1295 1008 apocrypha.

387 1027 549 1111 Opuscula
571 1027 797 1114 Frumentiiw)
821 1021 1133 1111 Caeciapoerypha.

386 1129 562 1195 Centonem
570 1130 610 1213 78)
633 1128 672 1191 de
688 1117 815 1193 Christo
831 1127 1022 1213 Virgilianis
1046 1129 1309 1213 compaginatum
1331 1128 1467 1193 versibus

302 1231 466 1315 cryphum.

302 1438 371 1492 falso
390 1437 525 1505 inscripta
543 1435 676 1505 opuscula
692 1436 738 1489 hio
756 1437 894 1490 notentur.
926 1435 965 1490 Ut
982 1435 1056 1490 cuim
1073 1435 1148 1490 hune
1159 1426 1308 1490 articulum
1326 1435 1363 1490 ab
1380 1435 1467 1491 aliena

299 1523 474 1592 suppositum
493 1521 693 1585 existimemus,
715 1538 772 1574 non
795 1521 885 1576 sinere
908 1521 1018 1575 videtur
1040 1539 1149 1575 summa
1170 1520 1296 1574 omnium
1317 1538 1380 1574 mss.
1399 1521 1429 1576 in
1445 1538 1467 1576 el

299 1607 391 1661 bondo
410 1606 560 1661 consensio.
597 1605 660 1658 Non
682 1609 828 1674 comparet
850 1606 962 1675 quidem
985 1606 1061 1675 apud
1078 1607 1192 1661 lvonem
1215 1607 1301 1673 atquc
1324 1605 1467 1662 Gratianus

298 1708 350 1746 nee
368 1691 442 1760 apud
460 1708 508 1746 eos
525 1689 660 1760 opuscula
669 1690 816 1756 Lactantii,
839 1690 1039 1755 Commodiani,
1057 1690 1182 1756 Arnobii,
1200 1689 1330 1745 Tichonii
1347 1692 1400 1744 ete.
1417 1706 1467 1745 mai

299 1778 355 1830 tur.
391 1778 431 1829 Ac
448 1774 681 1844 martyrologium
698 1775 854 1829 Romanum
872 1777 923 1829 sub
942 1776 989 1830 die
1006 1783 1040 1829 26
1053 1775 1226 1845 Septembris
1245 1779 1372 1845 Cypriam·
1387 1785 1467 1843 nm

298 1867 428 1915 contentae
446 1859 612 1913 memoriam
629 1860 696 1929 agit,
715 1859 762 1930 qui
781 1863 847 1915 aute
866 1861 1075 1916 conversionem
1093 1877 1171 1914 suain
1183 1873 1242 1917 erae
1259 1880 1347 1930 napus
1363 1871 1389 1914 er
1404 1867 1467 1914 ensi

298 1951 396 1999 artibus
413 1951 538 1999 Juniinam
556 1951 700 1999 dementare
718 1951 866 2000 conabatur.
1380 1988 1385 1996 .

365 2034 397 2099 ⁷⁴)
417 2031 448 2083 il
465 2035 601 2092 Arnonini,
627 2047 747 2098 moxque
765 2030 969 2101 Em'l'nrelonie
999 2030 1033 2084 Fd
1054 2034 1205 2098 Ttpctonii,
1233 2030 1265 2085 θ’
1286 2034 1387 2093 siconi,
1415 2029 1467 2084 F'i

302 2115 370 2169 editi
391 2120 520 2182 Pannonii.

332 2190 350 2212 ⁸
366 2205 398 2270 75)
417 2202 476 2255 Hac
502 2217 618 2256 censura
644 2201 808 2259 collationes
830 2201 955 2255 Cassiani
982 2203 1102 2256 maxime
1127 2201 1331 2271 percelluntur,
1359 2199 1467 2270 quasit

298 2286 454 2354 Aquitanos
471 2286 542 2340 libro
561 2286 589 2341 in
607 2286 769 2341 collatorem
788 2286 864 2341 edito
882 2287 1044 2341 confutavit.
1073 2286 1117 2340 Ad
1134 2286 1221 2340 libros
1239 2286 1315 2342 enim
1333 2285 1467 2341 demam

299 2371 409 2426 Domini
428 2372 559 2425 hortante
576 2372 669 2425 Leone
687 2372 805 2426 diacono
823 2374 923 2442 postea
939 2371 1071 2441 pontifico
1094 2370 1213 2442 scriptos
1236 2371 1313 2441 quod
1334 2369 1442 2437 attinet,
1458 2385 1467 2423 s

299 2473 404 2526 magna
421 2456 620 2511 catholicorum
638 2457 761 2511 oninium
780 2457 974 2512 aestimatione
992 2473 1102 2527 semper
1119 2456 1203 2511 iniisse
1219 2459 1325 2512 norunt
1341 2471 1439 2511 omnes.
1457 2453 1466 2524 Ι

364 2543 398 2610 ⁷⁶)
415 2542 459 2595 Itu
470 2541 505 2594 F*l
515 2541 555 2595 pn
565 2541 607 2595 F'.
627 2541 733 2606 Quibus
744 2543 828 2610 lavet,
846 2541 922 2612 quod
940 2546 963 2596 o¹
976 2547 1170 2604 I'icaeionenns,
1189 2538 1461 2601 K⁴Petabiseneu.1?¹

296 2631 450 2689 dionensis,
469 2627 516 2680 alii
534 2633 555 2681 5·
568 2645 629 2681 mss.
644 2630 673 2682 a³
685 2633 895 2682 Pictoeioneneie.
923 2628 961 2681 At
983 2628 1113 2697 eorrupte
1132 2628 1170 2696 Ιβ
1181 2632 1355 2687 Permesse,
1372 2627 1426 2681 bes
1440 2623 1467 2679 ab

296 2711 329 2764 F²
347 2717 513 2773 Plorucensis,
533 2711 565 2765 Οἳ
584 2717 749 2774 Pietnbensis,
768 2713 791 2765 Ιο
810 2717 988 2772 Pietabiensis.
1007 2715 1033 2767 a¹
1047 2717 1073 2767 e*
1092 2728 1150 2780 seq.
1170 2717 1340 2766 pictaviensis
1357 2710 1467 2778 (1111111

295 2800 352 2865 sis).
388 2801 519 2851 Perediam
538 2799 632 2851 autem
649 2799 693 2851 est
710 2797 776 2850 urbs
794 2796 830 2850 ad
842 2796 976 2850 Dravium
994 2796 1106 2851 fiuvium
1123 2797 1152 2851 iu
1171 2796 1317 2851 Pannonia
1333 2795 1393 2851 sita.
1410 2793 1467 2848 -l

296 2883 382 2947 ratio,
407 2899 478 2950 quae
498 2881 639 2937 Gelasium
655 2882 777 2948 induxit,
803 2884 833 2935 ut
850 2880 946 2936 Severi
968 2881 1112 2950 dialogum
1128 2882 1204 2936 inter
1221 2880 1385 2951 apocrypha
1400 2895 1467 2936 reem

296 2985 360 3022 eum
377 2967 521 3038 impellere
538 2967 639 3037 potuit
658 2969 689 3021 ut
706 2967 789 3036 liujus
806 2966 927 3028 auctoris
945 2966 1050 3036 scripta
1067 2966 1096 3020 in
1115 2966 1243 3020 eamdem
1261 2965 1380 3020 classem
1392 2980 1467 3019 amn

298 3053 365 3122 Ejus
388 3053 461 3107 enim
484 3052 596 3106 crebras
619 3052 804 3121 expositiones
826 3051 1045 3105 Millenariorum
1072 3067 1166 3105 errore
1187 3069 1244 3105 uon
1264 3067 1367 3106 vsoare
1383 3049 1467 3106 utem

297 3156 382 3208 supra
398 3138 427 3191 in
445 3139 592 3192 comment.
612 3136 641 3190 iu
659 3136 756 3190 Ezeoh.
776 3155 798 3191 c.
811 3143 844 3191 36
862 3135 991 3195 laudatus
1007 3151 1058 3189 nos
1075 3136 1177 3191 doerit.
1210 3135 1243 3189 In
1259 3151 1317 3203 quo
1327 3134 1467 3204 niernum

297 3241 383 3291 quum
401 3225 429 3276 et
446 3223 586 3276 Marianus
604 3226 797 3275 Paratianensis
814 3220 977 3289 reperisset,
1004 3225 1172 3276 Hennensis
1188 3221 1412 3276 substituendum
1427 3234 1467 3274 ess

296 3309 386 3361 solum
402 3307 431 3361 in
443 3308 496 3361 hoc
508 3306 719 3370 mimmentario,
737 3305 786 3359 sed
805 3308 834 3360 et
850 3305 879 3359 in
896 3304 969 3360 libro
987 3305 1022 3359 de
1040 3305 1133 3375 script.
1148 3306 1243 3361 eccles.
1254 3306 1338 3366 ,misle
1356 3305 1407 3360 sibi
1417 3321 1467 3376 pen

364 3397 395 3460 77)
414 3393 448 3446 F²
466 3398 596 3448 Frunrenti
611 3399 670 3455 reti,
688 3391 722 3445 F'
741 3395 905 3444 Frumenlint.

364 3482 397 3544 ⁷⁸)
415 3478 477 3531 Jern
496 3476 713 3542 observavimus,
726 3544 727 3547 Ἴ
740 3476 815 3530 hune
831 3475 980 3530 articulum
997 3475 1026 3528 iu
1043 3475 1078 3529 Fr*
1090 3476 1131 3530 ΕΜ
1144 3480 1170 3530 a¹
1185 3479 1211 3530 e²
1222 3493 1280 3546 seq.
1301 3477 1425 3548 superius
1439 3480 1467 3531 ul

297 3569 444 3630 appellatur
459 3575 530 3616 aces
544 3568 651 3616 i'necloe
663 3561 816 3631 praemitti,
833 3562 862 3615 in
874 3561 973 3616 ceteris
986 3565 1080 3615 autem
1093 3561 1245 3627 eodioibus,
1263 3561 1288 3616 si
1299 3579 1404 3632 paucos
1414 3551 1467 3617 exer

297 3647 351 3699 huc
368 3646 477 3712 referri,
500 3651 584 3716 atque
603 3665 673 3716 opus
691 3647 736 3699 hic
753 3648 938 3701 memoratum
956 3647 986 3699 in
1002 3645 1101 3700 iisdem
1125 3646 1207 3700 editis
1229 3647 1307 3702 nullo
1324 3646 1467 3716 suffragani

298 3736 472 3785 Centinetrnrn
490 3732 634 3802 appellari.
671 3732 753 3800 Legit
771 3735 794 3785 c'
817 3736 911 3785 Centon
934 3737 967 3785 ele
987 3735 1086 3786 corun
1109 3736 1260 3800 Virpdianr's
1282 3745 1434 3802 conponam
1447 3750 1467 3784 er

297 3823 472 3886 ‹ipocrpplmn
500 3817 576 3886 quod
597 3816 650 3870 sibi
672 3834 727 3870 non
746 3815 884 3871 cohaeret.
920 3816 953 3870 ΡΟ
971 3820 1097 3870 Centones
1171 3824 1345 3887 compaginati
1413 3835 1467 3886 apa

296 3902 347 3956 Cui
363 3902 548 3970 Hieronymus
566 3902 645 3971 epist.
661 3909 708 3956 103
730 3901 767 3956 ad
788 3901 947 3967 Paulinum,
969 3901 1023 3955 nisi
1044 3901 1166 3971 figurata
1187 3904 1285 3956 utatur
1306 3902 1441 3967 oratione,
1462 3904 1467 3954 l

295 3988 414 4054 videtur,
432 3987 481 4042 ubi
498 3989 551 4042 hoc
570 4005 639 4058 opus
657 3987 696 4041 sie
713 3988 806 4041 notat:
831 3992 908 4052 Quasi
926 4007 976 4042 nen
994 3993 1127 4057 legerimus
1144 3991 1423 4043 Homerocentones!
1440 3988 1467 4039 Vl

295 4086 422 4128 centones.
459 4071 514 4126 Sed
532 4073 624 4126 eidem
640 4073 817 4142 refragantur
840 4087 935 4126 ornnes
961 4071 998 4126 ad
1021 4090 1106 4125 unum
1128 4089 1192 4125 mss.
1215 4072 1313 4139 (etiam
1331 4071 1364 4128 C*
1375 4072 1407 4127 Ι·Ἰ
1418 4068 1467 4126 1²⁴1

296 4159 333 4211 He
351 4163 458 4212 Centoni
529 4165 726 4226 compnpinolnm
744 4160 904 4226 apocrypha)
922 4157 994 4214 sicui
1011 4160 1041 4211 et
1058 4156 1177 4210 Isidorus
1194 4156 1382 4227 Hispalensis,
1402 4154 1467 4227 quil

295 4244 362 4296 viris
380 4242 478 4295 illustr.
499 4258 520 4295 e.
535 4249 551 4296 b
568 4242 643 4296 idem
661 4258 731 4311 opus
743 4247 876 4296 Centonem
894 4259 949 4296 non
961 4246 1088 4297 Centones
1104 4244 1194 4296 vocat.
1218 4241 1318 4311 Neque
1336 4242 1410 4297 enim
1420 4239 1467 4297 sitit

296 4329 370 4393 dum,
389 4326 455 4395 quin
473 4325 507 4380 nd
526 4327 600 4380 huno
616 4327 707 4396 ipsum
724 4327 816 4381 locum
834 4326 972 4397 respiciat,
996 4344 1082 4396 quum
1098 4326 1139 4381 ibi
1156 4326 1264 4381 scribit:
1289 4331 1381 4382 Prota
1402 4347 1466 4383 aser

294 4418 351 4481 pan
367 4418 535 4481 proconsulis,
553 4417 647 4477 semina
664 4419 732 4466 inter
749 4419 819 4468 viros
836 4419 1023 4469 ecclesiasticos
1039 4417 1136 4468 idcirco
1153 4418 1239 4480 posim
1256 4419 1321 4474 sola,
1340 4418 1410 4483 qnod
1423 4418 1467 4468 inl

297 4503 391 4551 Christi
408 4507 511 4551 versam
529 4509 574 4559 est,
593 4517 745 4565 componens
764 4502 928 4552 Centonem
945 4503 977 4551 de
991 4501 1091 4552 enen
1101 4501 1467 4567 Virailioniswoplotmer

295 4589 369 4650 cnjus
387 4587 485 4651 quiden
504 4602 553 4637 non
570 4587 689 4635 miramur
705 4589 825 4646 andiunt,
850 4587 898 4636 sed
914 4588 1045 4637 laudamus
1061 4588 1199 4652 inperitans
1225 4587 1295 4653 quod
1316 4594 1402 4638 tamen
1422 4603 1467 4653 ομ

294 4673 387 4735 lepitur
403 4673 472 4721 inter
489 4674 652 4736 apocryphae
669 4673 814 4736 scripturae
831 4673 958 4724 insertum
996 4667 1053 4722 Ubi
1070 4667 1211 4722 enimvero
1227 4667 1366 4723 insertum
1382 4668 1467 4740 legin

295 4754 323 4806 in
341 4754 394 4807 hoc
412 4753 539 4818 decreto,
562 4752 636 4820 quod
656 4752 782 4806 Gelasius
806 4752 893 4806 edidit
915 4759 944 4807 et
961 4752 1111 4807 Hormisdn
1133 4751 1315 4822 recognovit?
1351 4753 1451 4824 Neque

296 4837 332 4891 ad
350 4838 418 4892 illud
436 4854 506 4907 opus
524 4837 597 4892 inter
614 4837 767 4907 scripturas
785 4839 959 4907 apocryphas
982 4838 1160 4893 inserendum
1183 4838 1334 4893 contulisse
1355 4843 1456 4908 putem

295 4924 372 4995 nyrni
394 4923 422 4977 iu
443 4923 568 4997 laudato·
580 4923 699 4994 epistola
718 4930 766 4978 103
789 4924 823 4978 de
846 4925 898 4978 hoc
916 4924 1039 4979 Centone
1062 4923 1207 4991 judicium.
1252 4923 1296 4978 lbi
1319 4925 1467 4998 quippep
