3450 5678
562 341 753 392 amsuchan
777 331 828 389 63.
852 329 902 389 64.
1308 327 1369 392 85Ἰ

100 518 159 581 pro
180 495 272 560 nobis
303 494 445 559 elaboret
472 496 583 560 oratic.
635 495 686 559 Ita
714 495 801 559 enim
828 497 915 559 totus
943 517 977 560 se
1005 495 1214 561 ecclesiastici
1243 498 1367 583 negotii
1380 508 1414 575 (a,
1427 508 1496 576 519.)

100 598 176 664 tulit
198 600 348 681 eventus,
376 600 413 662 ut
434 597 574 661 dubitari
596 620 662 662 non
683 598 785 683 possit
807 598 893 662 beati
916 597 1006 663 Petri
1028 621 1085 683 per
1107 599 1235 685 singula
1257 621 1369 684 prove·

100 701 186 766 nisse
208 701 413 764 miraculum:
441 701 580 785 primurn
603 701 685 785 quod
707 703 834 765 tanturn
856 700 891 765 in
913 701 1008 785 ipsis,
1038 701 1091 786 qui
1115 702 1274 787 dignitate
1297 702 1368 767 fun-

100 806 236 890 guntur,
266 803 447 868 invenimus
468 803 633 888 religionis
662 804 821 887 ardorem,
852 806 889 868 ut
909 802 1108 887 Vitalianus,
1143 804 1314 888 Pompejus
1336 808 1369 870 et

100 907 303 972 Justinianus
325 906 419 970 nobis
434 910 638 971 occurrerent
652 907 686 970 in
702 906 810 970 decem
826 906 977 988 millibus,
1002 906 1087 970 etde
1103 906 1242 970 adventu
1257 910 1368 972 nostro

101 1032 173 1075 eum
195 1011 302 1073 vestra
324 1010 503 1094 gratiarum
526 1009 651 1073 actione
674 1009 804 1094 gloriari
832 1030 898 1072 non
921 1008 1156 1073 arbitrarentur
1183 1008 1368 1094 indignum3

100 1111 215 1177 deinde
237 1111 320 1196 quod
342 1114 436 1175 tanta
457 1111 520 1176 fuit
542 1112 638 1176 etiam
661 1111 695 1175 in
717 1110 810 1195 plebe
832 1110 973 1194 devoti0,
998 1113 1034 1175 ut
1055 1133 1129 1194 pars
1152 1111 1292 1175 maxima
1312 1134 1368 1197 po·

99 1214 247 1299 pulcrum
270 1237 341 1278 eum
364 1213 461 1278 cereis
484 1214 577 1278 simul
601 1215 633 1278 et
654 1213 801 1277 laudibus
823 1213 938 1277 restris
960 1217 1106 1278 nostrum
1120 1213 1369 1297 praestolaretur

101 1317 283 1381 adventum.
329 1315 394 1387 Sub
422 1315 482 1379 hac
510 1316 618 1401 itaque
647 1316 832 1380 celebritate
866 1314 1006 1381 secunda
1038 1315 1119 1379 feria
1151 1315 1369 1384 hebdomadae

100 1419 230 1506 majoris
253 1418 567 1503 Constantinopolim
588 1419 724 1503 sospites
746 1418 925 1503 hilaresque
941 1418 1156 1502 convenimus,
1179 1422 1368 1505 posteroque

100 1523 150 1587 die
172 1521 317 1605 piissimo
338 1521 478 1606 principi
499 1520 713 1604 praesentati,
745 1524 836 1585 tauto
864 1521 932 1604 ejus
955 1520 1087 1585 relevati
1110 1543 1217 1586 sumus
1240 1522 1366 1613 affectu,

99 1627 135 1688 ut
157 1625 185 1688 si
207 1623 271 1687 alia
292 1624 423 1687 minime
445 1623 688 1708 praecederent,
712 1624 780 1688 sola
802 1624 895 1687 nobis
912 1624 951 1687 ad
967 1623 1115 1687 solatium
1130 1624 1266 1707 piissimi
1281 1625 1368 1709 prin-

100 1727 180 1811 cipis
203 1726 310 1812 gratia
331 1726 523 1810 suffecisset;
560 1726 614 1790 sed
638 1726 835 1789 orationibus
858 1727 971 1790 vestris
999 1728 1123 1809 majora
1150 1730 1258 1791 secuta
1281 1730 1367 1793 sunt.

99 1828 185 1894 Nam
208 1851 244 1893 eo
267 1828 317 1892 die
340 1829 399 1892 sub
421 1831 552 1892 senatus
577 1828 683 1892 cuncti
706 1829 890 1912 praesentia
918 1828 1058 1912 episcopi
1086 1851 1209 1914 quoque
1232 1834 1369 1915 quatuor

99 1931 287 2013 adfuenmt,
322 1952 399 2015 quos
422 1931 588 1995 Johannes
611 1930 987 2016 Constantinopolitanus
1016 1931 1151 1995 antistes
1181 1954 1239 2015 pro
1266 1933 1368 2018 partis

99 2056 175 2099 suae
197 2033 382 2099 defensione
404 2034 636 2118 transmiserat,
661 2034 774 2119 quibus
797 2034 992 2118 apostolicae
1007 2034 1091 2098 sedis
1105 2034 1248 2099 libellum
1263 2039 1368 2101 osten-

99 2137 218 2221 dimus,
243 2138 412 2221 omniaque
435 2137 468 2200 in
491 2159 527 2201 eo
550 2138 670 2222 reeta¹)
695 2137 912 2222 canonicaque
935 2158 1003 2202 esse
1024 2137 1239 2223 probavimus.

183 2239 214 2303 2.
252 2238 416 2303 Postremo
439 2239 552 2324 quinta
574 2239 672 2323 feria,
703 2239 763 2305 hoc
787 2242 836 2305 est
857 2239 892 2304 in
916 2260 1015 2304 coena
1037 2239 1183 2324 Domini,
1213 2241 1253 2305 ad
1280 2240 1368 2326 pala-

98 2343 180 2407 tium
201 2342 236 2406 in
259 2342 403 2427 generali
427 2345 586 2407 conventu
608 2343 697 2407 venit
719 2343 903 2427 episcopus,
938 2344 970 2406 et
996 2341 1137 2428 perlecto
1163 2342 1272 2408 libello
1295 2366 1368 2409 con·

98 2444 241 2510 sentiens
270 2467 342 2509 cum
369 2467 493 2509 summa
520 2445 688 2510 devotione
710 2445 910 2529 subscripsit.
956 2443 1032 2521 Quis
1056 2445 1209 2530 explicet,
1247 2449 1367 2532 quanta

98 2548 163 2613 illic
185 2548 342 2633 principis
365 2548 486 2632 pariter
509 2570 546 2612 ac
568 2556 698 2613 senatus
726 2549 851 2613 laetitia
880 2547 994 2630 fuerit,
1030 2569 1108 2631 quas
1136 2548 1181 2612 ibi
1208 2549 1367 2633 lacrymas

98 2651 216 2735 gandia
243 2651 443 2735 pepererint,
477 2674 556 2735 quas
578 2674 671 2715 voces
694 2650 743 2715 vel
765 2652 800 2714 in
822 2650 949 2714 laudem
972 2649 1126 2734 principis
1154 2651 1203 2714 vel
1226 2652 1261 2715 in
1284 2651 1367 2716 sedis

97 2756 233 2837 vestrae,
256 2754 355 2818 totius
379 2756 487 2818 coetus
510 2757 543 2817 et
566 2753 641 2818 cleri
663 2754 754 2817 favor
776 2751 906 2817 emisit?
938 2752 1102 2836 Explicari
1117 2752 1196 2817 haec
1212 2754 1367 2821 relatione

97 2877 163 2919 non
192 2858 343 2941 possunt,
382 2857 436 2920 sed
471 2855 718 2920 considerationi
752 2859 876 2919 vestrae
908 2854 1117 2939 portitorique
1145 2856 1365 2941 relinquimus

97 2958 181 3044 quod
203 2958 307 3044 eloqui
329 2978 395 3023 non
418 2959 569 3023 valemus.
605 2959 636 3023 Α
657 2958 778 3043 palatio
799 2958 834 3022 in
857 2957 1024 3023 ecclesiam
1047 2980 1171 3023 summa
1194 2981 1265 3023 curn
1287 2960 1367 3024 cele-

97 3061 216 3125 britate
239 3060 451 3145 pervenimus,
477 3065 512 3125 ut
533 3062 606 3126 fidei
630 3062 870 3144 animorumque
887 3059 1089 3124 concordiam
1104 3061 1268 3126 sollemnis
1284 3083 1367 3127 com-

97 3163 293 3248 munionis²)
316 3186 438 3248 quoquc
461 3164 630 3228 celebritas
652 3163 826 3227 roboraret.
864 3162 928 3227 Vix
945 3161 1164 3247 credipotest,
1188 3163 1258 3248 quis
1274 3164 1367 3229 fletus

96 3265 303 3349 lactantium,
334 3288 414 3349 quae
443 3267 642 3331 immensitas
669 3267 768 3331 fuerit
797 3265 1030 3350 exundatioque
1058 3266 1262 3350 populorum:
1296 3267 1367 3352 ipsa

97 3390 188 3432 suam
209 3368 368 3432 laetitiam
390 3370 483 3432 turba
505 3370 692 3434 mirabatur.
737 3368 806 3434 Nec
828 3367 968 3433 dubitari
989 3371 1131 3452 poterat,
1160 3391 1290 3434 manum
1313 3371 1366 3434 ad-

96 3471 196 3555 fuisse
219 3471 403 3555 coelestem,
428 3494 508 3556 quae
530 3473 629 3536 talem
650 3472 768 3537 mundo
792 3471 928 3536 contulit
949 3469 1116 3534 unitatem.
1149 3470 1261 3535 Aeacii
1275 3493 1366 3557 prac-

95 3574 285 3638 varicatoris
309 3572 573 3638 anathematizati
595 3597 712 3639 nomen
736 3575 774 3638 de
796 3572 957 3658 diptychis
986 3571 1226 3657 ecclesiasticis,
1257 3575 1309 3638 sed
1334 3577 1366 3638 et

96 3679 275 3741 ceterorum
298 3676 534 3760 episcoporum,
568 3677 621 3761 qui
646 3699 717 3741 eum
745 3678 780 3741 in
803 3675 1024 3740 communione
1052 3676 1153 3740 secuti
1181 3679 1272 3759 sunt,
1307 3677 1366 3741 sub

95 3781 206 3843 nostro
230 3782 402 3862 conspectu
426 3780 645 3863 significamus
668 3801 784 3843 erasos.
829 3777 992 3841 Anastasii
1022 3799 1146 3862 quoque
1170 3800 1208 3842 ac
1228 3778 1365 3844 Zenonis

95 3881 228 3945 nomina
251 3881 398 3944 similiter
420 3882 460 3944 ab
484 3882 593 3945 altaris
616 3882 805 3970 recitatione
828 3881 985 3944 submota.
1020 3879 1088 3944 Par
1104 3883 1153 3944 est
1168 3881 1365 3945 orationihus

94 3984 210 4048 vestris
239 3982 493 4048 Christianorum
526 3984 687 4048 mentibus
720 3984 859 4047 reddita:
893 4005 958 4045 una
991 3981 1088 4046 totius
1123 3984 1172 4046 est
1200 3982 1365 4048 Ecclesiae

95 4085 222 4168 anima,
253 4108 318 4149 una
340 4086 479 4169 lactitia3
513 4085 597 4150 solus
619 4086 710 4171 luget
731 4085 864 4149 humani
893 4084 1021 4169 generis
1044 4084 1193 4150 inimicus
1200 4136 1209 4169 ,
1241 4089 1365 4149 vestrae

94 4188 200 4272 precis
223 4189 462 4272 expugnatione
486 4188 623 4252 collisus.

180 4291 211 4354 3.
251 4290 365 4372 Orate,
400 4293 438 4354 ut
471 4290 708 4355 Antiochenam
741 4311 865 4373 queque
901 4288 1015 4352 similis
1051 4288 1189 4353 felicitas
1225 4289 1365 4353 illustret

95 4391 280 4475 ecelesiam,
315 4392 353 4456 de
384 4392 473 4475 cujus
502 4393 646 4456 antistite
675 4391 778 4455 adhuc
812 4393 969 4465 tractatus
1003 4393 1119 4455 nutare
1153 4391 1364 4475 conspicitur3

94 4493 246 4579 quoniam
274 4494 360 4558 inter
387 4494 512 4558 diversa
540 4497 614 4558 vota
642 4493 830 4578 populorum
863 4492 901 4556 de
934 4515 1089 4578 personae
1117 4493 1270 4557 electione
1298 4507 1364 4556 n'on

96 4598 234 4661 constat.
270 4595 435 4662 Credimus
457 4599 583 4679 tamen,
608 4597 690 4681 quod
713 4595 861 4679 precibus
875 4595 1085 4660 beatitudinis
1101 4598 1224 4659 vestrae
1240 4593 1278 4659 de
1294 4593 1364 4678 ipsa

97 4756 399 4763 —--—-·-...--—-.

94 4839 127 4887 64
163 4837 183 4902 ¹)
202 4832 236 4886 G¹
251 4836 277 4888 a¹
297 4845 367 4889 recte
385 4841 508 4889 canoniea
526 4855 592 4901 esse,
612 4836 641 4889 et
657 4835 770 4889 inferius
787 4842 925 4904 perlectum
942 4838 1057 4888 libellum.

162 4921 184 4990 ²)
203 4919 246 4972 lta
264 4918 296 4973 G¹
312 4923 348 4974 a¹.
385 4920 427 4974 m.
447 4920 535 4974 omitt.
554 4925 743 4988 cominunionis,
761 4937 880 4990 moxque
897 4923 1037 4981 mirabitur,
