3450 5678
211 107 271 174 158
694 120 721 168 s.
738 119 863 168 nrnssr
884 118 999 168 escas

106 298 131 335 a.
142 285 192 334 464
204 280 316 342 nostro
337 276 481 359 Irenaeo,
510 296 605 360 quem
633 274 702 358 ipse
725 275 820 338 antea
843 273 879 337 in
901 272 1072 359 dioecesi⁵)
1094 294 1153 338 sua
1179 272 1274 339 nobis
1300 272 1525 343 volentibus

99 354 191 403 ‘4⁶⁵'
209 379 431 462 constituerat,
455 376 679 461 derelinquens
702 376 731 439 ei
754 375 836 460 quod
852 374 958 459 potuit
971 375 1091 441 habere
1106 366 1292 463 paupertas,
1314 396 1525 461 suprema&

208 481 383 547 volmrtatis
407 480 540 544 arbitrio
562 479 596 543 in
619 478 724 542 locum
746 500 838 542 suum
854 480 889 541 ut
916 477 1163 543 substitueretur
1189 478 1331 564 optavit:
1361 479 1420 543 sed
1434 480 1525 545 ‹le—1

208 586 311 650 functi
331 583 487 668 judicium
509 582 544 645 ir'r
567 580 634 664 ejus
656 579 806 643 meritum
834 602 900 643 non
921 580 1063 644 vacillat.
1109 579 1272 664 Siquidem
1293 582 1402 647 onmis
1425 581 1506 647 ele—

206 709 260 750 ms
283 690 316 750 et
337 685 427 769 plebs
451 683 593 768 ejusdem
616 682 755 746 civitatis
778 685 811 746 et
839 682 953 766 optimi
976 685 1009 746 et
1035 681 1164 766 plurimi
1192 683 1422 768 provinciales,
1451 698 1525 749 ut·

205 788 290 852 idem
312 787 381 873 inl)
405 786 473 870 ejus
495 785 600 849 locum
615 785 810 868 observaret,
835 806 854 847 a
874 784 967 849 nobis
988 786 1199 869 speraverunt
1220 784 1297 850 dato
1313 806 1475 851 consensu
1514 844 1525 857 .

205 890 273 953 Nos
297 889 477 974 cogitantes
499 886 644 951 defuncti
664 884 831 970 judicium,
856 889 889 950 et
910 887 1083 971 probantes
1104 887 1173 971 ejus
1195 886 1296 953 vitam
1319 889 1354 952 et
1375 910 1525 959 eorurn

206 992 409 1055 nobilitatem
437 994 533 1074 atque
560 987 801 1053 multitudinem
830 988 884 1071 qui
912 989 1082 1073 petebant,
1123 988 1219 1053 sirnul
1247 992 1281 1054 et
1307 989 1505 1059 utilitatem

206 1094 358 1158 ecclesiae
379 1095 590 1174 memoratae,
620 1090 777 1174 optimum
799 1089 956 1173 durimus,
991 1094 1028 1153 ut
1048 1092 1142 1154 tauto
1164 1090 1336 1175 sacerdoti,
1366 1094 1423 1179 qui
1445 1094 1495 1159 sd

205 1196 314 1260 divina
336 1195 544 1281 migraverat,
575 1215 641 1257 non
667 1192 800 1257 minoris
823 1191 929 1255 meriti
952 1191 1198 1257 substitueretur
1219 1194 1371 1279 antistes,
1394 1218 1482 1281 prae

205 1299 315 1363 sertim
338 1320 435 1383 quum
457 1296 592 1361 eeclesia
614 1295 700 1359 illius
723 1293 901 1377 municipii,
930 1293 965 1357 in
988 1317 1051 1378 qua
1074 1298 1150 1358 ente
1172 1295 1279 1360 fuerat
1300 1296 1476 1381 ordinatas,

205 1423 331 1486 semper
353 1401 448 1484 hujus
472 1398 613 1463 civitatis
636 1396 790 1463 ecelesiae
811 1396 910 1461 fuisse
938 1395 1091 1461 dioecesis
1115 1401 1251 1462 constet.
1296 1396 1389 1485 Ergo
1411 1422 1477 1495 sup

205 1503 332 1586 pliciter
354 1522 520 1586 precamur
543 1499 757 1585 apostolatum
779 1501 929 1582 vestrum,
954 1502 990 1562 ut
1009 1497 1202 1564 humilitatis
1217 1502 1384 1586 nostrael)
1399 1502 1476 1587 quod

201 1604 289 1687 juste
312 1626 331 1669 a
352 1604 446 1669 nobis
467 1602 593 1667 videtur
614 1602 736 1667 factum
759 1604 866 1666 vestra
889 1602 1080 1666 auctoritate
1101 1602 1247 1667 firmetis.

289 1707 320 1770 3.
358 1705 551 1769 Jamdudum
573 1726 651 1769 sane
672 1704 775 1788 questi
798 1704 959 1768 fueramus
982 1703 1099 1768 litteris
1120 1705 1240 1769 nostris
1263 1705 1302 1769 de
1316 1728 1478 1791 praesum·

175 1808 316 1891 ‘ptioue
338 1807 461 1872 Silvani
485 1806 637 1893 episcopi,
664 1811 697 1871 et
718 1807 888 1889 miramur,
906 1805 989 1889 quod
1011 1806 1136 1892 nullal)
1158 1807 1359 1891 apostolatus
1382 1810 1481 1875 vestri

205 1931 359 1993 responsa
386 1911 592 1994 suscepimus.
643 1908 737 1973 Nunc
767 1908 847 2009 haee
875 1908 987 1972 eadem
1019 1912 1229 1994 suggerentes
1261 1911 1415 1995 petimus,
1446 1916 1483 1979 ut

205 2011 281 2095 quid
308 2033 403 2095 super
430 2011 479 2076 his
507 2012 601 2076 rebus
629 2011 862 2076 observandum
890 2011 948 2092 sit,
980 2009 1165 2094 apostolicis
1192 2012 1397 2079 sermonibus
1423 2036 1485 2081 nos

205 2111 383 2198 dignemini
413 2114 596 2179 inforrnare.
648 2112 692 2177 Et
724 2134 765 2177 ne
791 2112 929 2176 forsitan
962 2135 1019 2197 per
1051 2112 1287 2199 negligentiam
1314 2116 1486 2200 portitoris

205 2219 261 2279 aut
288 2237 345 2300 per
372 2216 542 2302 longinqui
569 2215 695 2280 itineris
726 2215 949 2279 difficultatem
978 2215 1169 2280 humilitatis
1196 2219 1326 2281 nostrae
1354 2218 1399 2283 ad
1427 2241 1487 2287 vos

205 2318 325 2401 scripta
340 2340 406 2383 uon
429 2319 593 2403 potuerint
616 2340 654 2382 ex
677 2319 738 2383 hoc
759 2317 891 2403 negotio
913 2317 1091 2402 pervenire,
1116 2318 1215 2383 etiam
1236 2320 1486 2405 suggestionem

204 2424 348 2485 nostram
371 2420 540 2484 maluimus
562 2420 690 2483 iterare.
734 2425 774 2485 Et
801 2424 999 2502 subscriptio:
1033 2420 1188 2485 Orantem
1209 2442 1269 2505 pro
1289 2422 1388 2487 nobis
1409 2446 1487 2492 san·

206 2526 292 2586 etum
314 2523 528 2606 apostolatum
550 2525 692 2586 vestrum
704 2522 776 2608 jugi
800 2543 878 2586 aevo
900 2521 1010 2585 divina
1033 2526 1201 2588 conservet
1222 2524 1404 2591 aeternitas
1426 2550 1488 2593 no·

204 2624 253 2688 bis
285 2625 432 2689 omnibus
460 2628 493 2688 et
520 2622 685 2688 Ecclesiae
717 2646 809 2707 suae,
847 2622 975 2687 domine
1008 2645 1082 2688 vere
1115 2628 1225 2689 noster
1252 2627 1318 2713 etl)
1352 2634 1488 2715 aposto

204 2727 264 2792 lice
285 2729 386 2813 papa!

271 3002 292 3068 5)
311 3000 415 3055 Vocem
433 3005 558 3055 dioecesis
575 3016 627 3068 pro
639 2997 781 3054 territorio
794 2997 918 3067 episcopi
932 2997 993 3067 jam
1011 3000 1095 3053 antea
1106 2999 1236 3070 Hispanis
1254 3000 1402 3073 usitatam,
1419 3024 1489 3065 con-

204 3087 260 3139 stat
278 3102 311 3139 ex
330 3085 444 3139 concilio
458 3085 594 3140 Toletano
612 3084 624 3137 I
644 3090 714 3139 aad.
744 3082 799 3138 Sed
811 3099 902 3150 neque
915 3083 1005 3137 prinus
1019 3084 1184 3139 familiarem
1193 3085 1268 3140 Afris
1279 3086 1376 3157 fuisse,
1393 3090 1488 3161 liquet

205 3186 238 3221 cx
255 3170 370 3237 vulgato
390 3188 484 3224 eorum
503 3169 598 3223 codice
617 3185 754 3223 canonum
773 3186 795 3222 c.
809 3174 850 3234 54,
863 3174 896 3221 ot
908 3172 970 3236 etc,
989 3186 1039 3223 neo
1056 3186 1112 3224 nou
1125 3170 1316 3241 exaugeret-ini
1333 3174 1421 3245 epist.
1433 3184 1489 3235 209

205 3259 261 3307 rr.8
280 3254 324 3322 (ol.
339 3260 408 3323 ⁴261).
445 3255 525 3320 Quod
543 3258 636 3309 autem
658 3254 703 3308 hie
721 3255 818 3308 rrarrat
834 3253 1017 3322 Augustinus,
1046 3272 1075 3308 se
1099 3256 1259 3326 episcopruu
1280 3256 1311 3312 in
1332 3260 1488 3319 territorio

204 3336 360 3393 fussalensi
378 3340 414 3394 ad
431 3339 590 3409 paroeciam
608 3338 795 3409 llippouensis
814 3339 945 3394 eeclesiae
963 3339 1121 3410 pertinente
1139 3341 1300 3409 instituisse,
1318 3342 1399 3401 idem
1417 3350 1451 3403 et
1469 3366 1489 3405 a

204 3423 375 3479 Nundinario
394 3425 422 3479 in
440 3425 561 3493 quodam
580 3424 692 3479 dit-iouis
710 3442 776 3479 suae
789 3424 939 3494 municipio
958 3442 1020 3479 cum
1033 3425 1228 3496 episcoporum
1238 3428 1406 3497 provinciae
1418 3448 1487 3489 eon·

203 3524 283 3565 seusu
301 3512 406 3565 factum
423 3510 542 3565 uidetur.

270 3600 291 3665 ⁰)
310 3596 384 3651 Editi
402 3604 460 3664 ejas
477 3602 563 3657 locaras,
582 3595 684 3649 rectius
702 3613 765 3649 mss.
781 3596 877 3663 (etiam
894 3596 928 3649 F¹
939 3596 986 3665 H’)
1005 3603 1030 3651 in
1048 3603 1106 3665 ejas
1123 3603 1218 3657 loeamr
1236 3598 1342 3669 quippe
1360 3618 1487 3673 aequum

204 3682 319 3737 verbum
336 3688 484 3738 obseram-er
502 3680 576 3735 idem
594 3680 743 3750 siguificat,
762 3680 837 3748 quod
855 3688 1028 3753 episcopatum
1045 3693 1161 3753 pererret,
1185 3682 1227 3738 uti
1245 3678 1407 3751 struma
1426 3704 1485 3745 non

204 3766 276 3819 mado
294 3767 380 3820 latine
398 3765 499 3820 dicitur
516 3770 665 3820 obseruator
682 3784 730 3821 seu
747 3774 903 3835 speculator.

271 3853 292 3919 ’)
312 3851 354 3905 lta
370 3850 399 3903 lr¹
418 3853 447 3905 et
464 3870 527 3905 mss
556 3850 630 3904 Editi
649 3851 755 3907 addunt
773 3858 907 3908 decreram.
943 3852 980 3906 Et
997 3853 1025 3906 id
1044 3853 1157 3922 quidem
1174 3853 1219 3907 hic
1236 3854 1383 3925 praesules
1401 3876 1486 3933 repeL

204 3937 274 4001 tunt,
292 3936 367 4004 quod
384 3936 463 3991 initio
481 3936 664 4006 postularant,
682 3939 713 3991 ut
724 3936 836 3993 Hilarus
850 3942 946 4006 [aarum
964 3955 1019 3991 nou
1031 3944 1159 3994 decretum
1176 3938 1301 4010 ipsorum
1319 3944 1486 4009 (dunelmie

204 4020 470 4090 nosr1·ae)'r0borare
488 4021 626 4091 dignetur.

271 4111 292 4177 ¹⁴)
310 4106 343 4161 P²
361 4114 501 4162 nullalenus
518 4119 603 4163 uestra
622 4128 756 4178 respousa.
792 4106 910 4177 Moxque
928 4108 965 4163 ll'
983 4112 1052 4179 luapi
1069 4116 1168 4166 itineris
1183 4116 1342 4177 fucultatem.

271 4196 292 4261 Β)
311 4194 342 4247 la
361 4192 393 4246 l¹²
411 4192 489 4249 deest
506 4204 542 4247 er.
