3450 5678
312 320 375 385 678
765 338 792 383 s.
810 335 990 385 srnnracnr
1014 335 1127 380 iuras

205 519 229 555 a.
242 506 299 555 501.
401 490 449 552 12.
487 488 583 552 Nunc
605 511 771 573 rogamuS,
806 493 842 552 ut
864 488 1152 574 infinnitatibus¹⁵)
1182 492 1214 553 et
1236 486 1507 572 redintegrationi
1530 486 1581 549 de·

230 605 268 659 s*
314 591 449 655 bilitatis
472 594 600 654 nostrae
623 592 753 676 sicud)
782 592 827 675 pii
850 591 971 655 domini
999 590 1207 654 succurratis:
1236 590 1388 674 quoniam
1412 587 1582 653 calliditati

314 693 469 758 saeculari
491 693 691 757 sacerdotum
714 694 902 777 simplicitas
925 715 990 756 non
1013 692 1149 776 suffieit,
1174 692 1293 776 etjam
1316 691 1435 755 diutius
1456 694 1581 755 nostro

314 819 384 860 rum
405 800 524 860 mortes
547 798 579 858 et
600 795 742 879 pericula
764 795 940 881 propria¹⁷)
963 795 1084 860 Romae
1106 796 1175 879 pati
1198 818 1263 858 non
1285 816 1463 878 possumus,
1521 792 1581 857 Sed

315 896 478 962 concedite
500 897 593 960 nobis
615 897 815 983 optatissimo
837 901 1007 982 praecepto
1031 901 1153 980 vestre,
1176 900 1213 961 ut
1228 895 1267 960 ad
1284 895 1436 960 ecelesias
1454 898 1582 959 nostras

314 999 410 1063 liceat
431 1020 489 1062 nos
511 1000 644 1083 reverti,
668 999 741 1083 quia
763 1000 937 1083 posthaec
960 1021 1041 1084 quae
1063 998 1282 1084 suggessimus
1304 997 1387 1062 nihil
1409 1001 1474 1079 est,
1499 995 1582 1082 quod

316 1124 335 1164 a
361 1099 454 1164 nobis
484 1101 586 1183 possit
618 1101 768 1164 ordinari.
824 1107 865 1167 Et
891 1105 955 1167 alia
980 1122 1087 1168 manu:
1126 1101 1284 1186 Optamus
1312 1100 1402 1164 vobis
1434 1098 1571 1164 salutem

317 1201 489 1288 domine¹⁸)
512 1201 671 1286 princeps.

443 1388 506 1453 lv.
544 1387 790 1476 Praecepti01)
812 1390 910 1473 regis
932 1392 1060 1473 quinta
1081 1392 1189 1458 inissa
1210 1391 1254 1457 ad
1276 1389 1465 1471 synodum.

468 1524 522 1588 Fl.
545 1524 813 1591 Theudericus
841 1549 907 1591 rex
935 1528 1136 1592 universis
1163 1527 1365 1612 episeopis
1393 1527 1442 1592 ad
1470 1548 1579 1612 syno-

561 1627 648 1691 dum
671 1630 914 1693 convocatis.

359 1726 366 1735 ,
404 1746 453 1810 13.
492 1745 651 1810 Decuerat
673 1748 801 1830 quidem
827 1748 1059 1812 beatitudinem
1086 1752 1226 1813 vestram
1253 1749 1381 1812 divinae
1405 1748 1581 1814 considera·

317 1848 416 1912 tionis
438 1848 617 1911 reverentia
640 1850 817 1933 exortum²)
841 1851 911 1934 jam
933 1850 1025 1913 finire
1047 1850 1230 1935 negotium:
1263 1852 1299 1913 ut
1320 1850 1411 1914 vobis
1435 1850 1585 1915 ordinan-
1692 1869 1704 1877 ·

318 1949 404 2013 tibus
427 1949 605 2012 submoveri
627 1949 784 2033 potuisset
806 1951 844 2014 de
866 1954 960 2015 tanta
983 1951 1113 2015 civitate
1136 1951 1299 2033 confusio,
1326 1951 1468 2015 maxime
1492 1968 1598 2037 quum
1657 1944 1719 1991 Β

319 2050 501 2134 praeteritis
523 2050 673 2113 affatibus
692 2051 890 2134 jusserimus
915 2052 1179 2136 quemadmodum
1193 2053 1331 2136 vestrm)
1356 2053 1462 2116 visum
1476 2050 1613 2118 fuisset

319 2151 469 2232 arbitrio,
498 2155 707 2216 memoratum
722 2175 785 2230 ,vos
807 2154 980 2218 terminare
1003 2154 1117 2218 debere
1141 2157 1318 2236 certamen,
1344 2154 1521 2219 dummodo
1543 2144 1710 2221 taff

320 2252 379 2316 sub
397 2251 487 2335 justa
508 2253 709 2317 ordinatione
731 2255 834 2336 finita,
858 2255 1083 2320 dissentientes
1105 2255 1224 2319 unitati
1252 2259 1284 2320 et
1307 2256 1503 2321 concordiae
1526 2257 1682 2322 redf

320 2353 482 2417 darentur.
519 2354 725 2440 Postquam)
747 2358 901 2419 miramur
923 2357 1026 2420 denuo
1047 2357 1147 2421 fuisse
1170 2357 1343 2439 consultos,
1367 2360 1516 2441 quamsi
1538 2351 1725 2440 soff,

321 2455 359 2518 de
381 2457 544 2538 praesenti
566 2459 642 2520 ante
664 2456 871 2520 voluissemus
890 2458 1034 2540 judicare
1056 2459 1198 2543 negotia,
1222 2452 1333 2523 habito'
1357 2480 1432 2522 cum
1454 2463 1586 2545 proceri
1599 2474 1673 2501 s

321 2555 381 2620 bus
408 2557 528 2620 nostris
561 2558 599 2621 de
623 2558 823 2655 'inquirenda
853 2560 988 2623 veritate
1015 2561 1208 2646 tractatu⁵)‚
1246 2560 1331 2624 riam
1358 2559 1430 2625 Deo
1462 2562 1698 2648 auspic&

323 2659 534 2743 potuissemus
556 2660 700 2723 invenire
719 2659 881 2743 justitiae,
905 2683 985 2744 quae
1008 2684 1068 2726 nec
1089 2662 1251 2746 praesenti
1273 2661 1401 2725 saeculo
1423 2684 1488 2728 nec
1512 2664 1680 2729 sutus
1692 2737 1717 2752 θ

323 2783 377 2825 rae
399 2761 536 2825 forsitan
558 2761 726 2845 displicere
748 2762 905 2845 potuisset
928 2764 1037 2827 aetati.
1075 2762 1137 2829 Sed
1154 2765 1229 2848 quia
1251 2785 1317 2827 non
1339 2766 1493 2830 nostrum
1511 2766 1678 2851 judi!

324 2864 464 2928 cavimus
486 2863 524 2927 de
547 2863 770 2927 ecelesiasticis
799 2863 918 2947 ahquid
941 2886 1070 2930 censere
1092 2865 1248 2950 negotiis,
1282 2863 1453 2952 ideoquel)
1477 2888 1538 2932 vos
1560 2867 1702 2932 affl

392 3102 424 3169 15)
442 3099 581 3154 K¹²B¹Fd
595 3102 620 3153 0⁹
638 3104 824 3167 infirmitatibus
841 3112 867 3153 et
884 3100 997 3163 (cedd.
1012 3113 1049 3164 et,
1076 3101 1107 3154 Β1
1128 3104 1350 3171 redintegrationi)
1373 3107 1405 3156 de
1424 3109 1536 3159 andam
1553 3102 1681 3171 (1¹⁶⁶

325 3189 472 3254 debilitatis)
490 3195 609 3238 nostrae:
635 3184 770 3238 Batonius
794 3201 860 3239 vero
883 3185 944 3240 loco
967 3192 1115 3252 deunitatis,
1148 3186 1184 3239 ad
1205 3186 1362 3257 marginem
1385 3186 1542 3258 adscripsit
1563 3195 1622 3243 is*
1720 3189 1725 3199 “

325 3276 462 3326 mundati.
498 3269 599 3336 Liquet
616 3286 740 3323 errorem
758 3286 817 3323 esse
835 3269 951 3336 notarii,
969 3270 1017 3340 qui
1034 3271 1157 3325 litteram
1174 3276 1188 3324 b
1206 3271 1235 3325 in
1254 3294 1269 3324 u
1292 3272 1321 3324 et
1337 3269 1480 3340 syllabam
1498 3278 1519 3326 d
1534 3271 1566 3327 in
1583 3274 1692 3325 ιν*

325 3356 400 3411 haud
419 3355 551 3408 inusitato
569 3371 646 3408 more
665 3354 809 3408 contraxit.

395 3443 424 3508 ¹⁶)
443 3439 519 3493 Editi
537 3445 604 3509 quod
621 3440 657 3505 (0⁹
676 3443 887 3508 quemadmodum)
910 3445 948 3507 pii
964 3446 1058 3494 domini
1077 3446 1242 3506 succurratis,
1268 3447 1390 3511 quomodo
1415 3445 1455 3508 (θ’
1468 3448 1626 3512 φαοιιὲαιζ,
1718 3446 1724 3455 ’

326 3531 468 3580 calliditati.
504 3525 535 3577 B¹
556 3523 704 3592 sequimur.
739 3523 773 3577 Fd
793 3531 901 3577 calciare
918 3531 1062 3578 saecularia
1138 3545 1183 3579 nos
1199 3530 1302 3592 suffieit.

394 3613 427 3677 ¹⁷)
446 3613 472 3664 c⁹
489 3616 652 3678 propriarum
669 3615 733 3676 pati.
771 3607 935 3662 Concinnius
953 3609 984 3661 B¹
998 3609 1033 3662 Fi
1045 3609 1124 3663 ΚΜ)
1141 3616 1253 3679 propria
1271 3614 1373 3666 Romae.

394 3697 426 3763 ¹⁶)
444 3695 487 3749 lta
505 3695 537 3746 B¹
551 3693 572 3747 F
575 3696 585 3730 ¹¹
599 3696 637 3759 0⁹3
655 3693 733 3746 K¹²b
752 3699 849 3747 dorrrine
866 3701 910 3761 pri
926 3698 978 3747 reb,

395 3782 415 3847 ¹)
433 3779 465 3831 B¹
486 3779 522 3833 ad
539 3795 627 3847 marg.
644 3779 737 3831 notat:
757 3782 910 3846 Praeceplia
929 3785 996 3846 repis
1015 3785 1101 3848 quinia
1118 3785 1194 3832 missa
1211 3785 1247 3833 ad
1257 3785 1388 3847 synodum.
1415 3780 1489 3836 Eam
1508 3782 1518 3837 i
1540 3808 1563 3830 e:
1580 3809 1594 3829 ιι
1621 3795 1664 3819 ⁶·

327 3864 451 3934 episcopi
477 3865 505 3916 in
530 3863 666 3933 superiori
692 3862 818 3930 synodali
848 3862 998 3917 constituto
1024 3882 1051 3917 n.
1070 3869 1087 3918 8
1109 3865 1335 3918 commemorant.
1375 3865 1444 3919 Mox
1467 3869 1539 3922 nobs
1561 3873 1633 3925 Η,
1647 3852 1703 3899 3

328 3949 422 4017 (etiam
440 3948 469 4002 in
487 3949 531 4017 Fr)
549 3948 624 4002 idem
642 3947 717 4016 quod
735 3964 819 4017 supra
836 3955 892 4000 nt
909 3950 977 4002 nota
995 3953 1043 4003 Fu.
1058 3948 1113 4015 (vel
1124 3952 1175 4016 Fi.)
1194 3948 1352 4017 significari,
1375 3950 1530 4020 probabile
1547 3955 1644 4007 eal
1679 3924 1724 3979 3

330 4033 407 4088 Editi
425 4036 572 4101 utrumque
590 4038 692 4086 Flauius
710 4032 897 4086 reddiderrmt.

395 4123 416 4187 ²)
434 4120 561 4188 bc⁸soq.
581 4125 701 4180 excitum,
720 4134 838 4185 moxque
857 4118 888 4170 Β1
902 4117 937 4170 F¹¹
950 4123 1034 4185 finire,
1054 4118 1102 4172 ubi
1120 4118 1167 4172 alii
1181 4124 1288 4185 finiisse.
1317 4118 1426 4174 Deinde
1446 4120 1598 4178 editicium
1683 4119 1705 4138 ‘

328 4221 390 4258 mss.
408 4211 551 4273 praetentis
573 4204 615 4271 (ΒΙ
635 4205 793 4272 practer-ild)
817 4207 960 4270 affectibus.
999 4202 1087 4256 Nemo
1110 4202 1138 4256 in
1161 4204 1286 4258 veterum
1313 4202 1474 4274 principum
1497 4206 1601 4263 limeris
1631 4198 1714 4243 θ’

328 4289 466 4359 tantisper
478 4289 602 4344 versatus
614 4287 814 4342 restituendum
826 4287 909 4340 fuisse
922 4287 1032 4356 negarit
1045 4291 1172 4355 affatibus,
1185 4288 1239 4342 hoc
1249 4294 1291 4343 est
1302 4287 1378 4356 quod
1389 4289 1467 4345 infra
1479 4298 1601 4347 orac-us

396 4377 416 4442 ³)
435 4375 477 4427 lta
495 4374 541 4439 13¹,
559 4373 611 4427 nisi
630 4372 704 4440 quod
723 4390 784 4426 cum
801 4372 848 4425 ΚΠ
866 4370 962 4426 scribit
980 4393 1045 4432 rem:
1071 4371 1119 4426 alii
1141 4384 1248 4428 vestrum
1320 4377 1457 4429 arbitrium
1533 4382 1601 4431 etn-

328 4465 401 4514 modo
418 4462 463 4511 rub
476 4464 551 4525 justa
621 4465 726 4525 finitum.

396 4545 417 4611 ⁴)
436 4543 480 4598 lta
496 4542 527 4596 Β1
542 4542 589 4607 Fd;
608 4541 655 4596 alii
675 4545 751 4606 Qriam
768 4549 887 4596 miramur
959 4549 1107 4596 consultum.

397 4632 417 4697 ⁵)
435 4628 616 4682 Ferruciacum
634 4633 697 4681 uiam
715 4633 747 4681 da
766 4635 858 4695 aspice,
877 4626 909 4680 ΒΙ
923 4639 948 4681 ei
960 4629 1089 4680 irariutid
1106 4633 1163 4691 dea,
1180 4643 1299 4696 moxque
1311 4626 1359 4682 ΚΗ
1372 4633 1507 4696 justitiae,
1527 4629 1599 4686 unde

329 4714 424 4768 nostra
440 4712 531 4767 lectio.
568 4712 622 4764 Alii
640 4724 759 4773 tractatu,
779 4719 833 4767 Dea
903 4718 1038 4780 J'miiiiam.

397 4801 417 4867 ⁶)
436 4799 480 4852 lta
496 4799 528 4850 Β1
543 4796 577 4849 Fd
590 4796 637 4849 Κη
649 4796 680 4862 b;
704 4801 728 4850 e‘¹
746 4803 812 4854 ideo.
849 4798 968 4868 Moxque
986 4796 1034 4851 alii
1051 4797 1164 4866 praeter
1180 4796 1213 4850 B¹
1233 4817 1353 4860 evocare,
1378 4798 1397 4852 b
1415 4805 1553 4853 transierit
1570 4800 1597 4854 et

331 4882 367 4939 ad
383 4899 471 4953 marg.
491 4888 685 4952 trausiperetur.
