3450 5678
671 352 845 403 samsona
869 343 919 401 12.
1366 341 1429 406 715

153 508 211 570 aut
232 503 329 568 illius.
374 504 511 590 Propter
537 505 598 571 hoc
624 507 743 571 festina
770 511 844 592 post
866 507 970 574 Deum
996 529 1068 596 nos,
1083 508 1250 593 adjuvare:
1283 512 1317 574 et
1343 498 1540 575 sicutama¹

152 608 240 673 inter
262 606 334 671 Arii
357 607 528 672 dividentis
555 611 651 694 atque
673 612 854 694 separantis
877 633 975 676 unam
996 611 1135 676 Deitatis
1157 616 1308 677 naturam
1331 617 1427 699 atque
1530 616 1538 631 '

153 709 370 775 substantiam
393 713 426 774 et
447 709 578 776 Sabellii
608 732 732 796 quoque
761 712 987 778 confundentis
1015 735 1169 798 personas
1197 718 1231 779 et
1251 716 1428 781 minuentis

153 833 324 878 numerum
356 812 527 878 Trinitatis
568 815 778 879 ostenderunt
809 815 1004 880 sanctissimi
1036 820 1145 901 patres
1177 817 1263 881 viam
1289 819 1428 883 mediam

154 914 318 998 veritatis,
341 915 376 978 in
399 915 599 981 confessione
621 915 812 982 Divinitatis
832 940 931 982 unam
946 919 1171 1003 substantiam,
1195 922 1343 984 astruam
1366 921 1427 985 vir·

153 1020 320 1104 tutamque
337 1016 606 1101 demonstrantes,
629 1021 761 1103 propter
776 1022 793 1059 ⁸
808 1018 982 1085 Sabellium
1004 1024 1069 1085 tres
1085 1043 1237 1105 personas
1260 1026 1292 1086 et
1307 1045 1427 1107 aequae
1437 999 1564 1122 jaff„

154 1120 319 1204 potentiae
341 1142 441 1184 unam
462 1121 646 1185 veritatem:
669 1120 716 1185 sic
738 1124 771 1186 et
792 1143 848 1186 vos
862 1144 959 1206 nunc,
983 1123 1178 1187 sanctissimi
1198 1127 1294 1209 atque
1310 1125 1427 1190 beatis-

152 1222 242 1306 simi,
272 1221 452 1287 illuminate
475 1245 534 1288 nos
556 1223 733 1308 spiritualis
760 1225 915 1290 scientiae
942 1229 1068 1290 vestrae
1096 1226 1243 1309 lumine,
1267 1248 1349 1311 quae
1378 1232 1427 1292 est

153 1325 287 1410 inter¹⁸)
310 1324 328 1362 *
350 1324 540 1409 Eutychetis
563 1326 603 1390 ad
618 1325 832 1391 imitationem
848 1326 980 1392 Sabellii
1002 1331 1135 1393 naturas
1158 1332 1254 1413 atque
1277 1329 1424 1394 substan·
1438 1306 1575 1439 :ciiiiiia

152 1428 217 1493 tias
240 1427 484 1511 confundentis,
522 1431 555 1492 et
581 1428 667 1492 inter
688 1427 830 1494 Nestorii
863 1429 903 1493 ad
930 1429 1150 1501 imitationem
1173 1431 1245 1495 Arii
1272 1453 1426 1516 personas
1479 1463 1533 1497 nem

153 1533 252 1616 atque
273 1529 472 1593 substantias
495 1530 667 1595 dividentis
688 1552 765 1595 vera
784 1535 893 1596 rectae
913 1531 986 1595 fidei
1006 1531 1175 1615 confessio,
1198 1533 1319 1598 tradita
1333 1534 1427 1599 nobis

152 1655 174 1698 a
195 1654 281 1718 papa
303 1631 410 1696 Leone
431 1635 517 1697 inter
539 1637 668 1698 sanctos
691 1633 878 1717 constituto,
903 1634 982 1719 et¹⁹)
998 1631 1279 1720 discipulorumpin
1295 1635 1426 1702 Calche-

152 1736 236 1800 done
259 1737 444 1799 sanctorum
466 1739 605 1819 patrum,
633 1737 768 1800 duarum
789 1735 1044 1800 substantiarum
1067 1739 1123 1800 aut
1143 1740 1334 1802 naturarum
1354 1741 1425 1803 uni-

152 1841 203 1903 tas
226 1837 263 1901 in
290 1859 356 1900 una
383 1837 556 1921 eademque
584 1859 721 1920 persona
755 1840 788 1901 et
814 1836 927 1920 una²⁰)
956 1839 1137 1902 substantia
1165 1841 1277 1924 magui
1305 1839 1367 1904 Dei
1395 1845 1427 1906 et

152 1939 329 2005 Salvatcris
350 1939 454 2003 nostri
475 1939 553 2004 Jesu
569 1938 700 2004 Christi.
733 1939 799 2023 Ipsi
823 1940 909 2004 enim
930 1940 1108 2004 docuerunt
1129 1962 1188 2005 nos
1211 1941 1328 2006 divinis
1350 1945 1426 2008 scri-

151 2041 258 2128 pturis
286 2041 420 2105 alteram
452 2063 521 2105 esse
552 2041 710 2107 visibilem
745 2046 778 2106 et
808 2041 1004 2126 palpabilem
1037 2045 1071 2106 et
1102 2043 1287 2126 passibilem
1321 2047 1426 2110 carnis

152 2147 315 2227 naturam,
339 2147 373 2208 et
394 2144 529 2208 alteram
550 2143 745 2208 invisibilem
766 2144 995 2228 impassibilem
1018 2147 1051 2208 et
1071 2143 1426 2229 incomprehensibilem

152 2249 304 2312 naturam
326 2246 361 2310 in
383 2268 448 2310 una
470 2267 608 2330 persona
631 2248 663 2310 et
678 2246 860 2310 substantia
882 2246 993 2332 magni
1008 2245 1070 2310 Dei
1085 2249 1118 2311 et
1133 2231 1308 2312 Salvatoris
1323 2251 1426 2315 nostri

151 2349 232 2416 Jesu
254 2348 390 2415 Christi:
420 2348 555 2412 alteram
577 2348 616 2412 de
637 2350 750 2412 matris
772 2349 954 2413 substantia
981 2353 1015 2413 et
1041 2353 1159 2413 natura
1180 2351 1365 2416 venientem
1387 2351 1426 2416 de

153 2452 276 2517 semine
298 2450 412 2534 David,
438 2450 588 2515 Abrahae
610 2453 643 2514 et
665 2451 766 2534 Adae,
794 2451 969 2515 secundum
992 2473 1122 2516 carnem
1144 2454 1266 2536 natam,
1290 2453 1426 2519 alteram

153 2576 228 2620 vero
251 2576 290 2618 ex
312 2557 403 2618 utero
431 2555 507 2617 ante
529 2553 712 2618 Luciferum
740 2553 884 2638 genitam
906 2553 945 2617 de
967 2553 1150 2618 substantia
1173 2556 1205 2618 et
1226 2557 1344 2619 natura
1366 2556 1426 2620 Pa-

152 2657 223 2722 tris.
268 2654 330 2721 Sed
351 2677 393 2720 ne
414 2676 523 2719 rursus
546 2657 677 2738 propter
699 2655 897 2719 immaculati
920 2658 1033 2739 partus
1055 2655 1133 2719 duas
1147 2660 1282 2721 naturas
1306 2661 1339 2723 et
1353 2661 1424 2724 sub·

153 2759 292 2825 stantiae
315 2758 515 2822 occasionem
538 2756 832 2841 apprehendentes,
862 2757 915 2841 qui
939 2758 1113 2822 secundum
1134 2757 1319 2823 Nestorium
1342 2760 1425 2845 sapi·

153 2865 229 2945 unt,
261 2861 339 2925 duas
366 2849 520 2944 personas
548 2863 603 2924 aut
625 2860 703 2923 duos
725 2859 807 2922 filios
835 2860 885 2922 vel
908 2860 987 2924 duos
1009 2859 1154 2925 Christos
1178 2861 1261 2926 male
1283 2862 1425 2926 introdu-

152 2967 248 3047 cant,
280 2961 458 3027 docuerunt
480 2962 585 3025 sancti
612 2961 660 3025 illi
683 2964 715 3025 et
737 2962 824 3024 beati
846 2964 954 3045 patres
976 2984 1074 3025 unam
1097 2962 1179 3027 scire
1201 2985 1371 3048 personam
1394 2969 1427 3030 et

150 3064 408 3132 substantiarum
430 3063 678 3148 inseparabilem
708 3063 866 3126 unitatem
896 3084 934 3126 en
956 3063 1079 3129 duabus
1102 3064 1291 3130 substantiis
1314 3070 1346 3130 ct
1367 3089 1425 3130 na-

148 3171 234 3234 turis
263 3171 296 3232 et
321 3167 357 3231 in
386 3167 507 3231 duabus
535 3164 725 3230 substantiis
754 3169 788 3229 et
814 3165 937 3230 naturis
965 3166 1076 3251 magni
1104 3165 1166 3230 Dei
1195 3170 1229 3230 et
1250 3166 1426 3234 Salvatoris

148 3270 257 3338 nostri
279 3270 359 3335 Jesu
382 3269 511 3335 Christi.

241 3374 291 3437 10.
329 3372 398 3436 Nos
420 3373 516 3454 enim,
541 3393 560 3434 o
582 3370 782 3434 sanctissime
805 3373 838 3434 et
859 3370 1042 3434 beatissime
1058 3370 1258 3454 Symmacho,
1282 3373 1425 3438 eumdem

146 3498 222 3542 esse
245 3475 464 3539 existimamus
487 3477 520 3537 et
541 3496 580 3538 ex
602 3477 864 3538 succussatura
891 3475 924 3537 et
946 3479 978 3537 in
1000 3479 1118 3538 duobus
1139 3482 1268 3552 naturis,
1293 3478 1327 3539 et
1348 3497 1424 3558 non,

146 3580 237 3644 sicut
260 3577 308 3641 illi
329 3577 457 3658 haunt,
492 3596 530 3639 ex
559 3575 681 3639 (luabus
708 3575 834 3640 naturis
862 3597 959 3640 uuam
987 3579 1137 3640 naturam
1164 3579 1238 3660 post
1260 3576 1425 3641 adunatio-

155 3736 345 3746 —-.-.---—-
355 3735 394 3741 ...-
416 3734 462 3740 ..—

223 3819 255 3882 Ιἓ)
272 3815 292 3868 b
305 3830 348 3868 ec
365 3812 473 3867 addunt
490 3817 651 3874 sententium,
671 3813 816 3881 glossema.
852 3813 943 3883 Magis
961 3813 1148 3884 supplendum
1165 3818 1356 3880 consessionem.

223 3903 256 3968 ¹⁹)
273 3899 414 3954 Orationis
436 3897 520 3952 series
542 3898 668 3967 posbhat
690 3909 716 3951 et
738 3904 869 3967 descipulis
891 3905 917 3952 in
935 3903 1094 3952 (taletedcne
1111 3905 1209 3953 sanctis
1224 3904 1353 3968 patribus,
1376 3917 1428 3954 nco

151 3987 304 4042 obscurum
322 3985 365 4038 est
381 3983 564 4052 interpretem
586 3983 697 4037 litterae
720 3999 839 4050 grauem
858 3983 1062 4038 constructione
1083 3983 1166 4037 luisse
1191 3984 1348 4054 deceptum.
1384 3986 1426 4039 Au

152 4070 393 4127 calchedonensea
415 4070 511 4137 patres
532 4068 595 4122 ideo
613 4067 713 4120 Leonis
732 4067 860 4136 discipuli
878 4071 1024 4134 vocantur,
1051 4067 1117 4138 quia
1134 4068 1216 4137 hujus
1234 4070 1362 4124 doctrina
1379 4088 1427 4125 seu

153 4155 274 4227 epistola
291 4153 328 4208 ad
344 4152 507 4207 Flavianum
524 4153 593 4223 ipsis
610 4152 753 4221 praelecta
770 4169 867 4206 eorum
884 4153 1037 4208 definitioni
1055 4152 1191 4222 praeivit?
1227 4153 1353 4224 Suspicio
1371 4171 1426 4209 non

154 4240 233 4297 deest
251 4244 432 4307 discipulorum
449 4237 510 4292 loco
528 4237 678 4306 legendum
696 4255 756 4292 csse
775 4242 910 4292 DCXXX.

220 4328 255 4394 ²⁰)
274 4323 346 4377 Edit.
366 4323 450 4377 Basil.
471 4323 499 4377 ot
516 4323 595 4376 ltom.
621 4334 647 4376 et
668 4330 741 4376 rantur
757 4327 926 4385 salmantica,
951 4323 1077 4392 quamvis
1099 4325 1183 4393 paulo
1201 4324 1315 4379 inferius
1333 4330 1358 4378 ἰπ
1376 4347 1426 4377 unu

154 4431 267 4481 perseam
284 4421 311 4463 el
328 4412 536 4462 anasaislepun
554 4406 702 4461 retineant.
736 4408 823 4462 Recte
842 4409 871 4462 et
887 4407 932 4462 hic
949 4408 1085 4462 Batonius
1103 4409 1227 4462 restituit
1243 4431 1293 4462 una
1310 4414 1425 4461 curbalan·

154 4504 203 4561 σία,
221 4494 264 4549 ita
281 4497 312 4548 ut
323 4509 377 4548 vox
394 4499 536 4547 attestantia
548 4509 604 4546 uon
617 4509 735 4562 graecae
754 4490 856 4548 οὐσία
876 4493 924 4546 scd
943 4488 1136 4556 ὑπόστασις
1155 4495 1334 4563 respoudeat,
1355 4512 1426 4562 quac

155 4580 268 4652 quidem
286 4597 352 4645 vox,
371 4579 402 4631 ut
419 4578 578 4632 observavit
589 4576 759 4646 Augustinus
778 4577 812 4632 dc
830 4577 929 4632 Trinit
943 4578 993 4631 Vll
1011 4596 1038 4631 n.
1052 4583 1081 4645 8,
1100 4577 1166 4632 licet
1183 4579 1268 4633 latine
1285 4581 1427 4632 substantia

155 4665 303 4731 reddatur,
322 4663 391 4717 nihil
403 4662 478 4732 apud
491 4662 613 4717 Graecos
626 4662 713 4727 aliud,
733 4680 816 4730 quam
829 4663 904 4732 quod
916 4662 991 4733 apud
1003 4678 1054 4717 nos
1063 4684 1191 4732 persona,
1210 4664 1297 4717 sonat.
1327 4665 1427 4728 Quam-

154 4768 240 4821 quam
256 4750 396 4819 interpres
415 4747 570 4802 accuratior
588 4747 633 4800 hio
652 4748 680 4801 et
698 4747 770 4802 infra
787 4755 814 4802 ia
831 4769 881 4802 una
896 4769 1011 4817 persona
1029 4761 1054 4803 et
1071 4771 1121 4803 ana
1139 4754 1273 4818 hypostasi
1294 4765 1426 4817 graecum

155 4831 192 4892 ἐν
215 4830 271 4891 r‘sl
292 4829 462 4905 προσώπῳ
488 4834 547 4888 aul
570 4836 632 4902 μιᾷ
659 4829 854 4890 ὑποστάσει
877 4834 962 4887 latine
980 4834 1176 4901 convertisset,
1202 4832 1321 4888 maximo
1341 4830 1449 4903 quum¹

155 4919 241 4976 etiam
258 4919 358 4975 eodem
375 4923 532 4973 substantiae
550 4919 685 4975 vocabulo
704 4936 836 4988 graccum
854 4913 957 4973 οὐσία
974 4918 1081 4974 reddat.
