3450 5678
389 308 451 373 778
829 321 855 368 s.
873 318 1079 367 uonnrsusa
1102 318 1215 366 rausa

281 478 593 545 amoenissimae
620 477 763 541 omnium
791 477 915 539 mentes
949 495 1032 538 nova
1059 472 1196 558 quadam
1226 473 1438 537 admiratione
1466 477 1666 558 stupuerunt

388 583 500 646 tantae
523 567 791 664 praesumptionis
820 577 998 642 audaciam.
1043 575 1134 640 Tunc
1162 577 1276 640 beatus
1297 574 1464 661 Eugenius
1492 576 1666 661 paroeciae

389 687 514 748 vestrae
536 683 685 747 obtinens
706 681 935 765 principatum,
960 701 1032 744 cum
1054 679 1200 763 subjecta
1215 678 1276 743 sibi
1292 681 1406 744 sancta
1421 678 1545 764 syuodo
1560 679 1666 744 zelum

389 785 574 871 quemdam,
603 784 688 869 quali
712 782 884 866 Phineesl)
913 802 947 846 se
974 780 1043 846 Deo
1071 780 1322 865 commendarit,
1357 781 1509 846 ostendit.
1563 779 1667 866 cujus

389 888 435 952 rei
463 887 647 951 memoriam
680 906 746 949 non
778 884 880 948 solum
914 905 979 947 non
1011 885 1118 968 potest
1146 885 1272 967 tempus
1303 883 1516 965 abscondere,
1553 905 1666 950 rerum

390 990 487 1054 etiam
510 989 548 1052 de
571 987 621 1052 die
644 986 783 1051 indiam
806 1007 926 1071 magna
949 986 1033 1070 apud
1048 984 1240 1050 orthodoxos
1256 984 1343 1049 fama
1358 985 1566 1070 multiplicat.
1600 985 1666 1051 Hc

389 1113 459 1155 rum
482 1090 587 1155 studia
609 1091 654 1154 sic
676 1088 812 1173 probata
833 1088 999 1172 negligere
1022 1091 1055 1152 et
1076 1087 1255 1152 sententias
1270 1109 1337 1152 non
1352 1109 1471 1172 amare,
1494 1087 1608 1171 idest,
1631 1090 1666 1154 in

389 1193 460 1277 ipsa
482 1191 612 1257 Domini
635 1190 738 1254 nostri
762 1189 961 1254 confessione
984 1189 1177 1274 delinquere.

474 1295 505 1360 3.
542 1293 588 1358 m
608 1292 701 1357 nobis
723 1292 851 1377 quidem
872 1314 960 1357 nunc
981 1296 1055 1377 post
1075 1291 1307 1377 professionem
1329 1314 1367 1357 ac
1384 1293 1511 1358 litteras
1525 1296 1665 1377 vestras,

249 1387 408 1457 *puppi*
429 1396 538 1461 omnia
559 1395 634 1459 fidei
656 1395 809 1480 dogmata
830 1393 899 1459 Deo
926 1416 999 1458 suos
1023 1394 1240 1480 conjungente
1262 1395 1395 1479 similia,
1424 1395 1584 1460 orandum
1605 1400 1665 1479 cst,

286 1460 347 1524 W)
391 1501 428 1563 ut
450 1499 484 1562 in
507 1519 544 1562 ea
566 1498 714 1562 voluntas
736 1500 859 1580 vestra,
883 1519 946 1582 qua
968 1499 1094 1561 nostros
1116 1496 1240 1562 animos
1262 1497 1432 1581 relevavit,
1460 1498 1667 1564 confessione

265 1590 273 1608 '
389 1603 587 1686 permaneat.
633 1599 695 1664 Sed
723 1622 801 1683 opus
832 1603 881 1664 est
911 1599 991 1664 citra
1018 1603 1198 1684 respectum
1225 1599 1350 1664 timoris
1377 1600 1532 1665 insectari
1555 1621 1667 1666 eorum

390 1704 529 1787 rabiem,
559 1703 613 1788 qui
636 1702 710 1766 fidei
733 1702 866 1765 adversa
893 1702 1050 1766 nituntur.
1095 1699 1224 1776 Quanto
1252 1702 1338 1765 enim
1365 1701 1546 1767 infidelium
1579 1724 1668 1768 error

390 1809 567 1888 exaestuat,
590 1807 684 1869 tanto
705 1804 809 1889 magis
832 1825 875 1887 se,
900 1805 927 1867 si
949 1803 1094 1886 resistat,
1123 1803 1278 1868 securitas
1307 1807 1419 1868 nostra
1448 1805 1666 1871 commendat.

390 1907 502 1993 Neque
530 1907 615 1972 enim
643 1908 722 1970 hacc
744 1908 820 1970 sunt
847 1927 905 1989 per
926 1905 1117 1989 patientiam
1139 1904 1352 1991 negligenda,
1386 1905 1516 1990 quando
1543 1905 1667 1972 malum

390 2010 451 2074 hoc
473 2010 551 2073 vitio
573 2030 691 2093 pravae
719 2007 957 2072 consuetudinis
986 2007 1162 2071 animatum
1191 2008 1276 2091 apud
1302 2007 1410 2092 plures
1438 2008 1498 2072 sub
1526 2009 1667 2093 quodam

392 2112 496 2177 colore
518 2111 599 2196 legis
621 2110 770 2193 inolevit,
800 2111 875 2173 dum
897 2113 953 2174 aut
974 2131 1074 2192 prava
1095 2109 1200 2173 studia
1221 2108 1256 2173 in
1279 2133 1378 2175 unum
1400 2114 1591 2195 congruunt
1611 2115 1666 2176 aut

391 2217 479 2278 recta
502 2236 535 2278 sc
558 2212 761 2278 subtrahunt
807 2211 892 2276 Nam
912 2215 948 2276 ut
970 2234 1056 2294 eam,
1085 2233 1167 2295 quac
1194 2211 1358 2294 imminet,
1387 2233 1456 2277 rem
1483 2211 1664 2298 loquamur,

391 2315 553 2400 Eutyches
575 2320 612 2380 ut
634 2315 793 2379 nefandae
820 2313 961 2378 haeresis
988 2315 1137 2377 inventor
1166 2313 1344 2379 excluditur
1366 2315 1465 2379 etiam
1489 2314 1531 2378 ab
1553 2313 1624 2398 bis,
1646 2336 1664 2378 a

391 2418 505 2503 quibus
527 2418 597 2502 ejus
619 2418 770 2502 dogmata
791 2416 1029 2500 diligunturffl),
1059 2415 1144 2499 apud
1172 2437 1225 2480 eos
1253 2416 1339 2500 ipsos
1360 2416 1408 2480 ita
1430 2437 1548 2481 exosus
1571 2420 1663 2502 atquc

390 2520 578 2604 fugiendus,
608 2521 643 2582 ut
665 2518 805 2582 nominis
827 2539 951 2602 quoquc
972 2517 1072 2602 ipsius
1099 2518 1226 2582 oderint
1253 2517 1461 2582 mentionem.
1510 2516 1575 2584 Sed
1596 2541 1660 2604 per-

391 2622 473 2686 versi
501 2621 722 2705 religiosarum
751 2605 991 2684 institutionum
1019 2619 1174 2701 ministri,
1206 2641 1299 2704 quem
1327 2619 1411 2684 sicut
1439 2642 1553 2686 verum
1581 2620 1660 2686 dcte

391 2727 519 2790 stanter
551 2722 763 2806 haereticum,
798 2721 885 2786 hunc
918 2720 981 2785 alia
1014 2722 1065 2785 via
1097 2724 1261 2805 tamquam
1295 2743 1404 2786 verum
1438 2723 1659 2808 amplexantur

392 2826 611 2891 orthodoxum.
663 2823 825 2909 Siquidem
852 2825 887 2888 in
914 2827 1026 2888 sancta
1054 2823 1306 2889 Calchedoncnsi
1340 2823 1463 2908 syuodo
1492 2824 1657 2890 Dioscorus

393 2928 503 2993 eadem
526 2928 668 2992 sentiens
690 2926 761 3010 pari
784 2926 908 2990 ratione
931 2926 1101 2990 damnatus
1124 2929 1188 2990 est:
1222 2928 1255 2990 et
1276 2947 1373 3010 quum
1400 2948 1467 2990 una
1495 2930 1656 3011 persecuta

392 3032 436 3095 sit
457 3034 625 3115 utrumque
648 3029 821 3111 sententia,
844 3027 957 3092 horum
980 3027 1117 3092 alterum
1139 3028 1166 3091 si
1189 3027 1259 3112 quis
1282 3031 1435 3112 sequatur
1456 3032 1515 3092 aut
1537 3028 1656 3113 diligat,

287 3162 292 3175 ν
392 3133 479 3196 dicat
494 3132 618 3216 aliquis,
636 3129 902 3216 quemadmodum
916 3152 949 3194 se
960 3130 998 3215 ¹¹)
1015 3152 1034 3193 a
1049 3129 1220 3212 sententia,
1238 3151 1319 3214 quae
1334 3130 1524 3215 designatos
1534 3130 1671 3195 damna·

392 3234 449 3316 vit,
474 3233 629 3317 excipiat'3
652 3255 749 3317 quum
772 3254 835 3315 cos,
859 3253 937 3316 quos
953 3231 1218 3316 transgressionis
1235 3234 1291 3295 aut
1306 3231 1485 3315 impietatis
1501 3231 1705 3297 connectib

393 3335 580 3421 aequalitas,
603 3336 673 3399 sinc
688 3335 784 3399 dubio
799 3357 898 3398 unum
913 3355 1037 3418 quoque
1052 3333 1215 3397 vinculum
1235 3333 1452 3398 damnationis
1467 3334 1650 3420 adstringat

391 3621 486 3662 mentes
508 3610 574 3672 etc.;
598 3609 663 3661 bcc
686 3613 742 3675 ipso
766 3626 863 3675 qnoque
883 3609 1027 3659 Christiano
1051 3610 1148 3658 tramine
1174 3611 1308 3673 spolirmit,
1331 3618 1357 3659 ct
1378 3611 1495 3665 omniun.
1535 3606 1576 3662 Ut
1599 3631 1680 3653 ³11·

391 3693 515 3762 loquitur
533 3693 680 3746 Liberatus
698 3709 720 3745 c.
737 3698 780 3757 lt,
799 3691 919 3744 universi
937 3688 1061 3759 episcopi
1080 3689 1179 3744 beonia
1196 3689 1316 3759 Augusti
1333 3688 1436 3745 littaris
1453 3691 1550 3760 rogati
1570 3690 1673 3747 Μ’
1690 3674 1722 3691 ”

392 3778 474 3844 bunt,
497 3782 647 3833 Yiruotteam
665 3782 808 3831 nouaclum
826 3783 893 3828 inter
913 3781 1048 3843 episcopos
1065 3795 1114 3828 non
1132 3778 1234 3839 dederi,
1252 3781 1301 3829 ced
1316 3781 1393 3829 erran
1411 3779 1560 3831 cracem
1577 3774 1722 3846 appe—³·

391 3869 485 3918 latione
511 3869 619 3932 priami.
665 3866 751 3929 Ipsius
773 3881 861 3930 nempe
880 3865 1076 3922 detractionem,
1098 3859 1190 3928 inquit
1212 3859 1311 3915 eodem
1332 3859 1460 3916 alludam
1482 3860 1642 3932 Symmwb·

392 3947 473 4017 epist.
489 3955 520 4003 10
532 3967 557 4002 n.
570 3954 598 4015 ⁸2,
616 3951 766 4001 aniversalis
783 3957 822 4000 est
835 3948 968 3999 Ecclesiae
981 3965 1032 3999 roe
1043 3951 1140 4009 locate,
1160 3950 1217 3999 dara
1234 3965 1288 4000 erm
1300 3950 1400 4001 amne
1412 3966 1514 4016 quoqu
1526 3950 1639 4001 Chim·
1655 3948 1668 3961 ’
1683 3970 1686 3976 ·

391 4037 495 4087 doneris
512 4042 628 4087 exueret.

459 4121 480 4186 ⁹)
500 4117 533 4172 G*
548 4121 574 4172 u¹
599 4123 668 4187 pizuli
685 4123 737 4184 fine
759 4136 815 4170 case
838 4121 894 4170 lleo
916 4121 1105 4172 commendarit.
1145 4113 1233 4180 Quem
1255 4115 1347 4169 locum
1370 4114 1510 4171 Batonius
1533 4114 1659 4171 remrein
1676 4141 1701 4151 0

393 4204 508 4258 conatus
526 4203 569 4256 cat
590 4203 619 4256 in
636 4203 710 4256 hunc
727 4202 855 4256 modum:
882 4207 951 4271 quali
964 4207 1017 4269 lide
1034 4211 1102 4255 esset
1121 4205 1176 4254 oeo
1193 4206 1393 4263 commendatas,
1411 4203 1488 4271 quod
1505 4204 1536 4256 at
1551 4200 1582 4257 in
1597 4199 1658 4257 a&
1678 4234 1701 4247 ι

392 4288 488 4343 concil.
508 4288 607 4343 exinde
624 4287 799 4342 translatum.
830 4285 957 4340 Retentis
974 4285 1088 4356 syllabis
1105 4284 1265 4354 primaevae
1283 4285 1411 4341 lectionis
1428 4302 1462 4341 ao
1478 4287 1591 4342 huam
1602 4301 1659 4340 cua·
1677 4302 1705 4317 ‘

388 4374 493 4443 junctis
511 4373 555 4429 rel
573 4372 709 4442 separatis
731 4388 803 4440 quae
825 4388 975 4441 perperam
998 4369 1153 4439 ffinjrurctae
1175 4371 1225 4424 aut
1243 4371 1391 4440 copulatae
1413 4371 1539 4439 bierunt,
1559 4369 1660 4427 emim
1721 4381 1725 4396 ⁴

391 4459 521 4528 genuina.
552 4458 667 4527 Antiqui
683 4458 756 4513 cuim
774 4462 865 4511 Finees
882 4457 943 4511 loco
957 4461 1065 4510 Ptinees
1083 4454 1199 4525 pingere
1216 4455 1315 4510 solent.
1345 4455 1475 4526 Epistola
1486 4457 1591 4521 autem,
1606 4468 1659 4525 qn

393 4544 532 4614 Eugenius
551 4561 614 4597 cum
637 4560 688 4597 sua
705 4543 812 4612 synodo
830 4542 919 4597 zelum
941 4559 1019 4596 suum
1038 4538 1257 4606 commendavit,
1279 4539 1352 4596 inter
1370 4540 1478 4596 litteras
1495 4540 1570 4608 illu,
1592 4554 1658 4609 quc
1697 4547 1720 4570 ³

391 4628 531 4700 encycliae
549 4631 756 4697 nuncupantur,
774 4627 914 4682 habentur
932 4626 1027 4681 concil.
1043 4625 1208 4681 Calchedon.
1221 4642 1249 4696 p.
1263 4625 1301 4679 111
1315 4642 1376 4695 cap.
1390 4625 1655 4693 callicratiam).
1700 4650 1721 4663 ν

462 4718 492 4783 ¹⁰)
511 4714 544 4769 G¹
559 4719 710 4783 deligamur.
740 4712 792 4766 llic
804 4714 937 4766 notantur
949 4711 1095 4781 Acephali,
1113 4711 1152 4765 sic
1170 4709 1246 4775 dicti,
1258 4708 1326 4779 quia
1341 4709 1499 4780 Eutychen,
1516 4710 1655 4766 baercoeoe

392 4818 476 4870 quam
494 4799 674 4854 sectabantur
692 4799 788 4868 caput,
809 4798 1016 4852 aversabantur.

462 4887 492 4953 ¹¹)
510 4884 528 4937 b
542 4901 577 4938 cc
594 4904 621 4938 ce
640 4903 671 4937 ea
687 4887 822 4941 renuntia.
