3450 5678
341 292 383 356 94
690 304 825 353 noarra
848 303 1000 351 rnnnvra
1022 302 1058 349 ιιι
1081 301 1262 351 sruuacnr

342 469 376 524 de
391 484 457 541 papa
473 465 615 523 universali
631 466 791 521 sententiam
808 465 917 520 omnino
933 464 1005 519 serre
1021 480 1075 519 non
1090 479 1162 526 ausa,
1179 463 1365 519 schismaticos
1382 472 1412 519 ιιι
1429 461 1461 518 ad
1477 463 1611 519 unitatem

343 561 371 608 et
386 551 566 609 obedientiam
582 549 702 607 redirent
723 550 862 606 cohortata
877 558 929 605 est.
961 548 1060 623 Regem
1081 557 1170 603 antem
1191 550 1300 622 propria
1321 551 1462 605 relatione
1483 546 1558 611 adiit,
1581 556 1612 604 ut

342 639 400 711 ipse
416 636 542 712 deinceps
558 639 797 709 redintepratr'oai
815 638 958 691 ecclesiae
973 641 1001 690 et
1015 637 1104 707 quieti
1113 633 1264 690 Romanae
1280 636 1404 690 ciuitatis
1415 636 1610 706 prospiciens,

343 723 393 779 sibi
414 722 568 778 discedendi
590 729 617 777 et
637 721 733 776 ‹iomos
756 719 886 776 redeundi
901 720 1036 775 licentiam
1053 718 1138 774 daret.
1174 718 1263 775 Nihilo
1284 719 1373 775 secius
1395 735 1442 774 rer
1462 717 1556 775 denuo
1575 720 1611 776 de

344 811 552 865 ecclesiasticis
566 810 685 880 negotiis
700 808 810 880 aliquid
823 820 943 861 censere
954 805 1052 865 renuit,
1074 812 1102 859 et
1117 807 1327 877 praeceptione
1342 820 1411 860 nova
1425 802 1481 859 Cal.
1499 802 1610 861 Octobr.

344 894 404 949 tiata
420 909 524 948 cansam
541 900 679 964 utcunque
696 890 772 946 linire
790 890 875 962 jussit
897 890 1008 964 (Symm.
1026 906 1069 963 ep.
1087 889 1105 945 5
1128 907 1154 945 n.
1172 889 1201 952 8,
1217 888 1333 963 append.
1348 906 1376 945 n.
1395 887 1454 961 13).
1487 888 1610 964 Proque

344 996 412 1035 nova
427 977 532 1051 synodo
546 977 641 1051 legatis
657 977 713 1031 suis
725 975 871 1031 indiculum
888 974 1029 1049 querrniam
1046 991 1137 1030 coram
1152 976 1208 1048 ipsa
1223 974 1331 1048 synodo
1344 972 1512 1031 recitandum
1524 984 1611 1032 trans·

344 1065 416 1120 misit
438 1062 632 1136 (Anaqnosma
644 1065 722 1135 repis
736 1063 764 1116 in
779 1060 894 1135 append.
911 1062 957 1116 cit.
974 1077 1002 1116 n.
1017 1058 1076 1131 14).
1107 1058 1176 1133 ipsa,
1193 1076 1261 1133 quac
1276 1058 1373 1116 deinde
1388 1061 1499 1117 subdio
1510 1059 1610 1117 XCal.

345 1150 415 1206 Nou.
433 1147 513 1220 liufo
528 1148 635 1221 litaque
651 1148 761 1203 Fausto
776 1148 884 1203 Aniena
900 1162 979 1201 eous.
1004 1145 1084 1217 (aiano
1101 1142 1173 1216 501)
1194 1147 1220 1200 in
1241 1145 1354 1220 regione
1375 1146 1416 1201 ad
1428 1145 1582 1202 Palmaria
1596 1161 1610 1200 a

343 1235 451 1309 porticu
471 1232 541 1288 beati
561 1231 633 1288 Petri
655 1231 772 1307 apostoli
794 1232 863 1287 dicta
885 1232 1019 1292 convenit,
1043 1239 1085 1285 cst
1105 1229 1150 1285 illa
1164 1237 1272 1304 quarta
1294 1230 1336 1286 vel
1351 1230 1507 1302 Palmaria,
1531 1231 1611 1303 cujtts

344 1328 402 1375 acta
416 1320 443 1374 in
460 1318 610 1391 Symmachi
625 1319 705 1392 epist.
721 1317 740 1373 5
756 1316 936 1391 praebuimus.
969 1314 1025 1370 iloc
1040 1316 1125 1389 igitur
1140 1314 1221 1371 modo
1233 1314 1288 1387 jara
1304 1314 1339 1370 de
1355 1315 1450 1372 ordine
1464 1323 1493 1372 et
1505 1317 1611 1373 ratione

343 1404 510 1478 synodorum
528 1405 554 1459 in
570 1419 651 1458 causa
666 1402 816 1476 Symmachi
832 1401 990 1463 habitarum,
1007 1409 1034 1456 et
1051 1401 1146 1455 horum
1162 1402 1293 1474 ipsorum,
1310 1418 1379 1474 quae
1394 1401 1447 1457 hoc
1461 1399 1611 1476 appendice

344 1489 526 1565 producimus,
549 1497 784 1544 monumentorum
802 1488 888 1542 ominis
905 1485 1036 1542 dubitatio
1053 1485 1165 1547 tollitur,
1182 1494 1210 1541 et
1230 1502 1298 1560 quae
1317 1486 1367 1541 viri
1386 1485 1535 1543 doctissimi
1551 1485 1612 1543 Soi-

344 1576 436 1638 lerius,
457 1574 598 1634 ballerinii,
622 1573 736 1628 hiensius
754 1581 781 1627 et
797 1570 890 1627 liciole
911 1579 1004 1628 coritra
1020 1571 1125 1626 baronii
1147 1580 1174 1626 et
1190 1571 1264 1645 Pagii
1285 1570 1403 1627 calculos
1419 1573 1476 1627 suis
1492 1572 1612 1647 ingeniis

344 1678 375 1716 ex
397 1668 518 1716 actorum
535 1647 607 1714 serie
628 1665 848 1732 composuerunt,
870 1657 943 1712 hisce
963 1657 1140 1712 vetustissimi
1161 1655 1261 1713 codicis
1277 1657 1349 1713 notis
1368 1657 1445 1731 qnasi
1466 1656 1501 1714 ad
1522 1658 1613 1713 vienn

344 1745 459 1801 deducta
475 1754 502 1800 ot
517 1743 663 1818 approbata
679 1751 817 1817 apparent.

411 1914 462 1975 ,Ῑιι
482 1910 658 1988 Symmachi
679 1910 842 1988 epistolem
863 1908 882 1968 e
904 1926 958 1971 seu
980 1927 1047 1986 syn.
1068 1908 1199 1970 Romv
1221 1903 1359 1990 (,‚Flau'o
1373 1907 1528 1994 latend‘).

211 2046 260 2113 [ιιι.
275 2042 336 2111 ild]
434 2036 460 2090 1.
491 2033 633 2107 Synodaiis
652 2033 731 2105 hujus
752 2033 956 2089 constitutionis
978 2033 1138 2088 auctoritate
1154 2032 1318 2108 hgapetnsl
1339 2032 1489 2108 epistaten
1511 2034 1616 2093 nemina

346 2120 518 2175 alteratione
536 2119 677 2176 facultates
693 2118 821 2175 ecelesiae
842 2118 956 2175 alienare
977 2118 1017 2174 ias
1032 2135 1093 2174 esse
1109 2117 1260 2175 confirmat.
1291 2117 1350 2192 ipsa
1368 2136 1433 2176 vero
1448 2120 1615 2177 constitutio

346 2207 372 2260 in
391 2205 485 2261 iisdem
506 2204 701 2278 exemplaribus
728 2203 882 2260 Colbertino
907 2203 987 2260 1863
1009 2212 1036 2260 et
1058 2204 1182 2260 Vaticano
1205 2203 1322 2279 Reginae
1344 2205 1435 2268 1997,
1457 2222 1490 2262 ex
1511 2204 1615 2279 quibua

347 2292 483 2365 proximae
498 2289 596 2363 synodi
610 2291 756 2346 Palmaris
771 2289 856 2345 dictae
872 2297 1045 2345 monumenta
1061 2296 1137 2344 eruta
1152 2297 1225 2353 sunt,
1242 2298 1423 2346 asservantur.
1453 2289 1583 2347 &radens
1598 2306 1616 2349 e

347 2376 426 2431 simili
442 2375 565 2450 exemplo
592 2374 751 2449 descriptam
772 2372 819 2430 sed
841 2374 964 2448 capitulis
985 2373 1219 2448 capitulorumque
1236 2374 1320 2431 titulis
1336 2375 1489 2432 distinctam
1501 2374 1615 2433 exhibet

347 2461 504 2534 Dionysiana
519 2460 653 2525 collectio,
670 2461 776 2535 qualem
793 2459 940 2515 lladrianns
955 2459 965 2514 i
983 2459 1079 2516 Carolo
1095 2458 1192 2533 lingna
1208 2456 1290 2524 dedit,
1314 2460 1428 2518 undeet
1443 2459 1616 2518 inlsidoiia·

347 2563 407 2602 raam
424 2547 549 2602 translata
566 2556 617 2602 est.
654 2546 683 2601 ln
699 2545 823 2603 omnibus
843 2554 932 2600 antem
953 2545 1008 2600 sive
1023 2544 1172 2623 iladrianae
1192 2546 1249 2601 sire
1264 2545 1425 2603 isidorianae
1441 2545 1616 2604 collectionis

347 2631 490 2706 erernplis,
511 2633 581 2688 sicut
602 2634 629 2688 in
651 2631 795 2706 exemplari
811 2629 967 2686 Colbertino
988 2638 1016 2685 et
1031 2630 1157 2686 Vaticano
1173 2629 1300 2705 Reginae,
1324 2631 1420 2705 synodi
1442 2631 1527 2707 vulgo
1543 2633 1616 2690 Pal·

347 2721 436 2773 maris
451 2726 621 2791 nuncupatae
640 2718 725 2792 gestis
746 2716 928 2790 anteponitur.
960 2713 1032 2782 Quae
1053 2733 1097 2772 res
1113 2715 1245 2772 isidorum
1260 2716 1435 2774 biercatorem
1450 2719 1490 2774 sic
1504 2716 1616 2781 fefellit,

347 2813 377 2858 ut
392 2802 455 2859 hinc
469 2802 500 2858 ad
518 2802 647 2866 irattdern,
671 2819 750 2877 quam
766 2801 883 2876 parabat,
904 2802 992 2856 minos
1013 2810 1091 2857 caute
1107 2800 1184 2865 iacile
1204 2801 1330 2858 inductus
1350 2804 1395 2859 sit.
1426 2802 1463 2858 Ει
1484 2819 1519 2859 eo
1540 2802 1617 2861 enim

347 2904 439 2944 enare
461 2889 588 2944 invictum
610 2887 731 2962 praebuit
753 2894 956 2961 argumentum.
978 2904 1033 2960 qno
1059 2887 1172 2942 duarum
1193 2886 1368 2960 synodorum,
1398 2905 1464 2963 quas
1481 2886 1617 2945 eoniinsit

347 2990 468 3047 quasque
480 2978 608 3048 quintam
624 2981 651 3030 et
663 2981 777 3030 sextam
788 2974 840 3029 sub
852 2972 1022 3046 Symmacho
1034 2971 1185 3046 appellavit,
1201 2975 1353 3047 suppositio
1365 2973 1614 3031 demonstraretur.

347 3059 446 3133 Nempe
462 3062 523 3133 qnia
539 3061 565 3116 in
581 3060 710 3133 exemplis
726 3059 893 3116 collectionis
909 3057 1034 3113 Hadriani
1049 3059 1271 3114 constitutionem
1288 3059 1355 3115 itanc
1370 3057 1481 3115 anerith
1495 3060 1616 3118 Palm·

347 3149 388 3201 ris
403 3144 501 3218 synodi
517 3146 602 3220 gestis
617 3147 797 3220 paraemissam.
815 3145 893 3200 etiam
909 3143 1052 3217 synodum,
1073 3145 1100 3198 in
1117 3160 1169 3216 qua
1184 3145 1286 3201 sancita
1300 3153 1343 3200 est
1359 3145 1425 3202 haec
1438 3146 1614 3210 constitutio,

347 3230 479 3286 Palmari
498 3233 659 3287 anteriorem
686 3248 746 3285 esse
766 3247 816 3304 pro
838 3238 913 3285 certo
928 3230 1031 3302 posuit.
1066 3228 1120 3283 llac
1140 3238 1229 3285 autern
1245 3228 1363 3286 imbutus
1378 3231 1516 3304 opinione,
1537 3228 1616 3305 qood

348 3317 465 3369 onmium
480 3315 655 3389 synodorum,
672 3332 738 3390 quas
753 3314 804 3370 sub
816 3314 975 3387 Syrnmacho
992 3312 1093 3369 habitas
1109 3315 1241 3378 norimus,
1258 3316 1376 3372 omnium
1389 3323 1527 3390 postrema
1538 3324 1616 3373 esset

349 3400 500 3469 Palmaris,
518 3402 627 3473 quaein
644 3400 771 3473 «exemplis
788 3398 912 3454 lladriani
928 3407 1035 3471 quarta
1052 3409 1230 3473 riuncnpatur‚
1248 3400 1285 3456 nil
1301 3397 1463 3458 incommodi
1480 3400 1541 3458 iore
1556 3402 1616 3459 esi·

347 3484 472 3547 stimavit,
492 3487 515 3539 si
534 3493 561 3539 et
578 3486 635 3557 ipse
651 3484 797 3539 intormem
812 3490 956 3556 quartum,
978 3493 1006 3540 et
1021 3501 1087 3558 qaas
1103 3484 1285 3560 confingebat,
1310 3490 1438 3559 quintam
1452 3495 1480 3543 et
1495 3494 1616 3545 sextans

347 3570 561 3642 cognominaret.
588 3568 624 3623 Er
641 3587 694 3643 qno
711 3571 780 3625 enirn
796 3567 916 3642 synodus
932 3579 1025 3625 nostra
1036 3569 1148 3627 Palnrari
1164 3572 1301 3644 posterior
1314 3571 1453 3647 probatur,
1467 3572 1532 3629 inde
1545 3589 1616 3631 con·

347 3670 464 3726 seqnens
479 3662 530 3717 est,
552 3663 582 3709 ut
601 3656 623 3710 si
641 3654 768 3710 Palmaris
784 3663 878 3728 quarta
893 3662 944 3718 est,
965 3654 1011 3710 iila
1026 3656 1120 3729 quinia
1134 3655 1246 3712 dicenda
1261 3658 1311 3721 sit;
1332 3657 1453 3733 adeoque
1471 3657 1531 3715 taisi
1545 3674 1617 3715 con·

348 3740 469 3795 vincatur
487 3739 606 3795 isidorus
622 3739 761 3800 Mercator.
783 3738 846 3796 dum
868 3756 962 3795 trovam
984 3739 1105 3796 obtrudit
1120 3741 1262 3813 synodum,
1285 3759 1364 3816 quam
1379 3747 1508 3817 quintam
1522 3752 1615 3808 vocat,

348 3834 375 3880 et
390 3825 597 3881 commentitiam
613 3825 684 3881 iiiam
701 3826 834 3899 synodum
854 3826 975 3881 sanxisse
990 3826 1077 3900 tingit.
1100 3836 1130 3881 nt
1151 3827 1339 3901 apologeticus
1360 3827 1473 3885 Enaodii
1493 3827 1617 3892 noenu.

346 3913 425 3966 inter
439 3918 563 3984 quartae
578 3920 606 3968 et
620 3915 739 3984 quintae
753 3913 927 3984 syrrodornm
947 3920 1114 3968 nostr-arum
1129 3914 1249 3968 decreta
1264 3915 1418 3985 habeatur,
1440 3917 1510 3988 quia
1524 3929 1614 3987 tyno·

347 3996 408 4050 dall
422 4000 596 4053 auctoritate
610 4000 794 4069 carmariptus
809 4005 836 4054 ct
851 3998 1005 4054 roboratus
1019 4004 1071 4054 est.

433 4097 461 4153 2.
489 4098 580 4172 Neque
600 4098 737 4172 probanda
757 4108 799 4155 est
820 4099 961 4155 cardinalis
982 4099 1088 4170 baronii
1103 4102 1204 4174 opinio,
1226 4118 1279 4175 qua
1294 4102 1461 4176 superiorem
1475 4100 1616 4177 synodum

348 4192 429 4257 atque
444 4183 590 4254 subiectam
607 4184 702 4240 eodem
718 4202 788 4241 anno
804 4186 872 4241 intra
892 4185 1095 4258 quatuordecim
1111 4187 1168 4243 dies
1183 4184 1332 4243 celebratas
1347 4203 1416 4259 esse,
1432 4188 1515 4244 immo
1531 4189 1616 4247 unitas

349 4267 523 4343 ejusdemque
539 4271 599 4326 anni
615 4278 718 4326 mnium
735 4270 853 4326 diversas
869 4287 929 4326 esse
943 4272 1063 4327 actiones
1079 4273 1248 4328 existimavit.
1279 4273 1312 4327 ht
1328 4288 1392 4328 vero
1407 4271 1499 4330 ambae
1515 4272 1617 4331 thetim

348 4356 399 4411 ctis
425 4354 595 4418 consulibus,
616 4358 741 4429 superior
761 4356 864 4413 seilicet
885 4358 995 4413 Fausto
1015 4359 1130 4418 Amana,
1152 4359 1203 4413 ista
1223 4360 1331 4416 Aniena
1345 4360 1469 4430 ,iuniore
1487 4358 1616 4425 conseia,

349 4442 552 4515 consignantur.
576 4441 604 4497 ln
621 4440 764 4497 hiareeliini
780 4451 868 4498 autern
881 4449 908 4497 et
920 4440 1072 4498 Cassiodori
1088 4444 1222 4499 chronicis
1238 4443 1395 4499 consulatus
1411 4442 1503 4500 Fausti
1517 4445 1617 4503 Avieni

349 4543 419 4582 aiano
431 4527 502 4589 501,
517 4534 544 4581 ct
560 4528 653 4583 Avieni
664 4526 781 4598 junioris
797 4544 867 4583 anno
884 4526 944 4584 502
961 4527 1117 4602 respondet.
1144 4528 1237 4602 Neque
1252 4531 1277 4584 in
1295 4530 1362 4585 iranc
1377 4529 1548 4587 consularem
1564 4547 1616 4588 no·

350 4621 401 4668 tarn
419 4612 477 4669 taisi
492 4613 610 4686 suspicio
626 4612 705 4675 cadit,
722 4629 804 4686 qarum
821 4615 885 4687 ipsis
898 4615 977 4669 etiarn
990 4615 1075 4688 gestis
1090 4615 1187 4671 veritas
1202 4614 1261 4685 cius
1278 4614 1479 4689 comprobetur.
1506 4613 1616 4691 Quippe

349 4696 485 4768 subjectae
514 4697 620 4772 synodo
646 4698 789 4754 subscribit
813 4700 923 4771 Aprilis
944 4699 1109 4757 Nucerinus
1132 4705 1295 4774 episcopus.
1331 4702 1412 4775 Atqui
1436 4699 1616 4759 Laurentia·

349 4781 499 4856 Symmachi
515 4784 657 4847 aerarulum,
674 4787 719 4859 qni
734 4801 804 4839 anno
814 4784 876 4840 499
892 4783 1011 4856 ejusdem
1027 4778 1110 4860 papae
1125 4786 1230 4860 synodo
1246 4796 1276 4842 nt
1287 4786 1430 4861 presbyter
1440 4785 1617 4862 subscripsit,

350 4879 444 4941 postea
460 4872 485 4926 in
502 4870 663 4926 Nucerinum
685 4872 841 4945 episcopum
863 4872 1016 4927 instituioni
1034 4888 1094 4928 esse
1110 4889 1192 4946 qtturn
1208 4889 1240 4930 ex
1256 4871 1325 4929 libro
1341 4870 1488 4948 pontificali
1505 4881 1566 4931 tum
1581 4890 1617 4931 ex
