3450 5678
350 275 412 340 696
804 291 831 340 s.
850 289 1030 339 srunscnr
1053 289 1167 336 esraa

245 458 339 509 aaut
354 445 536 532 suggestio,
568 450 600 510 et
627 449 758 509 nostrae
784 442 1038 508 mansuetudinis
1066 446 1160 528 grata
1182 444 1265 508 sacri
1289 446 1397 509 coetus
1419 444 1522 508 vestri
1547 444 1634 509 ordi-

352 549 442 613 natio
465 548 560 613 corda
582 548 731 633 pulsavit.
776 545 820 610 Et
841 546 919 610 licet
939 549 1013 631 post
1034 546 1248 611 venerabilem
1272 546 1427 631 synodum
1451 546 1494 611 ad
1516 546 1634 631 hujus·

352 651 438 715 modi
460 651 588 715 decreta
609 651 707 713 vestri
730 648 871 713 sufficiat
893 648 1052 713 ordinatio
1074 649 1142 713 sola
1160 648 1285 732 judicii,
1308 652 1417 713 tamen
1439 670 1502 732 pro
1519 652 1636 714 vestra

352 753 534 838 hujusmodi
556 751 780 836 praesentibus
804 750 939 815 oraculis
956 750 1099 815 dedimus
1115 751 1350 816 consultatione
1358 752 1399 836 86)
1421 772 1634 837 responsum,

353 859 389 920 ut
411 854 492 919 nulli
514 854 564 918 fas
587 855 629 917 sit
651 853 803 918 eeclesiae
826 851 996 937 cujuslibet
1017 853 1156 917 antistiti
1181 853 1239 918 sub
1262 852 1405 938 qualibet
1426 853 1636 919 alienatione

353 957 442 1042 deii)
464 956 661 1041 proprietate
684 957 884 1038 contractus,
906 955 1140 1020 usumfructum
1161 955 1258 1039 plane
1281 977 1372 1019 suum
1395 955 1447 1020 cui
1468 955 1566 1021 salva
1582 979 1637 1021 vo

354 1042 459 1123 verint
481 1057 642 1142 aequitate
665 1056 886 1140 praestabunt.
937 1056 1049 1142 Neque
1075 1056 1162 1122 enim
1189 1056 1338 1121 frustrari
1365 1057 1433 1122 sola
1462 1058 1638 1143 pontificis

353 1162 519 1225 voluntate
541 1160 589 1224 vel
614 1159 690 1223 cleri
713 1158 892 1244 peregrinis
914 1158 1023 1223 debita
1045 1158 1193 1223 omnibus
1215 1158 1265 1224 vol
1280 1158 1380 1223 statui
1395 1157 1560 1225 eeclesiae
1583 1181 1637 1224 res

354 1263 470 1328 delata.
514 1260 596 1337 Quid
619 1262 704 1326 enim
726 1265 793 1326 tam
815 1260 1002 1345 profanum,
1031 1282 1127 1346 quam
1149 1261 1233 1345 ut‘ff)
1256 1259 1317 1326 liao
1339 1259 1514 1346 largientis
1537 1266 1638 1347 parte

256 1435 258 1439 ,
353 1364 489 1429 violetur
517 1364 702 1447 arbitrium,
737 1364 812 1428 dum
834 1363 917 1448 quod
946 1363 986 1427 ad
1008 1362 1187 1428 Ecclesiam
1207 1362 1341 1447 quisque
1369 1363 1510 1428 voluerit
1532 1365 1638 1449 perti·

354 1488 446 1549 nere,
474 1487 572 1551 prave
600 1466 661 1530 sibi
682 1466 847 1531 vindicent
874 1487 932 1551 per
959 1465 1214 1530 usufructuariae
1236 1486 1392 1549 personae
1415 1466 1639 1531 contractus?

354 1568 442 1653 Ergo
466 1568 579 1653 siquis
598 1569 741 1633 scelestis
757 1567 887 1632 ausibus
901 1566 1074 1633 interdieta
1088 1567 1348 1652 praesumpserit,
1371 1571 1405 1632 et
1418 1567 1510 1632 ult-ra
1525 1591 1640 1633 usum-

355 1672 495 1735 fructum
522 1671 660 1734 retinere
689 1671 793 1754 cupit,
828 1669 977 1754 episcopo
1005 1670 1055 1735 vel
1084 1669 1167 1734 clero
1195 1669 1369 1755 largiente,
1403 1668 1556 1735 alienata
1586 1694 1641 1737 res

355 1773 502 1856 protinus
525 1794 596 1837 cum
618 1772 776 1836 fructibus
799 1795 818 1836 a
840 1771 1023 1836 venerando
1050 1772 1196 1856 praesule
1218 1770 1406 1836 vindicetur.
1451 1776 1497 1838 nt
1518 1782 1641 1842 aaron

356 1875 442 1939 Data
463 1874 493 1939 V
515 1874 590 1938 Idus
613 1873 747 1938 Martias
768 1874 954 1958 Ravennae,
978 1872 1141 1939 Venantio
1163 1873 1232 1938 viro
1253 1873 1429 1940 clarissimo
1451 1875 1607 1943 consule.

875 2059 1057 2163 Epistola
1083 2061 1116 2144 7.

463 2213 615 2280 Erruodii
639 2215 796 2297 episcopi
818 2214 1021 2280 Ticinensis
1041 2214 1085 2280 ad
1109 2211 1360 2296 Symmachum
1382 2233 1529 2301 papam.

427 2354 460 2403 Ui
476 2353 536 2405 doni
552 2354 714 2418 imperatoris
731 2355 813 2403 instar
831 2361 958 2404 certamen
975 2362 1067 2405 corbo
1083 2355 1255 2406 catharticae
1273 2361 1410 2419 suetiam,
1428 2355 1567 2409 haiam.
1651 2360 1717 2425 pas

510 2484 715 2549 Ennodius
738 2484 964 2570 Symmacho
987 2509 1122 2571 papae.
1164 2500 1168 2505 '

445 2607 472 2669 1.
511 2603 594 2669 Boni
616 2605 818 2690 imperatoris
840 2609 899 2687 est,
928 2605 1094 2690 probatam
1119 2606 1152 2670 in
1175 2607 1243 2671 acie
1265 2605 1377 2671 militis
1399 2608 1555 2675 animare
1578 2613 1643 2677 vir-

359 2711 477 2790 tutem,
511 2711 548 2772 ut
569 2707 724 2771 fortitudo
745 2707 848 2771 laudis
870 2707 996 2792 pabulis
1018 2708 1154 2772 invitata
1176 2708 1211 2772 in
1232 2708 1379 2774 secundis
1402 2713 1642 2796 congressibus

359 2810 501 2874 dediscat
521 2809 602 2873 lucis
625 2809 784 2873 affectum.
830 2809 928 2893 Cujus
951 2809 1048 2873 robur
1069 2810 1159 2875 ducis
1180 2811 1353 2895 praeconio
1375 2833 1443 2877 non
1464 2816 1642 2881 nutritur?

358 2911 480 2988 Quibus
502 2933 536 2975 se
559 2911 721 2994 denegent
744 2911 841 2975 ctiam
863 2911 968 2974 minus
991 2910 1097 2976 valida
1118 2912 1233 2977 tironis
1255 2912 1398 2978 membra
1413 2914 1638 2999 conflictibus,

359 3014 486 3099 quando
506 3013 639 3078 rectoris
662 3013 846 3078 testimonio
869 3013 955 3078 videt
977 3013 1038 3077 sibi
1061 3035 1127 3079 non
1141 3014 1245 3099 perire
1260 3014 1344 3100 quod
1358 3016 1528 3101 gesserit?
1561 3018 1638 3085 Sola

360 3116 411 3180 via
434 3119 497 3198 est,
533 3138 596 3200 qua
618 3115 658 3179 ad
680 3115 901 3199 praeliandum
924 3118 1048 3180 crescat
1075 3115 1229 3199 intentio,
1261 3118 1409 3201 quotiens
1431 3118 1519 3185 bene
1541 3126 1637 3207 goets

360 3241 425 3283 uon
448 3218 532 3282 delet
554 3218 681 3282 oblivio.
716 3216 850 3282 Utinam
862 3217 1024 3282 Divinitas
1040 3218 1153 3282 vestris
1168 3221 1255 3282 mota
1271 3218 1420 3303 precibus
1435 3219 1636 3289 diabolicum

360 3404 448 3458 veteri
466 3422 603 3459 canonum
621 3404 796 3471 collectione,
824 3421 908 3472 quam
924 3404 1105 3459 Morbacensc
1126 3392 1332 3461 monasterium'
1344 3408 1485 3473 assensi,
1512 3408 1637 3465 nudam

361 3490 526 3558 quibusdam
549 3488 653 3550 verbis,
684 3488 834 3559 superioris
856 3488 955 3558 synodi
979 3489 1101 3559 capitulo
1118 3489 1183 3543 Vlll
1205 3490 1331 3560 proxime
1348 3491 1499 3560 subjicitur
1517 3494 1573 3550 hoc
1590 3494 1637 3550 de·

361 3581 475 3629 erctum.
517 3573 597 3627 Unde
616 3573 767 3643 colligitur,
792 3575 820 3628 et
837 3573 1034 3643 Symmachum
1052 3574 1161 3629 dedisse
1180 3591 1307 3645 operam,
1337 3578 1369 3630 ut
1389 3574 1468 3645 quod
1490 3577 1530 3633 de
1553 3580 1636 3633 rabm

361 3659 500 3713 Ecclesiae
523 3676 579 3712 non
602 3658 756 3713 alienandis
779 3659 954 3724 decreverat,
981 3662 1092 3713 senatus
1114 3659 1234 3714 Romani
1256 3660 1380 3715 oonsusto
1402 3661 1580 3723 fimrarebrr.
1607 3672 1637 3719 et

361 3746 489 3798 senatum
507 3742 583 3796 illum
602 3744 676 3813 apud
694 3744 899 3799 Theodericum
917 3744 1021 3813 egisse,
1043 3746 1073 3798 ut
1095 3761 1174 3799 suum
1196 3743 1283 3813 ipsius
1306 3762 1342 3800 aa
1362 3744 1398 3799 de
1415 3762 1447 3801 re
1465 3746 1571 3803 scitum
1588 3766 1636 3805 rex

362 3827 408 3883 ille
427 3829 605 3898 approbaret.
643 3828 713 3882 Hinc
730 3828 876 3898 negaverit
892 3846 983 3894 nemo,
1005 3832 1157 3883 subnexam
1174 3829 1267 3899 legem
1290 3829 1327 3885 ad
1347 3830 1538 3901 praemissam
1556 3850 1637 3905 syuo-

362 3913 428 3967 dum
446 3913 565 3968 maxime
584 3913 711 3977 athnora
729 3913 856 3981 adeoque
874 3913 987 3968 minime
1005 3913 1050 3967 hic
1067 3913 1150 3968 fuisse
1163 3914 1355 3971 omittendam.
1385 3914 1555 3987 Optandum
1566 3922 1637 3981 erat.

363 3999 395 4052 ut
411 3997 547 4066 integrior
565 3998 601 4053 ad
621 4015 671 4053 nos
688 3998 867 4068 pervenisset.

431 4089 463 4152 a)
481 4084 544 4137 hiss.
563 4090 748 4143 cumulatione:
771 4084 820 4139 sod
838 4085 906 4139 nihil
924 4083 1089 4153 antiquariis
1107 4087 1149 4139 cst
1166 4084 1340 4151 familiarius,
1363 4102 1450 4154 quam
1468 4088 1502 4141 ut
1518 4096 1638 4145 ancis-

363 4176 431 4225 h'one
448 4185 500 4240 pro
519 4174 702 4224 contributione
720 4169 851 4224 scribant.
1484 4222 1499 4251 ⁸

431 4258 462 4324 ⁸⁶)
481 4256 594 4323 Integra
616 4254 670 4308 erit
688 4254 781 4320 lectio,
805 4253 828 4307 si
849 4255 972 4324 legatur:
991 4260 1056 4309 dore
1072 4261 1234 4323 proprietate
1250 4266 1405 4310 contrarias.
1444 4260 1638 4327 Uetusi-sein

362 4347 438 4411 plane
455 4360 524 4393 auum
541 4347 583 4393 cui
597 4346 668 4393 sclua
686 4345 809 4394 voluerint
826 4350 875 4396 etc.

431 4429 462 4493 i⁷)
480 4423 601 4479 Nitidior
618 4426 692 4479 foret
708 4424 762 4478 ista
780 4424 928 4478 verborum
946 4424 1103 4495 dispositio:
1121 4438 1148 4479 ui
1165 4431 1191 4479 in
1202 4429 1250 4479 dac
1262 4436 1338 4495 parte
1350 4430 1459 4481 videar
1470 4434 1636 4497 inpensa·

363 4519 476 4566 calceatus
494 4523 519 4564 er
537 4514 676 4563 arbitrium.
712 4508 775 4562 Sive
796 4509 883 4579 igitur
901 4511 1037 4565 barbarus
1054 4510 1221 4565 Herulorum
1239 4526 1287 4564 rex
1305 4509 1441 4575 Odoacar,
1460 4511 1522 4569 aire
1541 4514 1636 4587 ampla

364 4614 424 4651 cum
444 4594 609 4664 Symmacho
627 4612 702 4665 papa
719 4595 850 4663 synodus.
875 4594 932 4651 sive
954 4595 1072 4649 Amanus
1093 4596 1223 4665 princeps
1247 4594 1435 4651 'I'ireodoricus
1463 4601 1635 4669 seuumque

364 4682 512 4741 Romanus,
530 4698 636 4735 summo
656 4696 788 4734 consensu
806 4682 883 4735 nefas
902 4698 960 4736 esse
979 4681 1083 4734 ducunt
1100 4682 1130 4735 et
1140 4686 1270 4747 sacrilegii
1286 4686 1376 4743 instar,
1396 4681 1480 4737 rebus
1492 4682 1634 4739 Ecclesiae

365 4767 471 4821 collatis
488 4769 601 4837 practer
619 4764 796 4835 largientium
814 4766 986 4821 voluntatem
1005 4766 1096 4833 abuti,
1118 4765 1171 4821 hoc
1189 4767 1244 4832 est,
1270 4781 1319 4821 eos
1342 4766 1378 4821 ad
1397 4784 1462 4822 usus
1480 4770 1634 4825 immam

364 4851 434 4907 alios
451 4851 487 4908 ab
506 4852 552 4917 eis,
570 4853 686 4923 propter
704 4868 772 4921 quos
791 4851 909 4907 collatae
927 4853 998 4906 srmt.
