3412 5664
204 294 246 357 56
574 306 710 355 noman
732 305 886 354 russum
909 306 945 354 nr
970 306 1110 356 cnrnsu

292 470 320 526 5.
353 469 381 525 ln
402 470 452 525 hac
473 470 558 545 igitur
578 485 681 525 summa
702 467 826 524 codicum
847 470 976 525 varietate
995 485 1042 524 sex
1064 467 1121 524 lere
1141 469 1244 525 decreti
1266 470 1353 527 nostri
1375 468 1480 527 somnae

206 556 314 611 datrtur.
345 554 434 611 Prima
455 563 498 611 est
516 554 577 617 ills,
600 570 670 628 quae
691 561 779 609 totum
800 552 939 609 decretum
960 555 1105 628 praemissa
1126 553 1160 609 de
1175 553 1278 628 Spiritu
1292 562 1387 611 saneto
1402 563 1481 629 parte

207 649 315 697 auctum
331 638 381 695 sub
397 640 505 696 nomine
521 639 623 695 Damasi
639 637 748 694 exhibet
764 637 829 709 (tab.
846 638 899 694 n.l
917 646 945 694 et
957 638 985 701 2,
1002 637 1184 713 fragmentum
1199 637 1321 710 ejusdem
1336 639 1355 697 l.
1371 658 1397 696 a.
1414 638 1480 704 nb,

208 727 226 783 6
243 734 271 781 ct
285 732 388 781 mutato
405 726 513 780 nornine
527 723 629 795 n.14);
646 724 737 784 altera,
755 739 823 797 quae
839 732 895 780 tres
910 732 1001 797 piantes
1017 724 1124 797 priores
1141 722 1206 796 (lah.
1220 722 1295 796 n.3)‚
1307 726 1398 787 tertis,
1410 740 1482 799 quse

208 812 320 885 primam
337 817 440 866 tanturn
457 809 568 865 bonuaso
583 808 677 865 tribuit
692 805 757 880 (tab.
776 825 801 862 n.
812 807 857 880 4);
875 816 983 883 quarta,
1001 826 1069 881 quac
1085 807 1224 864 slecrctum
1240 826 1254 864 a
1268 809 1387 865 secunda
1402 817 1482 884 parte

209 895 315 951 Gelasio
331 893 395 966 (tab.
412 894 482 957 ml.
500 894 533 955 8.
551 892 595 965 9),
624 894 731 966 quinta,
753 909 821 967 quae
842 894 933 966 paucis
955 894 1064 949 mutatis
1085 891 1155 948 idem
1178 893 1335 950 llormisdae
1355 893 1482 951 inscribit

209 979 273 1053 (tab.
291 996 317 1034 n.
331 978 368 1035 15
385 987 413 1035 et
431 979 494 1050 1o);
517 987 592 1035 sexta
614 977 744 1051 lienique,
766 994 834 1051 quac
856 977 923 1033 illud
938 995 953 1032 a
969 979 1047 1034 tertia
1063 985 1140 1052 parte
1155 978 1260 1035 Gelasio
1276 980 1390 1054 insignit
1411 977 1480 1052 (tab.

210 1082 236 1120 n.
247 1061 394 1136 10-14),
416 1065 512 1137 partim
528 1062 609 1119 simul
626 1072 681 1118 tres
696 1064 801 1136 priores
817 1062 962 1136 particulas
979 1062 1089 1118 barnsso
1103 1062 1246 1118 amandans
1267 1062 1312 1137 (cl.
1330 1063 1385 1120 tab.
1403 1080 1430 1120 u.
1442 1064 1483 1123 10

210 1158 237 1206 et
253 1146 294 1220 3).
312 1180 349 1190 -
380 1149 416 1204 lle
431 1147 547 1204 salsitate
563 1149 663 1222 primae
679 1147 780 1203 lormae
797 1146 853 1218 jam
875 1147 942 1203 nihil
963 1146 1115 1203 addendum
1136 1156 1192 1210 est,
1215 1165 1283 1221 quae
1302 1149 1405 1223 scripta
1426 1165 1483 1205 non

186 1282 190 1291 .
210 1251 293 1309 pauca
309 1231 429 1308 pontifici
446 1233 503 1289 lere
519 1240 581 1289 ante
597 1232 734 1288 saeculum
750 1240 858 1288 mortuo
874 1232 988 1288 lustrata
999 1233 1139 1306 supponit.
1161 1232 1214 1289 Sed
1227 1250 1277 1290 nec
1288 1233 1358 1289 illam
1372 1233 1481 1290 Gelasio

210 1320 288 1381 dare,
310 1318 386 1375 nullo
407 1318 501 1374 codice
522 1317 687 1392 suffragante
703 1325 730 1372 et
746 1324 822 1373 textu
838 1324 869 1373 ut
883 1333 966 1391 supra
980 1316 1094 1372 ridinms
1110 1328 1293 1393 repugnante.
1318 1318 1375 1375 ullo
1397 1317 1482 1375 modo

211 1420 364 1479 possumus.
395 1403 495 1459 licindc
511 1411 600 1458 autem
616 1402 688 1457 illam
704 1400 848 1457 secundam
864 1403 975 1458 sormam
992 1419 1053 1458 cum
1069 1403 1177 1475 optimis
1193 1402 1331 1459 codicibus
1346 1404 1482 1460 Vaticanis

212 1488 294 1547 5845
310 1497 337 1544 et
355 1488 436 1546 1353
452 1505 482 1543 ac
498 1487 669 1543 vallicellano
687 1485 733 1542 bi>
749 1487 861 1543 bantaso
883 1488 948 1561 quin
964 1486 1128 1549 tribuamus,
1150 1488 1216 1544 nihil
1238 1495 1318 1545 vetat.
1349 1487 1416 1544 Nam
1432 1505 1484 1545 nee

211 1574 423 1649 chronologicus
439 1571 507 1628 crdo
524 1571 626 1633 obstat,
650 1579 677 1627 et
698 1588 767 1645 quae
782 1571 818 1627 ibi
834 1572 867 1628 de
883 1572 986 1646 Spiritu
1001 1581 1095 1627 sancto
1112 1572 1320 1647 nominibusque
1335 1573 1438 1630 Christi
1453 1589 1483 1629 sc

212 1660 245 1714 de
260 1675 362 1714 canone
377 1667 405 1714 et
421 1656 524 1713 sedium
539 1656 756 1730 patriarchalium
766 1659 928 1714 auctoritate
940 1656 1126 1731 proteruntur,
1143 1659 1244 1732 optime
1255 1675 1316 1714 cum
1329 1658 1403 1715 illius
1415 1675 1484 1733 pon·

212 1741 290 1800 tilicis
307 1751 428 1817 tempore
443 1744 621 1805 conveniunt,
639 1743 720 1797 immo
732 1740 904 1812 jamdudum
920 1744 948 1798 in
961 1741 1082 1812 eiusdem
1098 1741 1268 1800 documentis
1282 1742 1483 1816 quodammodo

212 1827 441 1885 desiderabantur.
474 1828 564 1883 Tertia
580 1826 679 1888 torma,
701 1844 770 1900 quae
791 1826 842 1883 sub
858 1827 960 1883 llamasi
976 1829 1084 1883 nomine
1099 1828 1185 1884 solam
1200 1829 1312 1902 primam
1328 1835 1435 1903 partem
1450 1828 1484 1885 de

211 2016 287 2065 simus
304 2014 478 2078 Hieronymus
494 2012 640 2075 repudiauit
658 2026 713 2060 ease
731 2012 873 2068 damnatas,
895 2011 993 2076 sufficit
1010 2010 1083 2062 nobis
1100 2012 1195 2073 dicere,
1219 2018 1245 2061 ut
1263 2012 1296 2062 ab
1313 2013 1381 2063 omni
1396 2013 1484 2078 specie

212 2084 280 2132 mala
297 2081 476 2131 abstineamus.
503 2080 567 2130 Post
584 2079 749 2143 propheticas
767 2086 793 2129 el
810 2081 969 2144 eoanpelicas
986 2087 1062 2146 atque
1076 2081 1232 2144 apostolicas
1250 2083 1312 2141 ete,
1330 2075 1403 2130 utin
1415 2075 1483 2132 edit

213 2147 318 2200 nostru.
354 2144 479 2212 Denique
498 2143 550 2197 0¹:
568 2147 667 2211 incipit
686 2148 815 2197 decretum
829 2148 924 2197 Getasii
935 2164 1028 2213 papae,
1048 2149 1116 2213 qrsod
1132 2149 1158 2197 in
1176 2147 1238 2199 urbe
1248 2148 1326 2198 Roma
1338 2165 1393 2198 cum
1405 2148 1486 2197 Lxx

213 2219 389 2268 eruditissimis
406 2218 535 2280 episcopis
552 2216 712 2280 conscripsit.
748 2215 812 2266 Post
833 2216 999 2280 propheticas
1017 2212 1068 2266 etc.
1110 2211 1147 2264 F⁰
1169 2211 1326 2281 praemittit
1348 2226 1485 2267 cuneum

213 2280 315 2339 veteru
334 2283 362 2334 et
379 2279 444 2334 novi
460 2277 636 2344 testamenti,
658 2279 746 2333 tacito
768 2278 880 2333 nomine
898 2278 1012 2334 Gelusii:
1040 2284 1139 2348 Incipit
1160 2286 1226 2334 ordo
1248 2283 1369 2335 librorum
1389 2287 1487 2335 veleris

214 2356 359 2404 testamenti
375 2368 438 2418 quos
455 2358 546 2402 sancta
563 2357 588 2401 et
606 2352 731 2402 catholica
749 2366 854 2401 romana
871 2353 978 2416 simeipit
1000 2358 1026 2402 et
1042 2359 1179 2402 ueneratur
1202 2354 1318 2403 ecclesia.
1352 2346 1415 2403 Hoc
1438 2349 1484 2403 ab·

215 2417 306 2471 solutio
324 2415 430 2486 pergit:
449 2419 547 2484 Incipit
564 2420 694 2469 decretale
710 2422 795 2469 sancti
814 2419 910 2469 Gelasii
926 2422 1042 2484 episcopi
1059 2419 1128 2470 urbis
1145 2435 1223 2474 rome.
1254 2420 1318 2471 Post
1335 2420 1383 2469 das
1400 2436 1486 2473 onim

213 2490 379 2554 propdelicas
401 2495 428 2537 et
449 2489 608 2552 eoanpelicaa
629 2494 705 2552 atque
728 2490 884 2551 apostolicas
906 2503 970 2553 quas
990 2491 1109 2552 superius
1135 2489 1317 2553 depromimus
1339 2490 1487 2554 scripturas

214 2557 302 2620 quibus
320 2558 428 2607 ecclesia
445 2556 571 2605 catholica
588 2571 637 2618 per
652 2558 762 2619 pratlam
779 2557 822 2605 dei
835 2556 948 2619 sandala
960 2563 1000 2606 est
1016 2554 1068 2606 etc.
1100 2552 1130 2604 ln
1148 2551 1337 2630 sequentibus,
1355 2553 1388 2606 ut
1404 2554 1488 2607 notat

214 2620 299 2676 Denis
308 2619 452 2688 l„Codices
464 2617 646 2688 manuscripti
658 2618 743 2672 theol.
754 2618 882 2674 biblioth.
888 2618 1100 2674 PalatVindob.
1111 2620 1267 2674 lutim“vol.
1274 2621 1299 2673 ll
1310 2619 1488 2689 concccx),

214 2691 298 2759 louge
316 2688 405 2758 nssgds
423 2687 460 2742 sd
477 2704 556 2742 exem
576 2686 619 2741 lar
632 2685 837 2741 Chiifleiiunum
855 2704 939 2757 quam
957 2687 994 2742 sd
1004 2687 1172 2747 Vaticanum
1184 2687 1333 2743 Fontsnini
1350 2687 1468 2743 aceedit.

285 2759 315 2823 ¹⁴)
334 2757 419 2811 Teste
432 2705 594 2810 Coustanho
612 2753 641 2807 hi
660 2754 769 2809 codices
788 2773 883 2810 omnes
899 2754 1099 2810 inscribuntur:
1120 2760 1152 2809 In
1165 2761 1262 2811 coruli
1278 2762 1375 2811 nemim
1388 2760 1487 2824 Incipit

215 2831 345 2880 decretale
363 2830 457 2879 editum
473 2829 505 2877 de
523 2828 679 2891 recipiendis
696 2829 747 2877 siue
765 2845 815 2877 non
833 2829 989 2893 recipiendis
1006 2828 1078 2877 libris
1096 2822 1142 2889 (0¹
1161 2827 1316 2891 coactoribus)
1335 2830 1405 2894 quod
1419 2831 1488 2880 scri-

213 2905 284 2964 ptum
302 2904 340 2947 est
357 2914 374 2946 a
392 2896 495 2947 delusio
510 2911 583 2960 papa
601 2895 671 2945 urbis
688 2895 783 2946 Romae
801 2912 854 2945 cum
866 2895 946 2945 LXX
968 2897 1144 2946 eruditissimis
1166 2898 1227 2945 airis
1249 2898 1336 2960 episco
1356 2897 1386 2945 is.
1423 2896 1488 2947 Post

214 2965 381 3032 propheticas
398 2961 450 3014 eta.
469 2958 546 3013 utin
564 2958 629 3013 edit.
644 2959 748 3013 nostra.
779 2957 885 3024 Quibus
899 2960 958 3014 fere
970 2960 1120 3014 concinunt
1131 2976 1193 3014 mes.
1205 2960 1237 3026 0,
1256 2977 1325 3029 quos
1365 2958 1371 2970 ‘
1394 2959 1488 3015 seirius

215 3029 323 3101 primae
341 3027 435 3083 classis
452 3027 541 3098 ponit,
560 3029 588 3081 et
605 3026 645 3079 V¹
658 3026 711 3081 V2:
735 3031 769 3080 In
788 3031 884 3101 Christi
901 3034 998 3082 nomine
1016 3033 1140 3096 incipiunt
1157 3033 1262 3082 decreto
1280 3034 1312 3083 de
1330 3033 1488 3099 recipiendis

216 3112 242 3153 et
260 3118 309 3153 non
326 3102 482 3166 recipiendis
499 3099 583 3157 libris,
607 3114 672 3165 quoe
693 3102 793 3165 scripta
814 3107 872 3149 sunl
893 3116 910 3149 a
923 3100 1025 3150 Gelasio
1042 3117 1113 3165 papa
1135 3116 1189 3150 cum
1207 3100 1287 3149 LXX
1309 3101 1488 3151 eruditissimis

216 3173 279 3222 uiris
301 3171 430 3234 episcopis
453 3171 478 3218 in
498 3169 560 3218 sede
582 3167 726 3231 apostolica
747 3167 818 3217 urbis
835 3167 937 3217 Minae.
967 3169 1032 3219 Post
1052 3168 1219 3233 propheticas
1237 3166 1289 3219 eto.
1329 3164 1362 3217 In
1380 3163 1486 3219 mssO

216 3234 317 3289 tertios
335 3232 430 3287 classis
448 3231 547 3286 euclem
565 3230 687 3284 brevius:
707 3235 816 3300 (Incipit
835 3235 942 3296 Getasiil
960 3238 1088 3286 decretum
1105 3253 1159 3286 cum
1172 3235 1252 3285 LXX
1269 3236 1397 3301 episcopis
1415 3236 1487 3287 dati·

217 3315 267 3356 tum
285 3309 317 3355 de
335 3307 457 3369 apocrllls
474 3305 620 3367 scripturis.
650 3304 714 3353 Post
749 3305 896 3369 ropbetieus
913 3301 965 3354 etc.

286 3371 317 3427 ’ἣ
335 3367 481 3439 Inscriptio
499 3367 537 3421 X¹
556 3383 668 3436 prorsus
686 3320 793 3433 osthus
815 3384 887 3436 quoe
904 3367 933 3421 in
950 3367 1052 3422 mesi)
1072 3368 1161 3437 (prim.
1183 3368 1273 3435 class.)
1290 3367 1330 3420 V¹
1344 3366 1394 3422 Vt
1431 3366 1488 3423 Sed

217 3442 281 3508 post
300 3436 555 3490 Calchedonensem
572 3433 708 3503 synodum
724 3435 774 3490 illa
791 3435 826 3490 de
844 3436 950 3505 synodo
969 3435 1280 3505 Constantinopolitano
1297 3438 1327 3489 et
1344 3435 1406 3490 aliis
1424 3452 1488 3491 con·

219 3505 288 3559 ciliis
306 3503 456 3565 adduntur,
474 3509 503 3555 et
520 3519 640 3556 canones
658 3503 850 3572 apostolorum
866 3503 940 3559 inter
957 3505 1119 3575 apocrypha
1132 3504 1297 3559 omittuntur
1310 3506 1388 3571 (num
1400 3503 1489 3559 etism

218 3573 247 3626 in
264 3572 305 3625 itt
323 3571 496 3635 omittentur,
515 3570 583 3623 mihi
600 3570 729 3639 ignotum
746 3573 808 3641 est).

288 3642 318 3706 ¹⁸)
336 3639 378 3692 Η8
396 3643 492 3706 Incipit
509 3644 638 3693 decretale
656 3645 689 3694 de
706 3645 861 3709 recipiendis
877 3644 958 3706 libris,
982 3646 1050 3711 quod
1065 3648 1187 3709 scriptum
1204 3651 1243 3695 est
1261 3661 1278 3694 a
1297 3644 1398 3696 Gelasio
1414 3660 1490 3710 pape

218 3730 272 3762 cum
290 3711 371 3761 Lxx
387 3712 563 3761 eruditissimis
581 3713 709 3776 episcopis
730 3714 834 3763 insede
852 3715 996 3777 apostolica
1017 3715 1043 3763 iu
1069 3713 1131 3763 urbe
1149 3713 1271 3763 Romana.
1307 3712 1374 3762 Item
1395 3714 1491 3763 dictu·

219 3790 272 3831 est:
296 3780 360 3862 Post
376 3779 422 3829 ias
440 3795 523 3829 omnes
541 3779 706 3861 propheticas
724 3788 750 3830 et
767 3784 924 3855 eopnpeliras
946 3788 1023 3899 olpue
1045 3784 1202 3847 apostolicas
1225 3797 1289 3849 quas
1306 3783 1424 3846 superius
1443 3783 1489 3832 de·

218 3864 367 3978 ptomffimpp
376 3848 537 3981 llqifrlztrphltl’
549 3845 721 3965 dqeuchbglhlgtin
735 3844 1086 3968 (alhheulisrilhtalllllorrrarlistlo
1102 3934 1173 3982 popu
1191 3919 1283 3967 editum
1301 3918 1334 3967 de
1350 3918 1491 3980 scripturis

219 3987 318 4041 diuinis,
337 3985 399 4050 quid
414 3985 591 4034 uniuersaliter
608 3984 734 4034 catholica
751 3987 862 4050 recipiat
874 3985 998 4040 Ecclesia.
1018 3989 1057 4036 uel
1074 3986 1206 4048 posthaec
1219 3987 1373 4051 quiduitare
1386 3984 1490 4038 debeat.

220 4052 290 4103 Ordo
308 4054 340 4102 de
356 4052 446 4102 Veteri
466 4052 636 4109 Testamenta,
665 4068 735 4118 quem
757 4060 847 4103 sancta
870 4062 895 4103 et
917 4054 1043 4104 catholica
1066 4054 1179 4104 llomana
1201 4055 1307 4118 mascipit
1331 4061 1357 4103 et
1378 4053 1491 4105 bonomi

220 4122 338 4171 Ecclesia
356 4123 404 4170 iste
423 4127 475 4169 est:
496 4120 600 4170 Genesis
617 4117 669 4170 ebe.
691 4159 738 4170 ...
763 4121 828 4171 Item
849 4123 914 4172 ordo
932 4122 1124 4186 Scripturarnm
1142 4122 1208 4172 Noui
1229 4129 1256 4171 et
1273 4122 1384 4171 Aeterni
1397 4121 1490 4172 Testa·

220 4190 303 4240 menti.
340 4188 535 4254 Euanpeliorum
552 4187 612 4237 libri
628 4188 677 4237 IV
691 4187 742 4238 etc.
851 4191 916 4240 Post
932 4190 979 4240 bas
997 4206 1081 4240 omnes
1097 4189 1263 4254 propheticas
1284 4197 1311 4240 et
1327 4205 1391 4239 evan
1409 4191 1491 4240 elisus

219 4266 296 4323 atque
306 4257 482 4322 propheticas,
496 4272 559 4321 qseas
567 4258 684 4320 superius
697 4259 884 4321 depromsinuas,
897 4260 1049 4321 scripturus,
1059 4258 1148 4332 padus
1157 4255 1219 4319 cic,
1238 4252 1379 4307 adduntur
1454 4270 1489 4308 en

219 4321 268 4376 illa
286 4320 321 4375 de
338 4326 436 4389 synodo
456 4326 736 4385 Comtanumpotttana
758 4334 784 4375 et
806 4328 864 4375 aliis
880 4327 1002 4376 conciliis.
1038 4320 1171 4375 Similiter
1188 4321 1347 4376 Hurduinus
1364 4321 1416 4375 sub
1434 4321 1492 4377 cul·

221 4406 281 4444 cem
299 4388 404 4443 decreti
423 4388 494 4455 (coll.
515 4404 589 4442 conc.
608 4389 642 4451 11,
654 4395 714 4457 942)
733 4389 862 4455 adnotat,
886 4390 914 4443 in
936 4408 986 4443 ms.
1011 4405 1060 4443 suo
1083 4389 1186 4444 claudi:
1217 4394 1336 4458 Explicit
1357 4394 1492 4445 decretale

221 4464 313 4512 editum
331 4462 362 4511 ab
382 4461 521 4511 Hormisdn
537 4477 609 4525 papa
627 4460 696 4510 urbis
715 4461 817 4511 Romae.

290 4528 320 4592 18)
339 4526 368 4577 l*
385 4525 415 4578 in
431 4524 529 4578 tabula
546 4524 691 4578 titulorum
709 4525 757 4578 Nr.
770 4533 818 4580 102
840 4528 904 4595 post
926 4544 947 4579 s.
967 4525 1134 4595 Gregorium
1157 4525 1280 4605 subjicit:
1305 4530 1418 4580 Decreta
1437 4530 1491 4581 Ro·

220 4613 310 4647 manoe
327 4598 397 4648 sedis
415 4599 447 4647 de
464 4598 620 4662 recipiendis
646 4604 671 4646 et
693 4614 743 4647 non
760 4600 924 4663 recipiendis.
961 4592 1020 4647 Etsi
1044 4594 1186 4648 decretum
1209 4612 1300 4673 ipsum
1320 4593 1350 4647 in
1371 4610 1492 4672 corpore

221 4661 302 4730 hujus
321 4660 423 4715 codicis
440 4660 520 4726 desii,
536 4662 630 4713 tumen
642 4661 769 4714 Peresius
787 4661 816 4715 in
836 4663 864 4715 ir
882 4662 955 4728 ovat.
967 4667 1054 4728 4587),
1074 4662 1120 4716 tibi
1138 4664 1269 4716 notitiam
1287 4664 1492 4732 manuscripto

221 4746 283 4783 rum
301 4728 432 4783 auctioris
451 4727 620 4783 collectionis
636 4727 804 4797 Hisponieoe
821 4729 907 4795 dedit,
926 4746 955 4783 se
973 4729 1002 4783 in
1020 4730 1147 4783 omnibus
1164 4749 1227 4784 mss.
1245 4730 1384 4786 iuvenisse
1401 4732 1493 4786 testa·

222 4801 279 4850 tur:
304 4802 415 4851 Decreta
432 4801 561 4852 Ilomonoe
582 4802 652 4850 sedis
675 4803 707 4851 te
729 4804 883 4867 recipiendis
905 4811 930 4852 et
953 4818 1002 4852 non
1024 4805 1180 4869 recipiendis
1202 4803 1274 4854 libris
1297 4804 1328 4852 ab
1347 4802 1494 4855 IIormisda

221 4886 293 4936 papa
311 4872 390 4920 edita.
