3412 5664
207 498 242 563 (a.
253 496 324 564 520.)

339 315 402 380 934
778 328 806 376 s.
823 323 1030 375 noaursnan
1052 323 1168 372 nnana

894 479 976 546 Car.
999 477 1057 543 IV.

419 586 452 652 5.
483 585 559 650 dam
579 589 667 649 nnnc
682 582 919 667 subjiciendum
941 580 980 646 de
995 580 1156 667 opusculis
1172 583 1356 645 sanctorum
1370 582 1491 666 patrum,
1503 602 1566 667 quac

336 689 371 754 in
392 687 540 754 Ecclesia
563 685 722 752 catholica
743 685 956 770 recipiuntur.
988 707 990 710 ⁴

421 789 583 876 Opuscula
604 788 692 852 beati
714 785 845 853 Caecilii
868 785 1021 872 Cypriani
1049 785 1218 871 martyris,
1250 784 1498 874 Carthaginensi
1518 785 1568 873 epi·

336 893 442 978 scopi,
466 891 549 977 in¹¹)
572 889 721 954 omnibus
743 888 938 974 recipienda.

421 993 505 1058 Item
526 991 679 1077 opuscula
701 991 788 1056 beati
811 990 960 1077 Gregorii
982 989 1182 1056 Nazianzeni
1203 989 1356 1076 episcopi.

421 1095 504 1160 Item
525 1093 679 1178 opuscula
700 1094 788 1159 beati
811 1092 925 1158 Basilii
947 1092 1169 1178 Cappadociae
1191 1093 1345 1179 episcopi.

421 1197 505 1262 Item
526 1197 679 1282 opuscula
700 1196 789 1261 beati
811 1195 986 1261 Athanasii
1008 1195 1223 1261 Alexandrini
1247 1195 1397 1281 episcopi.

421 1299 504 1365 Item
526 1297 678 1384 opuscula
700 1298 787 1363 beati
809 1297 970 1363 Johannis
992 1296 1345 1383 Constantinopolitani
1367 1295 1500 1382 episcopi

422 1401 505 1466 Item
526 1400 679 1485 opuscula
702 1400 788 1465 beati
809 1399 978 1485 Theophili
1002 1399 1217 1465 Alexandrini
1239 1399 1390 1485 episcopi.

423 1502 506 1568 Item
528 1502 682 1587 opuscula
703 1502 791 1567 beati
814 1500 925 1586 Cyrilli
948 1501 1162 1567 Alexandrini
1185 1501 1340 1586 episcopi.

424 1604 507 1670 Item
529 1603 683 1689 opuscula
704 1604 792 1669 beati
814 1603 933 1668 Hilarii
955 1603 1169 1669 Pictaviensis
1192 1604 1346 1690 episcopi.

423 1706 506 1772 Item
528 1705 681 1791 opuscula
703 1706 790 1771 beati
813 1705 977 1772 Ambrosii
998 1705 1250 1772 Mediolanensis
1272 1704 1423 1792 episcopi.

424 1808 507 1874 Item
529 1807 681 1892 opuscula
703 1807 791 1873 beati
812 1807 991 1894 Augustini
1012 1806 1327 1895 Hipponeregiensis
1349 1806 1490 1893 episcopi.

424 1910 509 1976 ltem
530 1910 683 1994 opuscula
704 1909 792 1975 beati
813 1909 1004 1996 Hieronymi
1026 1910 1217 1996 presbyteri.

424 2011 508 2077 Item
529 2012 683 2097 opuscula
705 2013 791 2077 beati
802 2012 841 2100 ¹²)
863 2012 1013 2097 Prosperi
1035 2012 1097 2078 viri
1118 2011 1364 2099 religiosissimi.

425 2113 508 2179 Item
530 2113 699 2199 epistolam
725 2115 812 2180 beati
841 2135 944 2200 papae
966 2113 1082 2179 Leonis
1112 2115 1154 2179 ad
1174 2113 1367 2180 Flavianum
1387 2113 1575 2181 conamus

340 2217 520 2303 politanum
542 2216 727 2301 episcopum
749 2217 958 2282 destinatamt
986 2215 1026 2282 de
1055 2217 1145 2302 cujus
1167 2219 1259 2282 textu
1278 2215 1437 2302 quispiam
1460 2216 1484 2281 si
1502 2236 1574 2300 usqu

342 2319 382 2383 ad
404 2340 504 2383 unum
525 2316 593 2382 iota
614 2317 826 2403 disputaverit
853 2322 886 2384 et
906 2340 974 2384 non
995 2340 1066 2384 eam
1094 2319 1130 2384 in
1151 2318 1300 2385 omnibus
1321 2316 1527 2385 venerabditcr
1542 2337 1576 2381 re

343 2420 479 2505 ceperit,
504 2419 677 2485 anathema
700 2421 752 2485 sit.

426 2522 510 2588 Item
537 2522 690 2607 opuscula
718 2525 813 2609 atque
840 2525 1000 2588 tractatus
1027 2523 1171 2589 omnium
1197 2527 1329 2609 patrum
1355 2522 1575 2604 orthodoxorum,

342 2626 397 2710 qui
418 2624 455 2689 in
475 2624 565 2689 nullo
594 2647 613 2689 a
635 2628 767 2690 sanctae
788 2624 955 2691 Romanae
983 2625 1136 2691 ecclesiae
1164 2626 1327 2692 consortio
1359 2626 1514 2692 deviarunt
1534 2644 1576 2688 nar

343 2727 383 2791 ab
406 2727 475 2811 ejus
503 2727 565 2792 fide
593 2727 644 2792 vel
672 2727 912 2812 praedicatione
934 2727 1074 2812 sejuncti
1101 2731 1192 2812 sunt,
1230 2728 1287 2793 sed
1314 2727 1415 2814 ipsius
1440 2724 1578 2792 commum·

344 2828 463 2894 cationi
490 2850 548 2914 per
575 2829 715 2914 gratiam
741 2829 802 2894 Dei
830 2851 930 2915 usque
958 2828 993 2895 in
1020 2829 1170 2894 ultimum
1197 2828 1282 2894 diem
1308 2830 1396 2895 ritae
1422 2850 1490 2895 suae
1511 2826 1579 2892 fuere

343 2930 529 3016 participes,
551 2931 705 3017 legendos
728 2933 938 2997 decernimus.

426 3032 510 3097 Item
532 3033 706 3098 decretales
729 3032 892 3118 epistolas,
916 3056 994 3119 quas
1015 3033 1192 3099 beatissimi
1214 3056 1319 3119 papae
1340 3033 1468 3099 diversis
1487 3034 1580 3114 tempo

343 3135 430 3200 ribus
453 3135 494 3199 ab
516 3135 594 3199 urbe
616 3134 719 3200 Roma
740 3158 798 3221 pro
820 3135 1016 3201 diversorum
1038 3139 1168 3221 patrum
1190 3135 1426 3202 consultatione
1445 3133 1581 3213 dederunt,

344 3235 573 3303 venerabiliter
595 3237 825 3323 suscipiendas.

428 3339 459 3403 6.
495 3338 579 3403 Item
599 3343 692 3424 gesta
713 3343 898 3405 sanctorum
920 3343 1107 3425 martyrum,
1131 3361 1212 3425 quae
1230 3340 1461 3426 multiplicibus
1472 3342 1584 3404 tormen·

344 3446 449 3506 torum
472 3441 666 3506 cruciatibus
695 3444 728 3506 et
749 3441 949 3507 mirabilibus
978 3441 1215 3507 confessionum
1235 3443 1420 3530 'triumphis
1439 3441 1584 3508 inradiant

345 3544 423 3620 Quis
445 3544 509 3609 ista
531 3542 760 3609 catholicorum
782 3543 907 3609 dubitet
929 3547 961 3609 et
982 3544 1105 3629 majora
1128 3566 1181 3610 eos
1203 3544 1239 3609 in
1254 3546 1414 3631 agonibus
1427 3543 1517 3610 fidae
1535 3562 1586 3628 pu·

344 3668 469 3731 pessos,
498 3667 560 3711 nec
587 3645 652 3710 suis
674 3645 796 3711 viribus
817 3644 873 3711 sed
900 3645 961 3710 Dei
989 3646 1096 3731 gratia
1123 3649 1156 3710 et
1183 3645 1345 3732 adjutorio
1372 3646 1512 3712 universa
1529 3644 1586 3709 tole

345 3747 456 3812 rasse?
489 3746 550 3813 Sed
572 3747 643 3812 ideo
666 3749 840 3813 secundum
861 3749 1027 3834 antiquam
1043 3748 1306 3814 consuetudinem
1320 3748 1473 3835 singulari
1488 3743 1588 3812 auu·

345 3850 380 3913 in
407 3854 521 3914 sancta
543 3848 691 3914 Romana
719 3849 853 3915 ecclesia
880 3871 947 3915 uon
974 3850 1143 3937 leguntur,
1172 3850 1248 3936 quia
1271 3855 1306 3916 et
1326 3872 1436 3916 corum
1460 3851 1511 3936 qni
1535 3868 1587 3912 oon·

346 3950 503 4035 scripsere
535 3951 668 4015 nomina
700 3952 829 4036 penitus
862 3953 1071 4037 ignorantur,
1107 3955 1139 4018 et
1166 3952 1207 4016 ab
1234 3951 1419 4018 infidelibus
1450 3957 1481 4016 et
1505 3947 1588 4016 idiotis

346 4051 508 4139 superflua
529 4055 586 4117 aut
607 4053 713 4118 minus
736 4056 822 4138 apta,
846 4076 943 4139 quam
963 4053 1010 4119 rei
1030 4054 1108 4119 ordo
1122 4052 1231 4138 luerit,
1255 4075 1327 4119 esse
1342 4056 1508 4140 putantur:
1527 4048 1588 4116 sicut

521 4211 654 4219 .——-

414 4293 446 4360 ¹¹)
464 4290 560 4346 Verba
580 4291 609 4345 in
631 4295 742 4346 ombus
758 4297 909 4362 recipienda
927 4291 1068 4347 Gelasiani
1090 4291 1198 4347 codices
1220 4307 1278 4346 uon
1299 4292 1515 4364 repraesentant»
1545 4285 1587 4341 lla

347 4378 521 4448 compertum
538 4377 594 4443 est,
617 4393 672 4447 quo
689 4377 773 4446 pacto
792 4377 878 4447 recipi
892 4376 1059 4447 jubeantur,
1083 4377 1182 4447 quibua
1204 4377 1379 4448 baptismum
1396 4375 1532 4432 uacua
1544 4366 1586 4440 qut

346 4463 453 4530 busque
470 4461 506 4517 ad
524 4461 678 4517 Ecclesiam
694 4461 874 4516 redeuntibus
893 4462 1091 4518 conferendum
1109 4479 1170 4518 esse
1188 4462 1289 4518 centn
1299 4460 1436 4534 Stephani
1452 4475 1534 4531 papae
1542 4471 1585 4509 ιω·

346 4547 464 4602 tentiam
481 4549 684 4618 propugnatur.
1300 4594 1306 4603 .

415 4635 446 4702 ¹²)
464 4632 560 4687 Horm.
584 4633 700 4703 exempl.
721 4649 783 4687 cum
802 4631 833 4686 0¹
847 4631 879 4687 0²
892 4637 919 4688 Γ
933 4633 997 4688 add.
1022 4637 1097 4688 beari.
1118 4662 1151 4673 -
1168 4632 1210 4688 De
1232 4631 1349 4702 reliquis
1372 4630 1517 4703 pleniorem
1534 4621 1585 4680 ott

347 4737 409 4773 cum
427 4727 456 4774 et
473 4735 566 4774 rernm
584 4718 722 4773 rationem
740 4734 824 4787 supra
841 4717 878 4772 ad
890 4717 995 4774 Gelasii
1007 4718 1156 4789 epistolam
1168 4723 1201 4772 42
1219 4717 1356 4772 dedimus.
1386 4716 1430 4771 Ad
1446 4730 1513 4785 qmc
1526 4710 1587 4765 lacto

346 4821 406 4858 rem
424 4803 640 4869 demandantes,
658 4803 712 4857 hoc
727 4802 789 4858 loeo
801 4802 889 4857 solum
902 4804 1009 4858 textum
1023 4801 1175 4857 secundum
1186 4801 1203 4856 J
1207 4804 1227 4838 ¹¹
1238 4802 1266 4857 Jc
1278 4802 1300 4856 ἰ*
1316 4802 1492 4874 pracbemus,
1507 4810 1587 4868 ΡΜ·

348 4889 418 4944 sima
436 4889 585 4944 adnotasse
604 4887 736 4944 contenti.
