3412 5664
206 285 247 349 48
573 299 708 348 noman
730 299 884 347 4444444
906 299 944 346 ru
965 297 1107 347 4444444

207 469 262 519 414.
293 460 462 536 Quapropter
477 459 656 516 indubitatum
672 460 736 516 milri
751 459 864 523 videtur,
887 476 957 522 eum.
978 461 1024 533 qui
1039 459 1177 515 decretum
1194 458 1327 527 delibus,
1349 460 1429 534 quale
1446 462 1474 517 in

207 545 319 602 11441444
335 545 480 621 exemplari
501 553 603 613 exstat,
613 545 764 620 descripsit,
786 561 819 601 ex
834 561 867 601 eo
883 551 1023 619 gestorum
1039 544 1123 607 14414,
1147 544 1219 601 unde
1233 546 1319 619 prima
1330 553 1475 619 gestorum

206 631 315 687 illorum
336 648 399 704 pars
421 629 549 705 tullegio
571 647 601 688 ac
619 630 827 704 praenominatis
848 629 906 686 aliis
921 628 1059 686 codicibus
1074 630 1193 687 derivata
1208 638 1258 692 est.
1275 631 1406 686 hausisse.
1439 631 1475 685 dt

207 734 270 772 vero
282 717 305 772 is
321 722 397 790 gesta
413 716 457 772 illa
474 733 530 772 444
546 717 672 772 Damaso
686 714 735 771 sed
751 716 865 771 Gelasio
886 715 1014 789 inscripta
1035 713 1111 770 vidit.
1143 714 1210 771 Hinc
1224 716 1311 789 igitur
1324 732 1358 771 eo
1371 716 1477 771 certius

207 803 362 876 corrigitur,
384 818 452 874 4444
473 802 500 857 14
520 801 664 875 exemplari
685 799 770 874 Regio
795 809 877 873 atque
898 797 1023 856 donranis
1045 797 1205 874 praefigitur
1224 800 1375 875 inscriptio,
1399 800 1476 875 quod

207 888 281 950 baec,
303 887 343 942 uti
363 888 644 960 praemonstravimus,
666 902 726 942 cum
748 886 909 958 fragmento,
932 885 975 941 cui
995 882 1111 958 praebia
1127 894 1177 947 est,
1199 886 1326 959 componi
1342 884 1415 942 44114
1432 902 1476 941 ra·

208 974 281 1028 tione
293 979 382 1045 queat.
407 970 549 1027 Praeterea
564 970 655 1027 codice
672 970 784 1026 ilariaco
801 970 850 1027 bac
864 972 891 1026 in
907 987 937 1026 re
952 968 1153 1044 adstipulantur
1168 987 1222 1026 non
1238 969 1319 1026 modo
1331 970 1476 1027 Gratianus

207 1056 270 1112 dist.
286 1056 334 1112 15.
351 1074 374 1112 4.
391 1055 418 1117 3,
446 1056 615 1111 burchardus
628 1053 673 1111 lib.
683 1055 711 1113 3.
728 1054 830 1118 4220,
847 1054 891 1109 144
908 1055 980 1112 decr.
997 1053 1104 1127 44414.
1122 1072 1146 1111 c.
1156 1054 1195 1112 64
1211 1063 1240 1112 41
1257 1055 1305 1118 65,
1327 1055 1474 1119 Pauuorm,

209 1140 435 1206 1111441123,
469 1141 610 1197 dnsclmus
626 1139 739 1197 Lucens.
762 1139 808 1196 lib.
826 1140 844 1197 6
866 1159 890 1197 4.
910 1140 969 1197 187
991 1137 1047 1211 (lib.
1066 1139 1093 1195 2.
1117 1139 1265 1198 419341.
1284 1138 1389 1211 2081),
1421 1140 1475 1195 114-

207 1226 303 1283 rioilus
319 1225 447 1301 spicileg.
464 1236 530 1283 tom.
547 1226 575 1290 4.
592 1245 619 1300 p.
632 1225 703 1290 484,
720 1225 877 1281 Hincmarus
893 1224 939 1281 lib.
953 1224 993 1281 55
1009 1226 1126 1299 capitum
1141 1243 1165 1282 4.
1174 1224 1223 1289 24,
1238 1225 1361 1282 Nicolaus
1378 1225 1397 1280 1.
1415 1227 1477 1300 cpi·

207 1310 409 1375 4414411442,
425 1310 517 1386 Lupus
529 1309 709 1368 Ferrariensis
725 1309 770 1368 lib.
788 1310 822 1366 de
838 1310 923 1367 tribus
936 1318 1040 1386 quaest.
1055 1318 1082 1365 et
1094 1311 1171 1383 epist.
1182 1309 1251 1374 128,
1268 1320 1349 1385 41444
1360 1306 1475 1367 Carolus

207 1397 318 1471 blagnus
333 1395 379 1452 lib.
396 1395 512 1453 Carolin.
535 1397 553 1452 1.
571 1398 599 1452 2.
622 1414 645 1451 4.
665 1396 703 1453 13
725 1405 752 1451 41
773 1394 867 1452 11144.
890 1411 913 1452 c.
933 1396 973 1453 10
990 1403 1018 1449 ct
1035 1396 1083 1457 11,
1105 1396 1153 1451 sed
1173 1404 1200 1451 et
1215 1397 1349 1452 innumeri
1364 1395 1476 1453 cortices

207 1483 319 1559 4411441,
340 1483 387 1555 441
407 1481 545 1538 decretum
565 1481 598 1537 de
619 1479 693 1537 libris
720 1480 825 1537 Gelasio
847 1478 1011 1537 adscribunt.
1054 1478 1215 1537 Pearsonius
1237 1483 1295 1554 ipse
1321 1483 1400 1538 testis
1421 1490 1475 1544 cst,

208 1569 279 1624 bunc
300 1584 394 1641 papam
412 1567 471 1638 ojus
486 1575 623 1623 auctorem
645 1567 727 1622 asseri
747 1568 774 1621 14
795 1565 898 1630 codice,
921 1582 1000 1640 quem
1021 1563 1185 1622 1441444444
1200 1566 1401 1623 Gantuariensis
1417 1568 1478 1640 epi·

207 1670 305 1727 scopus
326 1655 361 1709 de
381 1653 527 1709 Beecensr'
546 1653 688 1720 coenobio,
720 1659 750 1707 nt
772 1655 892 1708 antistes
911 1654 960 1708 iile
979 1653 1115 1724 loquitor,
1139 1655 1169 1709 in
1189 1652 1340 1725 Anplieom
1361 1659 1477 1708 terram

207 1737 368 1810 transferri
378 1738 466 1810 feeit,
483 1739 583 1812 quique
598 1738 752 1793 etiamnunc
766 1735 941 1812 Cantabrigae
959 1735 1063 1792 visitur.
1087 1735 1185 1792 Scribit
1195 1735 1364 1793 ilabillonius
1377 1743 1477 1793 noster

208 1824 253 1880 lib.
277 1823 310 1879 do
331 1823 424 1898 liturg.
437 1822 528 1878 Gallie.
546 1839 608 1897 pag.
618 1822 688 1884 386.
705 1823 730 1877 14
743 1822 868 1878 Vaticano
884 1820 1028 1896 exemplari
1043 1822 1140 1877 litteris
1157 1821 1293 1895 quadratis
1308 1832 1372 1878 ante
1388 1838 1477 1878 annos

209 1910 264 1966 1444
280 1907 351 1963 mille
366 1910 468 1983 scripto
484 1908 622 1964 decretum
637 1906 708 1963 idern
723 1905 814 1963 haberi
830 1907 879 1963 sub
895 1908 947 1965 1444
962 1905 1058 1963 titulo:
1079 1907 1187 1979 Incipit
1201 1909 1349 1964 decretale
1366 1909 1481 1965 Gelasii

205 2010 304 2067 popae
319 1995 400 2050 orbis
414 1995 522 2050 Romae
534 1987 573 2069 1);
595 2011 626 2048 44
641 2000 780 2067 praeterea
795 1994 866 2048 inter
880 1993 995 2055 codices,
1016 1993 1062 2066 441
1077 1989 1205 2048 Ludovici
1220 1992 1258 2049 Pii
1274 1994 1430 2067 principatu
1444 1991 1478 2047 ab

208 2080 341 2153 bosegiso
357 2077 517 2135 11441444441
534 2079 696 2134 monasterio
718 2080 839 2135 concessi
855 2077 984 2153 leguntur
1006 2078 1032 2132 iu
1048 2077 1182 2134 Chronico
1197 2076 1411 2140 Fontanellensi,
1435 2094 1480 2133 re·

208 2166 311 2220 censeri
333 2163 458 2220 volumen
479 2181 561 2220 unurn
582 2173 689 2238 praeter·
703 2163 753 2219 alia
779 2168 929 2222 continens
949 2157 1066 2221 decreto
1089 2163 1198 2220 Gelasii
1214 2180 1314 2236 popae
1334 2166 1371 2220 de
1391 2165 1481 2221 libris

209 2251 382 2322 recipiendis
398 2258 425 2306 et
440 2268 495 2306 non
511 2251 694 2322 recipiendis.
712 2248 831 2305 Vidimus
847 2251 898 2322 ipsi
913 2267 944 2305 44
959 2250 1167 2322 recognovimus
1183 2266 1238 2305 non
1252 2266 1336 2323 pauca
1351 2247 1482 2320 ciusdem

209 2335 310 2390 decreti
330 2334 451 2409 exernpla
479 2343 566 2391 vetera
587 2335 798 2407 nominatimque
819 2351 901 2390 tanum
922 2334 986 2392 olim
1011 2352 1033 2387 s.
1056 2334 1143 2407 Sergii
1166 2334 1378 2408 burdegarensis,
1401 2351 1481 2390 nunc

210 2419 263 2477 1111.
278 2419 328 2475 Pl'.
347 2419 541 2493 Capncinorurn
557 2419 804 2493 Rotomagensium
828 2417 1020 2495 demigiannm,
1035 2419 1227 2493 iosaphateum
1238 2419 1317 2491 juata
1331 2418 1483 2482 Carnutes,

209 2505 348 2568 beccense,
371 2504 545 2568 Nauarrcnm,
568 2503 744 2568 Goislianum,
767 2504 946 2561 Germanense
973 2504 1044 2561 baud
1065 2504 1161 2578 procul
1188 2502 1219 2559 ab
1241 2512 1329 2561 aetate
1350 2504 1484 2561 i'enantii

209 2589 357 2653 Fortunati,
385 2589 461 2661 eujus
482 2592 598 2646 carmina
618 2591 747 2653 continet,
777 2594 926 2652 exaratum,
948 2589 1120 2646 blorbacense
1141 2606 1196 2646 non
1218 2589 1304 2646 multo
1324 2591 1482 2650 recentium.

208 2674 377 2732 Golbertinae
391 2673 567 2732 bibliothecae
588 2678 715 2750 quinque,
735 2684 763 2731 et
777 2676 849 2731 inter
868 2692 899 2731 44
914 2692 1005 2739 uuum,
1028 2682 1057 2731 ut
1072 2674 1196 2737 diximus,
1217 2682 1410 2749 pervetustum
1436 2674 1483 2731 lit·

211 2762 275 2818 teris
292 2759 498 2834 Langobardieis
514 2760 689 2835 descriptum.
721 2762 754 2816 nt
770 2777 834 2817 4444
850 2768 892 2817 141
906 2762 978 2817 14144
992 2759 1099 2817 codices
1114 2760 1218 2816 nullum
1234 2759 1481 2835 deprehendimus,

209 2848 254 2921 441
271 2847 406 2919 hocopus
423 2845 528 2901 Gelasio
545 2863 599 2901 non
615 2845 757 2902 adscribat.
1394 2892 1397 2897 .

295 2932 323 2988 7.
350 2930 408 2986 1144
427 2931 496 2986 redit
518 2933 649 3004 quaestio,
672 2931 809 3005 quomodo
831 2930 984 3005 ltionysium
1006 2931 1116 3005 ingerit,
1133 2939 1242 2986 auteur
1257 2930 1288 2986 ab
1304 2948 1337 2986 eo
1354 2938 1483 3005 praeten-

210 3019 320 3072 missum
335 3017 438 3071 sithoc
453 3015 600 3081 decretum,
622 3018 646 3072 si
661 3017 766 3073 Gelasio
782 3026 893 3073 4441444
913 3034 943 3072 44
963 3016 1086 3091 praeside
1105 3017 1132 3070 in
1149 3016 1284 3090 1444444411
1299 3015 1409 3090 syuodo
1424 3014 1481 3074 lto·

209 3119 284 3160 urana
300 3102 402 3157 editum
423 3101 482 3158 luit.
514 3103 545 3157 b'i
562 3102 648 3166 141144,
672 3119 726 3157 nou
747 3102 809 3158 ideo
830 3103 1047 3176 praetermissum
1069 3109 1119 3162 est,
1142 3104 1204 3175 quia
1219 3102 1271 3176 ipsi
1285 3101 1405 3165 latuerit,
1428 3101 1479 3158 sed

210 3189 270 3260 4414
286 3188 392 3242 minime
408 3187 440 3242 ad
461 3204 572 3261 scopum
589 3188 661 3243 illius
676 3186 836 3261 pertinebat.
875 3187 927 3260 lpsi
949 3203 1044 3261 nempe
1064 3186 1091 3243 id
1112 3185 1217 3243 consilii
1237 3187 1297 3247 luit.
1319 3193 1350 3241 41
1370 3188 1479 3260 primae

209 3272 376 3328 collectionis
394 3289 457 3328 snae
474 3274 673 3345 perticationes
691 3273 793 3345 pridem
816 3281 948 3346 receptos,
971 3290 1001 3327 ac
1020 3280 1173 3345 postremae
1188 3269 1369 3327 Romanorum
1383 3272 1477 3347 ponti·

211 3357 289 3412 licum
310 3357 446 3429 epistolas.
469 3374 522 3413 non
543 3357 679 3431 synodalia
701 3365 786 3431 gesta,
818 3375 886 3430 quae
907 3358 1018 3413 lorrnaru
1040 3357 1212 3430 epistolarem
1234 3357 1342 3412 minime
1363 3373 1430 3431 prae
1447 3372 1476 3413 se

211 3442 320 3502 1444441,
342 3444 487 3504 insereret,
510 3442 632 3516 44144444
654 3444 679 3497 in
702 3451 822 3498 rrerrtnnu
847 3442 1021 3499 contrenicbat
1041 3442 1094 3498 1444
1115 3441 1262 3499 decretum.
1298 3440 1364 3497 11444
1384 3457 1476 3516 44444

210 3529 280 3582 inter
301 3542 417 3581 eanrrrnes
439 3527 502 3581 olirn
518 3537 642 3600 receptos
666 3544 752 3600 ireque
773 3529 843 3583 14144
863 3529 1014 3583 antistitum
1030 3526 1210 3583 Romanorum
1226 3526 1354 3602 epistolas
1369 3528 1477 3583 censeri

211 3619 325 3686 poterat,
342 3611 389 3666 sed
405 3612 474 3666 inter
488 3611 625 3683 synodalia
642 3621 727 3686 gesta.
759 3612 856 3669 l‘ostea
872 3612 980 3687 quidem
997 3612 1172 3686 bionysianac
1186 3611 1350 3675 collectioni,
1366 3610 1476 3686 qualem

212 3695 357 3751 lindrianns
373 3695 382 3749 l
398 3696 493 3751 1144414
511 3696 607 3771 114444
623 3697 705 3759 dedit,
722 3698 824 3753 41144444
843 3698 1024 3754 Rornanorum
1040 3697 1215 3754 conciliorum
1232 3696 1282 3752 sub
1298 3694 1476 3770 pontificibus

211 3781 309 3844 1111444,
338 3780 425 3837 Felice
441 3781 468 3843 11,
490 3782 649 3855 Syrnnraclro
670 3792 697 3838 41
719 3785 850 3858 Gregorio
868 3782 977 3853 juniore
997 3790 1169 3839 accesserunt
1190 3791 1276 3857 gesta.
1307 3780 1360 3839 Sed
1379 3780 1478 3853 hujus·

210 3867 282 3922 modi
299 3875 440 3940 gestorum
461 3868 487 3922 in
509 3869 642 3941 primaeva
662 3877 688 3923 et
704 3870 821 3943 gerruina
838 3869 954 3942 llionysii
976 3869 1137 3925 collectione
1159 3868 1224 3924 nibil
1240 3875 1387 3941 comparet.
1420 3866 1480 3924 1144

210 3951 267 4013 4114,
292 3960 321 4006 441
342 3951 406 4007 mibi
428 3952 543 4015 ridetur,
564 3971 643 4009 eausa
661 3954 721 4016 luit,
744 3972 792 4009 rur
812 3956 918 4027 sapiens
935 3953 979 4009 ille
996 3954 1142 4010 nrouacirus
1158 3970 1264 4027 semper
1279 3951 1329 4008 sibi
1344 3960 1478 4029 constans

209 4036 257 4092 4114
280 4036 376 4093 Gelasii
398 4037 431 4092 de
454 4036 624 4094 absolutione
645 4039 737 4094 bliseui
764 4038 877 4095 celebria
899 4047 975 4112 gesta
1002 4040 1101 4113 pariter
1121 4039 1311 4112 praetermisit.
1341 4036 1480 4105 Quemad-

210 4121 319 4176 nrodurn
335 4139 398 4178 4444
415 4139 446 4177 44
463 4122 506 4177 1114
520 4125 753 4196 praetermissione
769 4124 794 4179 id
812 4126 909 4179 nemini
926 4125 1038 4180 venitin
1055 4134 1179 4186 44441444,
1197 4130 1227 4180 ut
1243 4123 1308 4179 baec
1322 4124 1350 4178 in
1362 4122 1480 4180 dubium

210 4216 325 4267 4444441,
347 4208 382 4263 114
398 4215 424 4262 41
440 4207 474 4263 de
491 4210 600 4265 44411414
617 4217 758 4283 gestorum
774 4209 890 4271 illorum,
911 4210 937 4264 in
960 4208 1057 4283 quibus
1078 4208 1215 4265 decretum
1231 4207 1265 4264 de
1280 4206 1355 4264 libris
1370 4207 1480 4264 editum

210 4301 259 4354 cst,
282 4291 348 4347 nulli
367 4291 440 4362 justa
462 4291 599 4348 dubitandi
621 4311 700 4348 eausa
722 4311 753 4349 44
770 4311 802 4349 44
823 4303 872 4355 cst,
895 4295 967 4367 quod
988 4296 1015 4349 in
1035 4294 1192 4368 liionpsiana
1212 4292 1374 4349 collectione
1395 4294 1482 4349 omit·

211 4386 309 4433 tantur.
341 4379 380 4431 An
396 4377 491 4433 saltem
506 4396 609 4440 eoruur,
627 4381 672 4452 qui
688 4378 826 4434 decretum
841 4378 908 4434 illud
921 4379 1026 4435 Gelasio
1042 4378 1200 4440 attribuunt,
1216 4378 1405 4434 anctoritatem
1421 4395 1482 4435 uon

209 4463 368 4519 imminuant
383 4472 488 4519 soteres
509 4464 623 4527 codices,
647 4465 693 4537 qui
714 4464 801 4520 simile
822 4463 855 4520 de
877 4463 950 4519 libris
972 4463 1110 4522 decretum
1128 4461 1285 4520 llormisdae
1299 4479 1384 4539 papae
1401 4466 1485 4521 attri-

211 4547 305 4611 buunt,
327 4565 399 4605 44444
414 4548 617 4622 explorandum.

211 4712 510 4726 b———n-—n———n

279 4802 297 4865 ¹)
316 4798 462 4853 11411444.
477 4797 600 4863 Potenti,
618 4796 732 4865 ejusque
745 4796 834 4866 ipsunt
847 4796 989 4852 4144441444
1002 4797 1274 4853 44114141“4441441444
1287 4796 1404 4853 editum.
1425 4795 1485 4857 Sed

209 4864 279 4922 144444·
296 4868 356 4933 ejtm
375 4870 478 4920 1444444
500 4870 594 4935 Incipit
611 4871 740 4920 decretale
757 4873 841 4920 4444411
853 4873 948 4921 Gelasii
958 4888 1052 4936 papae.
1074 4873 1135 4922 Post
1145 4873 1312 4938 proplteticns
1324 4870 1377 4921 414.
1403 4874 1485 4939 (tte.)
