3450 5678
645 326 813 375 urrsrous
839 317 868 375 6.
1328 312 1391 378 695

208 478 358 544 Rusticus
381 480 547 563 episcopus
569 479 722 544 eeclesiae
744 479 946 544 Buxentinae
969 479 1153 564 subscripsi.

208 580 389 647 Venantius
411 582 577 664 episcopus
600 582 753 646 ecclesiae
776 581 1075 668 senogalliensisw)
1099 582 1283 667 subscripsi.

208 683 321 748 Victor
343 682 508 767 episcopus
532 683 685 747 ecclesiae
707 682 864 747 Lunensis
888 683 1072 768 subscripsi.

206 785 415 850 Innocentius
436 784 601 869 episcopus
625 785 777 849 ecclesiae
793 785 1056 871 Tifernatiumffl)
1072 786 1296 852 Tiberinorum
1317 788 1388 853 sub·

122 888 247 973 scripsi.

207 989 347 1055 Silvinus
370 989 537 1073 episcopus
560 989 713 1053 eeclesiae
735 987 956 1054 Veliterninac
980 990 1163 1075 subscripsi.

102 1105 104 1107 ’
205 1091 318 1156 Justus
340 1092 507 1175 episcopus
530 1090 683 1155 ecclesiae
705 1089 862 1176 Signinae
885 1089 1069 1175 subscripsi.

205 1193 394 1277 Arestonffl)
417 1192 584 1277 episcopus
607 1192 760 1257 ecclesiae
783 1192 928 1256 Ostensis
951 1193 1135 1277 subscripsi.

205 1297 371 1380 Augustus
395 1296 562 1378 episcopus
585 1293 737 1358 ecclesiae
760 1293 966 1378 Liparitanae
990 1295 1174 1378 subscripsi.

205 1395 294 1460 Felix
323 1397 490 1480 episeopus
519 1395 670 1460 ecclesiae
698 1394 881 1479 Nepesinae
914 1418 971 1479 pro
999 1395 1083 1460 Urso
1112 1397 1260 1482 episcopo
1289 1399 1386 1464 eccle-

120 1500 187 1564 siae
278 1498 463 1583 subscripsi.

205 1600 352 1664 Asterius
375 1577 542 1684 episcopus
564 1598 717 1663 ecclesiae
740 1600 912 1685 Aquinatis
936 1600 1119 1684 subscripsi.

204 1701 406 1786 Propinquus
429 1701 597 1785 episcopus
620 1700 773 1764 ecclesiae
796 1701 962 1766 Trebeatis
985 1702 1170 1786 subscripsi.

204 1802 362 1867 Eusebius
384 1803 550 1887 episcopus
574 1801 726 1866 ecclesiae
748 1801 912 1867 Fanestris
936 1802 1108 1887 subscripsi
1132 1806 1165 1867 et

203 1904 368 1968 Romanus
391 1904 558 1988 episcopus
581 1903 734 1968 ecclesiae
756 1903 971 1968 Nomentinae
995 1904 1179 1988 subscripsi.

203 2005 330 2091 Itom53)
354 2009 540 2086 subscriptio
562 2009 822 2086 presbyterorum.

459 2192 674 2294 Appendix
702 2191 752 2274 ad
781 2192 995 2295 epistularu
1023 2194 1044 2275 6

729 2327 778 2364 Seu

521 2395 692 2476 synodum
715 2395 744 2459 V
768 2392 982 2475 Symmachi.

591 2549 915 2632 Praeceptumffl)

722 2665 779 2702 Sive

115 2747 190 2802 Lex
211 2745 293 2800 data
314 2759 334 2800 a
356 2743 600 2813 gloriosissimo
622 2756 702 2811 rege
717 2743 927 2798 unaodorioo
949 2746 1069 2799 eontra
1086 2742 1164 2798 illos
1180 2744 1384 2812 sacerdotes,

119 2847 181 2915 qui
203 2846 433 2903 substantiam
453 2845 627 2900 Ecclesiae
652 2846 730 2913 jure
757 2844 887 2900 directo
915 2849 974 2901 aut
1001 2845 1147 2901 vendere
1176 2849 1236 2901 aut
1258 2846 1385 2903 donare

635 2950 867 3014 praesumunt.

244 3092 443 3156 Domitori
459 3092 581 3172 orbis,
604 3090 781 3174 praesuli
803 3095 840 3154 ct
861 3091 1136 3174 repararatori
1158 3091 1382 3176 libertatis,

351 3195 508 3257 senatui
532 3193 641 3256 urbis
664 3191 807 3255 Romae
830 3191 988 3256 Flavius
1011 3192 1282 3256 Theudoricus
1305 3215 1381 3257 rex.

200 3312 353 3377 Pervenit
376 3311 415 3385 ad
438 3333 506 3394 uos,
531 3315 638 3394 patres
663 3311 852 3394 conscripti,
877 3311 915 3374 de
938 3310 1101 3375 Ecclesiae
1123 3311 1221 3374 missa
1243 3312 1383 3377 utilitate

183 3520 215 3586 ⁸⁰)
233 3517 266 3570 B¹
286 3519 492 3584 Syuopalliensia
511 3514 547 3567 ΗΒ
560 3517 697 3583 Spnopalli.
717 3513 750 3565 pu
765 3518 997 3582 Senapallim'eneis,
1016 3529 1136 3582 moxque
1154 3515 1186 3567 B¹
1201 3513 1235 3567 1²⁶
1249 3519 1382 3577 burensis,

115 3603 148 3657 E*
161 3602 199 3656 Ha
218 3605 354 3668 Druensis,
372 3601 407 3654 al.
427 3605 561 3653 Lucienus.

1402 509 1424 544 u.
1438 497 1494 545 502.

1398 2392 1422 2426 a.
1435 2380 1483 2428 5⁰7
1498 2374 1515 2427 d

1400 2448 1429 2494 li
1441 2441 1509 2496 Nov.

181 3690 214 3756 81)
232 3687 275 3740 lta
292 3702 356 3739 mss.
377 3684 472 3752 (etiam
489 3684 521 3737 ΒΙ
535 3683 639 3752 Ele);
658 3684 695 3737 Hs
717 3687 912 3752 l'gspernantius,
931 3683 958 3736 h¹
984 3687 1133 3752 lipheruus,
1153 3686 1177 3738 ο1
1200 3689 1382 3751 Tiserunntr'us,
1426 3702 1429 3709 '

115 3773 149 3825 al.
169 3771 212 3826 ed.
236 3773 408 3837 Trisemrinus.

182 3858 215 3924 ⁸²)
233 3855 264 3908 Β1
280 3853 342 3908 2H⁴
354 3853 390 3906 Η8
409 3859 529 3914 Areslcn,
548 3852 595 3906 Κ12
616 3856 750 3906 Aresionc.
770 3870 835 3906 sane
853 3852 936 3917 idem,
956 3854 1049 3921 quiin
1067 3853 1172 3922 synodo
1186 3844 1307 3910 Palmuri
1320 3861 1381 3910 Ari-

114 3952 168 3995 stus
186 3945 309 3995 Ostiensis
327 3937 516 3992 subscribitur.
547 3936 654 3991 Deinde
673 3953 768 3990 omnes
781 3954 844 3989 mss.
861 3940 974 3992 Oscensis
991 3939 1034 3991 vel
1050 3943 1186 3992 Hortensio
1198 3939 1264 4008 (ΗΘ).
1293 3937 1382 4004 Quum

115 4026 208 4080 tamen
226 4024 254 4077 in
273 4023 321 4077 iila
338 4022 444 4090 synodo
456 4022 504 4076 ΚΗ
519 4026 655 4076 Hortenses
667 4021 751 4091 legat,
771 4021 949 4075 Constantius
968 4022 1052 4076 etiarn
1070 4023 1124 4076 hoc
1140 4022 1202 4077 loco
1216 4023 1291 4077 idern
1304 4041 1383 4093 prae-

115 4109 186 4163 ferre
199 4108 309 4161 ridetur
322 4109 351 4161 et
364 4112 476 4160 Arishrm
489 4106 626 4176 episcopis
639 4111 809 4162 llortenrihus
827 4106 1065 4161 adurunerandurn
1083 4106 1190 4161 suadet.
1226 4108 1281 4162 Pro
1299 4126 1383 4178 supra

116 4196 269 4272 memorab]
286 4195 422 4246 Marciano
441 4191 484 4245 vel
504 4196 662 4246 llartinr'ono
680 4191 789 4246 codices
808 4210 871 4246 suos
890 4191 1020 4246 dissidere
1039 4191 1092 4253 ait,
1116 4207 1200 4259 quum
1219 4191 1304 4260 aliqui
1322 4193 1383 4246 tan·

115 4285 173 4333 turn
195 4276 237 4332 ibi
256 4281 368 4331 Oscensis
391 4276 494 4344 legant.
537 4280 654 4330 Bellator
677 4278 770 4331 autern
793 4277 839 4330 ille
862 4277 989 4345 synodiI
1013 4274 1172 4345 Symmachi
1195 4276 1231 4330 ab
1255 4276 1382 4331 omnibus

118 4366 243 4418 ostensem
273 4361 368 4417 vocari
398 4360 485 4415 addit.
525 4360 703 4414 Lectionibus
727 4361 851 4415 codicum
874 4361 1061 4416 Rornanorum
1088 4361 1160 4416 banc
1187 4360 1310 4431 pensatis
1331 4378 1381 4415 noe

117 4446 200 4501 aliurn
216 4446 246 4500 in
263 4446 377 4500 modum
395 4460 453 4498 rein
472 4443 678 4513 dijudicandam
697 4444 832 4498 duximus.

180 4535 213 4600 ⁸³)
231 4530 326 4586 Verba
343 4532 421 4595 haec,
438 4546 509 4599 quae
527 4530 555 4583 in
573 4528 605 4582 Β1
626 4533 654 4582 et
672 4529 742 4596 (sine
761 4533 836 4595 Item)
859 4529 887 4583 iu
907 4531 1031 4584 extrema
1048 4531 1152 4600 pagina
1169 4530 1228 4585 folii
1246 4529 1318 4584 versi
1334 4529 1382 4583 Κ12

118 4618 293 4672 asservantur
311 4616 355 4682 (Fl
375 4621 496 4670 Similiter
513 4619 730 4683 subscripserunt,
753 4614 858 4669 addens
881 4614 979 4668 eudem
1001 4614 1074 4669 linea
1094 4620 1206 4670 Zosimus
1223 4621 1381 4671 comosunito·

118 4708 178 4755 uros
193 4705 281 4769 prtrh
299 4713 347 4754 etc.
367 4706 498 4768 Harena),
518 4699 618 4754 indicio
637 4702 708 4763 sunt,
727 4698 812 4753 etiarn
830 4699 970 4768 subJ'ectas
988 4698 1070 4754 fuisse
1089 4699 1187 4754 saltem
1206 4699 1381 4769 presbytero·

119 4803 176 4840 rum
194 4785 420 4855 subscriptiones,
439 4785 488 4839 sed
505 4783 607 4854 injuria
625 4785 782 4854 temporum
801 4783 940 4840 excidisse.

181 4873 214 4941 ⁵⁴)
233 4870 273 4924 Ex
296 4871 417 4926 editione
439 4871 529 4926 Lucae
547 4868 684 4925 Holstcnii
707 4870 839 4940 produxit
855 4869 1014 4926 Harduinus
1040 4870 1099 4924 coll.
1120 4885 1195 4924 conc.
1207 4870 1242 4936 Η,
1254 4875 1313 4926 963.
1349 4870 1380 4925 In

1556 2179 1693 2485 ..sl

1518 2393 1563 2547 l
