3412 5664
642 370 889 421 mmmn
1340 363 1404 427 Μ

126 526 286 611 laborate,
310 527 485 592 catholicus
514 550 532 590 a
556 526 722 590 catholicis
743 527 910 591 ordinatur
933 527 1110 611 episeopus.
1157 527 1217 604 Qui
1245 552 1342 614 quum
1364 532 1402 596 de

128 628 361 694 consuetudine
387 629 544 712 majorum
567 628 607 692 ad
630 628 837 712 apostolicam
861 628 969 692 sedem
992 630 1145 713 synodica
1166 653 1224 715 per
1245 631 1402 697 Isidorum

125 732 353 816 presbyterum
386 733 419 795 et
445 730 576 795 Petrum
605 730 775 793 diaconum
810 731 930 814 scripta
966 730 1122 813 misisset,
1158 735 1402 817 superveniente

125 833 254 900 Uranie
275 833 452 916 subadjuva
479 836 511 896 et
534 836 646 896 contra
668 831 851 896 iohannem
871 833 940 915 jam
964 833 1148 917 episcopum
1171 856 1262 899 sacra
1284 839 1402 920 princi·

123 936 180 1021 pis
208 935 389 1017 deferente,
425 935 465 998 ah
494 934 696 1019 episcopatus
729 934 814 997 illius
845 935 1087 999 continuatione
1115 959 1201 1020 liapa
1230 961 1401 1023 suspensus

123 1042 187 1103 est.
227 1037 272 1102 Et
293 1037 368 1121 quia
390 1036 424 1101 in
446 1036 559 1100 iisdem
581 1038 680 1101 saeris
704 1036 742 1099 de
763 1036 960 1100 restituendo
975 1036 1082 1120 Petro,
1108 1060 1201 1121 quem
1224 1039 1291 1123 ipse
1315 1042 1401 1105 darn·

122 1141 231 1224 navit,
261 1140 384 1204 fecerat
405 1139 611 1220 mentionem,
641 1137 721 1201 haee
749 1160 824 1222 pars
849 1139 981 1202 omnino
1010 1143 1060 1202 est
1087 1139 1260 1224 abnegata.
1306 1142 1401 1207 Unde

121 1242 256 1309 ridetur
278 1241 545 1307 clementissimus
568 1241 743 1325 imperator
765 1240 913 1304 offensus.

215 1346 265 1409 11.
311 1344 415 1421 Quum
444 1366 520 1430 ergo
543 1347 674 1408 sanctae
696 1343 868 1406 memoriae
891 1365 995 1427 papae
1020 1341 1177 1427 Simplicii
1200 1345 1281 1409 nihil
1303 1348 1400 1412 toties

117 1448 163 1513 sd
187 1447 348 1512 Acacium
370 1446 494 1532 ante³³)
523 1447 645 1510 directa
667 1449 799 1529 proptor
823 1444 1061 1509 Alexandrinae
1085 1445 1238 1512 eeclesiae
1261 1449 1400 1533 quietem

116 1554 153 1615 et
179 1548 362 1615 catholicae
383 1548 457 1614 fidei
480 1549 700 1634 integritatem
725 1548 845 1631 scripta
876 1549 1080 1631 proficerent,
1111 1550 1295 1632 supervenit
1316 1552 1400 1617 idem

114 1653 257 1739 fugiens
280 1655 411 1716 sanctus
433 1651 598 1716 Johannes
622 1651 800 1735 episcopus,
831 1651 895 1734 qui,
924 1650 1007 1714 sicut
1030 1651 1173 1733 decebat,
1204 1652 1245 1716 ab
1274 1658 1399 1738 aposto-

113 1754 183 1821 lica
214 1754 292 1819 sede
326 1758 490 1838 susceptus
521 1756 579 1817 est.
624 1752 710 1817 Nam
744 1756 777 1815 et
803 1753 924 1836 priores
960 1753 1028 1835 ejus
1058 1753 1206 1817 similiter
1234 1753 1398 1820 Romanae

112 1856 281 1923 eeclesiae
308 1859 451 1940 tempore
479 1855 709 1940 persecutionis
737 1854 910 1939 suffugium
940 1859 1165 1939 poposcerunt.
1210 1855 1316 1940 Hujus
1345 1859 1398 1922 ad·

112 1964 240 2026 ventus
260 1958 389 2043 plonius
412 1959 561 2022 universa
590 1956 755 2041 patefecit.
799 1956 856 2023 dui
886 1957 960 2019 dum
988 1957 1099 2021 Aeacii
1130 1957 1250 2043 scripta
1277 1959 1396 2045 legere-

109 2084 200 2143 mus,
237 2082 322 2146 quae
350 2061 388 2124 de
416 2060 513 2124 Petro
541 2064 573 2124 et
600 2060 750 2123 Johamre
781 2057 1045 2144 Antiochenis³⁴l
1073 2059 1220 2143 miserat,
1251 2084 1398 2127 excessus

109 2163 236 2230 Aeacii
259 2163 361 2226 etiarn
383 2162 417 2226 in
440 2161 501 2226 hac
525 2185 619 2226 carisa
642 2161 848 2245 gravissimos
871 2159 1093 2245 deprehendit.
1147 2172 1157 2187 ·

205 2265 262 2330 12.
310 2263 370 2329 Illo
399 2264 484 2328 enim
518 2267 676 2348 tempore,
711 2287 772 2348 spuo
806 2263 845 2327 de
876 2263 971 2327 Petro
994 2263 1217 2335 Alexandrino
1245 2264 1397 2331 damnato

100 2367 297 2453 retulit³⁵),
322 2367 419 2431 etiam
441 2366 479 2430 de
496 2366 591 2430 Petro
614 2369 646 2429 et
667 2365 818 2430 Johamre
834 2365 1038 2429 Antiocheno
1054 2366 1243 2450 scripserat:
1266 2365 1396 2432 Petrum

104 2544 343 2557 .-.-.—--—
363 2543 432 2551 .—

168 2645 211 2713 n)
228 2639 331 2696 ItaG¹.
349 2639 455 2693 B¹F⁶c³
465 2654 521 2705 seq.
535 2637 830 2691 omittuntantelss'Fl
841 2638 925 2691 etiam
936 2639 1276 2705 direrru)etmoxs11ffien.e.
1289 2639 1397 2694 Deinde

85 2728 228 2789 nomine
246 2732 379 2793 priorum.
399 2733 442 2793 qui
460 2728 587 2776 Romanae
600 2728 721 2774 ecclcsiae
738 2729 871 2789 nrslupiam
888 2735 1074 2790 poposcerunt,
1093 2722 1212 2776 inanime
1230 2722 1397 2792 intelligitur

81 2811 294 2873 Athanasius
311 2826 373 2863 eum
392 2808 465 2874 aliis,
485 2806 531 2876 qni
546 2808 662 2861 itomam
675 2806 711 2860 ud
723 2805 826 2859 Julium
843 2807 951 2876 pariter
966 2807 1163 2875 confugerunt,
1182 2823 1232 2861 neo
1244 2823 1300 2860 non
1312 2807 1395 2862 Atha·

79 2899 170 2957 nuii
194 2909 355 2953 successor
372 2893 484 2957 Petrus,
503 2891 549 2961 qui
568 2892 618 2945 suh
637 2891 758 2945 Damaso
778 2909 806 2944 se
824 2891 942 2944 Romam
961 2891 1075 2959 recepit.

164 2985 209 3051 ²⁴)
234 2978 274 3036 G'
299 2977 429 3033 omittens
447 2977 492 3031 hic
512 2980 688 3031 Antiocheia.
711 2978 811 3045 postea
833 2975 931 3028 iisdem
952 2973 1110 3028 nominibus
1129 2974 1208 3029 addit
1227 2980 1394 3033 :lnti'ocdeno

10 3096 18 3123 ι
69 3072 159 3129 1101
181 3068 229 3124 Β1
245 3064 272 3120 F
273 3065 287 3100 ‘¹
303 3068 329 3118 θ’
347 3080 403 3130 seq.
422 3069 583 3129 proru'ssimos
596 3065 762 3129 depredemlit
776 3060 824 3125 (lll
838 3063 1057 3127 ‹leprreleciulr'lur),
1078 3059 1125 3113 ubi
1138 3060 1172 3112 θ’
1185 3066 1328 3127 prraeiaaimi
1337 3073 1397 3115 sum

10 3126 17 3177 l
68 3160 208 3213 resecti.
232 3180 274 3191 -
295 3148 394 3203 Petrus
410 3146 490 3201 Fullo
509 3149 537 3201 et
554 3146 696 3201 Johaunos
714 3150 868 3199 Antiocheia
885 3148 1031 3209 vocantur,
1048 3144 1126 3215 prior
1145 3144 1257 3213 quidem
1272 3145 1394 3215 quiaJo·

65 3244 196 3301 mne
221 3232 336 3303 'Palaia
354 3232 467 3303 expulso
484 3233 513 3287 in
531 3231 733 3286 Antiochenam
750 3229 890 3285 invaserat
907 3229 1064 3295 eeclesiam
1083 3229 1155 3285 alter
1172 3247 1251 3297 vero,
1274 3230 1340 3300 quia
1357 3232 1393 3287 ab

63 3326 205 3387 eodem
230 3320 326 3377 Petro
345 3317 487 3373 ordinatus
504 3318 655 3388 apamenis
673 3315 830 3387 episeopus,
849 3315 897 3370 sed
915 3315 950 3370 ab
970 3314 1009 3369 eis
1027 3313 1147 3383 rejectus
1165 3314 1341 3375 Antiochiam
1353 3336 1393 3374 re-

164 3412 247 3466 'ens
267 3403 440 3460 ordinatoris
457 3403 499 3458 sui
516 3404 608 3458 locum
627 3403 784 3472 occuparat.

158 3498 207 3565 n)
232 3488 723 3559 B'1⁸⁴&eeq.relulcrotnoulonpe
740 3499 799 3556 post
817 3494 890 3541 etiam
909 3487 951 3553 (Β1
965 3486 1000 3540 F*¹
1008 3493 1075 3554 jora)
1095 3494 1126 3541 dc
1139 3494 1218 3541 Petro
1237 3500 1261 3542 el
1279 3494 1395 3545 dodonae

62 3588 125 3655 (3·
142 3582 195 3640 P*
215 3574 340 3633 addunt
350 3576 397 3641 εῖτ)
415 3580 565 3642 saepserat.
596 3573 736 3627 Historias
747 3573 849 3627 veritas
867 3573 968 3627 ethauc
983 3572 1131 3627 lectionem
1148 3573 1267 3643 respuit,
1287 3575 1317 3629 et
1332 3592 1395 3631 eam

61 3664 251 3747 vomunt,
272 3675 361 3730 quam
373 3676 406 3714 ex
419 3659 453 3715 G'
467 3658 644 3713 restituimus.
665 3658 703 3712 Ut
715 3657 787 3712 enim
801 3657 944 3713 exordiae
962 3658 1050 3726 liquet
1068 3657 1248 3728 epistolarum
1261 3658 1395 3730 Simplicii

63 3756 117 3815 ,a
131 3745 319 3811 Anneium,
336 3742 360 3798 is
378 3743 523 3814 episeopus
541 3744 575 3798 de
587 3743 671 3798 Petro
690 3744 719 3797 et
730 3743 856 3797 Johanne
869 3742 1048 3798 antiochenis
1060 3744 1124 3797 ante
1136 3742 1291 3812 scripserat,
1310 3761 1395 3813 quam

64 3844 114 3901 ὼ
136 3838 255 3896 Petro
282 3828 472 3885 Alexandrino
495 3828 627 3883 damnato
646 3830 771 3883 referret.
790 3860 820 3865 --
839 3828 870 3881 Ia
895 3827 1099 3898 exemplaribus
1121 3827 1145 3881 D
1168 3827 1213 3882 hie
1234 3828 1310 3883 locus
1332 3847 1393 3885 cum

172 3916 267 3979 emis
286 3914 439 3986 superioris
456 3913 564 3969 numeri
582 3912 672 3968 verbis
690 3913 868 3983 conjungitur
885 3913 913 3966 in
931 3913 1005 3967 huuc
1022 3912 1147 3967 modum:
1180 3918 1252 3969 daile
1272 3921 1338 3969 uirus
1356 3928 1395 3970 eat

63 4018 259 4085 mator
278 4009 401 4071 offensas.
434 4005 543 4055 Addidit
562 4005 635 4054 etiam
654 4005 764 4054 Arare-ius
783 4007 823 4052 ido
843 4011 970 4066 tempore,
994 4019 1042 4069 quo
1063 4004 1094 4052 dc
1112 4004 1192 4053 Petro
1212 4005 1393 4056 Alexandrino

63 4105 235 4159 muto
255 4092 363 4155 retulit,
382 4093 456 4142 etiam
474 4092 506 4140 de
519 4091 598 4139 Petro
617 4098 642 4138 et
653 4089 768 4140 dodonus·
783 4089 939 4139 Antiocheno
957 4091 995 4138 sic
1007 4091 1124 4153 scripsit:
1145 4089 1246 4139 Petrum
1260 4099 1293 4152 et,
1313 4087 1394 4141 omis·

63 4188 119 4245 fi.
139 4171 365 4239 intermediis,
384 4189 417 4228 ex
435 4188 554 4239 quorum
572 4169 718 4225 omissione
736 4171 822 4223 totius
840 4169 973 4225 orationis
990 4186 1076 4223 nexus
1093 4169 1216 4225 solvitur.
1249 4172 1393 4236 Quomodo

65 4270 169 4331 min
195 4278 277 4319 curm
298 4256 479 4313 antecedente
497 4271 622 4321 sermone
641 4255 675 4310 dc
694 4254 793 4308 litteris
812 4255 949 4325 synodicis
961 4254 1095 4310 Johaunis
1107 4255 1237 4324 Talajue,
1255 4256 1291 4311 de
1309 4256 1393 4309 Zeno-

65 4358 127 4417 ni.
146 4345 264 4409 neris
284 4340 491 4397 restitutionem
509 4340 585 4396 Petri
608 4341 839 4410 efflagitantibus,
864 4341 898 4396 de
921 4340 1062 4410 Simplicio
1085 4341 1156 4395 hunc
1177 4344 1286 4410 partein
1309 4341 1393 4395 abne-

68 4442 188 4517 μω
213 4434 315 4499 alque
331 4426 500 4498 imperatore
519 4444 581 4481 earn
594 4427 630 4482 ob
643 4444 755 4481 causam
771 4425 935 4495 indignante
948 4425 1079 4480 cohaeret
1090 4425 1177 4479 istud:
1198 4430 1392 4479 mataritanus

72 4526 244 4587 mn.-
264 4530 355 4583 quum
372 4512 441 4567 nihil
457 4511 582 4583 proxime
595 4513 631 4566 sit
643 4512 677 4566 de
690 4511 791 4567 acacio
809 4510 1008 4581 praemissum?
1035 4510 1085 4566 Cui
1098 4511 1183 4567 etiam
1195 4510 1310 4564 verbum
1323 4510 1392 4564 illud

71 4614 212 4671 addidit
240 4615 304 4656 non
325 4614 561 4669 supervacaneum
584 4596 711 4652 videatur
733 4600 817 4665 atclue
840 4596 894 4650 huc
916 4614 949 4650 ex
972 4595 1145 4651 abundantia
1167 4596 1309 4659 adsutum,
1337 4610 1391 4664 quo

74 4702 262 4761 ‚nanque
282 4683 415 4739 adsuerat
437 4684 518 4754 huJ'us
538 4683 673 4754 epitomes
691 4682 811 4752 scriptor
829 4682 1029 4747 narrationem,
1052 4698 1135 4751 quam
1159 4682 1232 4735 liaud
1251 4680 1317 4735 satis
1335 4680 1392 4735 leli-

10 4790 15 4847 ᾗ
75 4784 171 4841 dur
192 4777 353 4831 mnan
374 4769 534 4841 imprudens
557 4768 708 4823 dissucrat?
743 4770 783 4822 Ao
801 4784 865 4822 vero
884 4783 1016 4837 quorsum
1034 4783 1143 4827 eorum,
1165 4783 1236 4836 quae
1255 4766 1289 4819 de
1308 4766 1391 4820 Petro

77 4876 118 4927 et
139 4860 299 4921 Johaunc
315 4854 466 4927 scripserat
482 4855 611 4921 Aeacius,
634 4854 677 4908 hic
696 4852 800 4908 mentio
818 4854 878 4919 fiat,
897 4852 950 4907 sibi
968 4852 1170 4922 incompertum
1190 4850 1271 4905 luisse
1288 4850 1391 4922 prodit,

80 4966 193 5025 qm
216 4938 423 4999 antecedentia
439 4939 647 5012 praetermittit.
677 4939 773 5009 Neque
791 4937 881 4993 minus
899 4939 935 4994 ab
954 4937 1075 4993 auctoris
1093 4936 1133 4991 siri
1152 4935 1290 4991 sententia
1307 4952 1391 5005 quarn
