3450 5678
509 370 517 383 .
618 343 810 393 nrrsronns
834 333 981 393 26-40.
1084 303 1087 308 ’
1372 335 1433 399 109

207 504 310 580 epitolm,
326 502 402 560 ulad
417 504 478 575 ejus
493 503 592 560 calcem
605 506 745 579 conceptis
761 503 848 560 verbis
864 504 1025 570 declaratur,
1047 504 1194 563 subnexus.
1240 505 1371 574 Quocirca
1385 511 1434 565 mi·
1494 507 1497 512 ’

206 589 403 732 ῒψέῑωᾱω
427 597 470 647 est
491 589 636 654 baronius,
665 591 711 664 qui
739 598 885 666 utrumque
906 593 1037 666 scriptum
1067 590 1153 648 tribus
1178 592 1237 648 aliis
1264 595 1433 669 interpositis

235 689 294 747 pann

225 825 433 889 influmindce
454 843 555 906 papae
576 825 723 925 epistolas
744 825 783 888 35
798 825 883 889 0136
905 822 1137 909 (,‚0ptoremns“
1152 841 1179 888 et
1195 826 1411 913 ,‚Jolmnnes“).

266 945 394 1023 Epistulam
415 948 485 1005 banc
509 957 537 1006 et
558 959 731 1023 sequentem,
761 951 878 1025 quaein
900 949 1016 1006 Romana
1038 949 1235 1025 pontificiarum
1255 951 1431 1026 epistolarum

206 1030 490 1111 cdiiomdtsidcrantur,
514 1034 629 1092 baronio
645 1034 795 1092 debemus·
812 1035 864 1090 llas
881 1035 926 1091 illc
941 1052 973 1091 cn
989 1036 1074 1093 altero
1091 1036 1206 1092 duorum
1223 1035 1355 1100 codicum,
1372 1040 1430 1111 qui·

206 1114 273 1174 inin
285 1119 501 1194 recognoscendis
521 1119 580 1176 aliis
596 1119 754 1177 Hormisdae
770 1120 893 1195 epistolis
917 1138 981 1176 usus
1003 1131 1052 1184 est,
1075 1139 1104 1177 se
1121 1139 1200 1196 quam
1216 1120 1430 1185 fidelissirncex·

206 1203 310 1277 salpista
321 1213 442 1262 testatur.
473 1204 542 1262 Eum
563 1213 652 1262 tamen
673 1206 803 1263 nonnulla
823 1206 936 1281 fugisse,
959 1224 990 1262 er
1012 1209 1106 1263 iterata
1128 1207 1249 1279 ejusdem
1271 1208 1430 1282 exemplaris

206 1290 350 1362 recognitione
363 1289 602 1366 deprehendimus.
633 1290 779 1366 Utramque
794 1291 895 1348 iudicat
911 1291 1052 1348 Hormisda
1068 1295 1147 1367 epist.
1165 1293 1206 1351 33
1222 1302 1248 1349 et
1264 1292 1315 1352 34.

382 1443 423 1505 In
442 1442 629 1504 Hormisdae
650 1457 752 1520 papae
774 1442 935 1521 epistolem
955 1441 996 1503 39
1018 1440 1204 1526 („Gratio“).

265 1559 322 1622 inter
334 1582 381 1623 eos
395 1564 515 1641 quidem,
538 1566 584 1640 qui
599 1562 632 1621 ad
648 1563 899 1640 apostolicaesedis
915 1567 1130 1623 communionem
1146 1583 1196 1642 per
1212 1565 1294 1622 libelli
1310 1565 1342 1622 ab
1361 1566 1428 1624 llor-

193 1642 266 1701 -nisdr
277 1651 337 1708 misc
351 1649 577 1725 subscriptionem
593 1649 741 1713 redierunt.
762 1650 906 1707 Hormisda
921 1652 1000 1726 epist.
1017 1650 1057 1710 26
1073 1670 1100 1708 n.
1119 1652 1137 1709 3
1160 1654 1307 1710 secundae
1323 1651 1428 1726 Syriae

208 1730 279 1790 num
292 1745 426 1801 memorat;
452 1735 501 1793 sed
519 1737 592 1793 inter
610 1735 661 1792 tros
682 1736 811 1793 censendi
831 1754 886 1793 non
909 1737 1034 1794 ridentur
1053 1738 1080 1800 ii,
1103 1755 1218 1812 quorum
1239 1738 1347 1793 nomine
1363 1738 1428 1795 haec

209 1812 273 1874 mnus
284 1821 460 1880 miseribitur.
482 1821 547 1879 Nam
563 1830 590 1878 et
606 1821 675 1877 inira
691 1839 717 1878 n.
731 1822 749 1878 5
765 1821 924 1878 Hormisdou
939 1821 1030 1879 libello
1043 1841 1115 1880 nunc
1128 1824 1243 1898 primum
1259 1822 1427 1880 subscribere

211 1913 231 1954 te
242 1900 338 1973 bonnm,
358 1916 386 1966 ct
401 1909 445 1965 bie
461 1925 530 1983 papa
544 1909 572 1963 in
593 1907 717 1980 epistola,
740 1924 819 1983 quam
841 1907 894 1964 illis
911 1910 1058 1983 rescripsit.
1079 1908 1185 1964 numi
1208 1925 1257 1965 eos
1271 1924 1337 1966 cero
1359 1910 1426 1965 viam

211 1986 293 2048 smnus
304 1995 438 2070 ingressos
454 2009 515 2050 esse
530 2009 585 2050 non
598 2000 677 2049 tacet.
708 1997 793 2050 Antea
810 2000 897 2050 tamen
912 2010 927 2048 a
942 1993 1033 2051 Severi
1049 1994 1216 2069 aliorumque
1231 1994 1427 2068 Acephalorum

210 2078 351 2137 cummunione
365 2080 405 2137 sic
416 2078 625 2144 abhorrucmnt,
642 2087 672 2135 ut
687 2093 782 2135 eorum
793 2080 820 2135 in
835 2095 866 2135 se
882 2078 972 2135 odium
988 2096 1019 2136 ae
1033 2080 1154 2136 iurorem
1166 2080 1335 2136 concitarint.
1358 2079 1426 2148 Quid

209 2160 288 2219 raon
305 2164 341 2222 bis
356 2167 431 2241 passi
450 2166 519 2228 sint.
541 2181 614 2221 nunc
634 2172 784 2239 exponunt.
820 2165 859 2221 Ad
881 2163 949 2221 hanc
972 2164 1131 2222 relationem
1151 2173 1265 2240 spectat,
1289 2165 1363 2240 quod
1384 2165 1428 2221 alii

208 2242 382 2309 mitandans
396 2253 424 2307 in
446 2250 562 2307 concilio
584 2248 882 2325 Constantinopolitano
898 2249 949 2306 sub
965 2250 1041 2307 liena
1055 2260 1107 2308 act.
1124 2251 1146 2304 V
1160 2250 1252 2324 (llard.
1269 2249 1331 2308 coli.
1348 2268 1425 2307 eouc.

208 2321 305 2409 ῙῑῙῖθΟ)
318 2335 452 2394 scribunt:
482 2336 557 2406 Quid
570 2352 644 2409 opus
661 2342 704 2394 est
716 2340 806 2409 ptura
822 2337 857 2394 de
873 2337 919 2393 dis
932 2340 1018 2411 loqui,
1045 2355 1132 2411 prtum
1155 2338 1317 2410 omnesqui
1331 2339 1427 2394 orbem

207 2412 295 2478 monn
311 2425 442 2481 noverint
456 2422 591 2495 nefarios
613 2425 742 2479 actiones
762 2425 902 2480 dictorum
917 2424 1130 2479 baereticorum
1146 2424 1361 2494 Aeepboiorum
1376 2423 1426 2478 Se-

207 2503 247 2556 ttn'
255 2522 282 2562 oc
293 2507 378 2579 Petri,
401 2515 429 2566 et
443 2511 582 2580 impuros,
599 2509 711 2580 otheos,
729 2509 912 2581 blasphemes
927 2516 954 2565 et
969 2509 1113 2566 homicidii
1124 2510 1284 2583 pendentes
1298 2512 1426 2581 iprsornm

205 2583 287 2649 ‘tinen
325 2594 389 2652 Istc
411 2597 486 2651 enim
510 2593 664 2667 manifeste
685 2596 839 2651 ostendunt
859 2610 910 2657 eo,
940 2599 1064 2668 quaein
1085 2598 1177 2652 ceteri
1197 2595 1289 2652 Romo
1311 2596 1425 2669 quondo

204 2667 317 2736 Μῶα
330 2682 409 2737 ritem
424 2683 613 2753 apostolicam
634 2682 729 2736 cedem
744 2681 871 2755 repebat,
894 2688 921 2736 et
936 2696 981 2751 ec,
1006 2683 1124 2755 quaein
1140 2681 1198 2737 bae
1214 2684 1295 2755 regia
1312 2682 1383 2737 erbe
1398 2686 1426 2736 et

204 2753 303 2834 sternuit
319 2773 406 2841 atque
424 2766 613 2838 lerosolpmis
629 2765 716 2838 fecta
738 2773 813 2830 sunt,
841 2774 1032 2823 monumento.
1071 2765 1218 2822 Relationis
1240 2765 1321 2838 hujus
1341 2767 1425 2822 inter·

200 2849 282 2914 littttio
295 2849 381 2916 latina,
404 2867 473 2926 quae
487 2850 546 2907 sola
561 2858 695 2926 superest,
718 2851 782 2907 dum
803 2851 909 2908 litterae
928 2854 1048 2908 tenacior
1063 2859 1113 2916 cst,
1136 2849 1226 2907 delicit
1246 2851 1382 2907 interdum
1398 2851 1425 2906 in

199 2925 228 2993 15¹.
243 2947 295 3007 tune
307 2938 444 3013 pertinent
460 2936 493 3000 ad
509 2937 639 2993 orationis
654 2939 848 3012 integritatem.
885 2937 955 2993 Nihil
972 2945 1060 2994 tamen
1076 2944 1126 3001 est,
1149 2936 1220 2992 uude
1237 2936 1382 3012 quidquam
1397 2937 1424 2990 in

197 3013 394 3080 ensmtentiis
409 3022 578 3080 subtractum
589 3023 770 3097 suspicemur:
787 3023 854 3079 adeo
871 3031 902 3078 ut
916 3022 1117 3079 recurrentibus
1133 3021 1165 3076 ad
1181 3022 1290 3096 phrasin
1303 3037 1424 3096 graecam

196 3113 237 3156 non
251 3101 325 3172 lauat,
346 3109 412 3184 qnid
433 3106 483 3165 sibi
499 3107 573 3164 uelit.
611 3106 649 3163 En
665 3107 831 3171 Hormisdae,
851 3124 919 3183 quae
935 3125 1005 3163 arrrro
1019 3107 1079 3164 518
1097 3106 1242 3163 Februario
1258 3108 1367 3162 ineunte
1383 3123 1425 3160 rc-

192 3187 330 3330 r’palpasse
356 3193 472 3270 epistola
487 3193 529 3252 40
544 3194 611 3251 hanc
625 3193 784 3250 relationem
806 3196 875 3250 circa
896 3194 996 3250 exitum
1017 3194 1079 3249 anui
1099 3193 1160 3251 517
1182 3191 1342 3249 destinatam
1365 3208 1424 3248 esso

262 3278 398 3357 colligitur.

383 3430 422 3493 In
441 3431 626 3494 Hormisdae
647 3447 749 3510 papas
772 3432 933 3511 epistolem
953 3431 996 3492 40
1018 3426 1194 3515 (‚‚Lcen's“).
1260 3491 1264 3499 ,

256 3550 278 3609 1.
307 3552 441 3631 Epistulae
467 3554 548 3627 hujus
575 3556 740 3612 mentionem
768 3555 912 3612 Dioscorus
940 3555 1069 3612 diaconus
1090 3565 1118 3611 ct
1139 3554 1296 3611 Hormisdae
1315 3554 1421 3629 legatus
1436 3560 1495 3634 [ε’]

184 3630 387 3698 coeuntem
401 3640 533 3716 epistolae
550 3641 589 3699 65
605 3642 678 3698 iacit.
704 3639 769 3712 Ejus
785 3643 988 3715 inscriptionem
1003 3651 1085 3716 atque
1096 3643 1201 3697 initium
1217 3641 1249 3697 ad
1262 3638 1341 3696 rerba
1351 3659 1423 3714 pro-

178 3719 256 3792 Μ
270 3731 384 3800 penites
397 3744 476 3784 meos
494 3729 664 3801 adjuvante,
688 3744 739 3783 suo
755 3727 816 3784 loeo
833 3727 959 3783 exhibent
975 3727 1135 3802 exemplaria
1151 3727 1325 3801 Dionysianac
1341 3728 1423 3783 colio·

171 3805 270 3873 ostoun
289 3828 365 3887 quam
380 3811 530 3869 Hadrianus
544 3812 556 3868 l
576 3821 680 3882 auctam
700 3812 732 3868 ad
754 3811 878 3869 Carolum
895 3813 1018 3886 liugnum
1041 3813 1192 3869 destinavit.
1229 3812 1304 3868 Unde
1322 3812 1422 3868 iactum

174 3893 219 3958 sil,
233 3902 257 3951 ut
269 3905 293 3953 et
306 3897 408 3973 reliqua
423 3898 450 3954 in
466 3899 508 3954 his
523 3897 719 3973 enemplaribus
736 3898 832 3960 desint,
853 3898 967 3954 aliorum
984 3898 1088 3969 judicio
1103 3899 1241 3972 permitto,
1264 3899 1316 3954 boo
1332 3899 1422 3954 sulum

171 3981 256 4038 natat
274 3992 429 4048 contentus,
457 3983 530 4058 quod
552 3985 672 4059 quamvis·
697 3983 866 4041 collectionis
886 3982 968 4054 hujus
989 3983 1095 4040 codices
1117 3984 1178 4057 plus
1200 3985 1288 4039 miuus
1311 3985 1421 4058 triginta

164 4082 264 4142 congus
278 4071 400 4145 antiquos
421 4078 450 4126 et
464 4069 589 4126 Hadriani
604 4070 614 4126 l
636 4068 802 4144 temporibus
823 4086 954 4143 suppares
976 4070 1168 4132 consuluerim.
1185 4086 1218 4125 ne
1233 4086 1316 4126 uuum
1332 4078 1420 4126 tamen

160 4153 264 4212 maele
278 4157 400 4222 nancisci,
422 4156 450 4212 in
473 4173 528 4230 quo
544 4156 690 4231 quidquam
705 4155 819 4230 amplius
840 4150 1015 4228 exstiteriti).
1046 4155 1075 4211 lu
1095 4156 1209 4212 concilio
1231 4155 1421 4212 Constantino·

153 4238 277 4318 poldane
295 4239 346 4297 sub
365 4239 441 4298 liena
455 4251 508 4298 act.
525 4241 631 4298 Vlocta
645 4248 702 4306 est,
723 4239 925 4315 postulantibus
941 4241 1105 4315 apostolieae
1126 4241 1197 4298 sedis
1213 4241 1319 4316 legatis,
1341 4252 1372 4297 ut
1387 4241 1420 4296 dc

151 4330 256 4388 Sereno
277 4334 303 4383 et
324 4325 405 4384 Petro
424 4327 489 4402 quid
509 4326 612 4402 pridem
634 4326 783 4384 decreuerit
804 4329 860 4401 ipsa
882 4326 1030 4401 apostolica
1051 4325 1130 4383 sodes
1146 4327 1317 4383 manifestum
1332 4325 1418 4382 fieret.

146 4420 191 4475 Ae
203 4413 294 4491 primo
309 4412 418 4490 quldem
433 4429 490 4469 mm
506 4413 587 4470 latine
602 4413 670 4488 legit
686 4412 775 4469 llcnas
791 4412 878 4469 lector
898 4420 925 4468 et
946 4413 1146 4470 secundicerius
1172 4415 1340 4470 notariorum
1356 4428 1419 4485 apo·

141 4500 267 4562 scalmo
280 4496 353 4555 sedis
368 4515 402 4556 en
416 4500 484 4556 actis
498 4498 569 4574 apud
584 4500 659 4574 ipsos
674 4497 808 4555 Romanos
825 4501 992 4573 exscriptam,
1009 4507 1066 4555 tum
1081 4516 1204 4573 graecam
1221 4498 1420 4573 interpretatio·

138 4604 209 4650 ιω
223 4585 442 4658 Christopborus
458 4584 587 4642 diaconus
608 4587 730 4642 notarius
752 4592 780 4640 et
795 4586 957 4641 secretarius
972 4586 1102 4646 recitavit.
1134 4585 1205 4641 llaec
1219 4583 1417 4658 interpretatio,

138 4691 214 4756 guae
229 4689 249 4729 a
265 4670 355 4728 lstiuis
375 4670 500 4728 sensibus
519 4671 656 4729 interdum
677 4670 791 4735 aberrat,
814 4671 880 4727 actis
895 4670 1017 4742 ejusdcm
1031 4671 1128 4747 spnodi
1143 4672 1252 4735 inserta,
1277 4686 1337 4726 eum
1353 4670 1418 4744 ipsis

207 4877 234 4943 ¹)
256 4871 336 4928 Idem
354 4876 388 4927 de
399 4859 455 4928 iliis
467 4869 593 4927 c'nsdem
604 4869 727 4929 familiae
741 4869 882 4927 codicibus
893 4887 994 4928 norem
1006 4870 1213 4943 antiquissimis,
1231 4887 1300 4942 quos
1311 4867 1418 4926 Romae
1434 4853 1437 4859 ¹

138 4942 265 5017 aspexi,
282 4939 441 4998 mnndum
492 4940 557 5012 Eat]
