3412 5664
540 345 735 397 EPISTOLAE
760 337 904 395 17--19.
1296 333 1357 399 731

73 503 239 586 libertas,
273 503 388 587 quibus
415 501 508 566 nohis
535 500 682 565 doctrina
711 501 744 565 et
766 500 968 565 incolumitas
995 505 1102 566 vestra
1133 502 1262 587 floreat,
1296 505 1357 569 fre-

74 607 255 691 quentate.
307 605 352 669 Et
373 607 409 669 ut
435 627 532 688 supra
560 603 773 688 speravimus,
807 604 978 668 ambienda
1005 603 1098 669 nobis
1127 605 1357 671 venerabilium

74 707 297 793 reliquiarum
319 707 461 772 conferte
483 706 658 790 praesidia:
681 727 814 790 quorum
836 706 924 770 cultu
944 709 977 770 et
992 706 1211 772 beatissimum
1225 707 1356 773 Petrum

74 809 117 875 in
143 809 274 893 virtute,
298 813 331 875 et
351 831 407 875 vos
429 831 554 894 semper
576 808 695 873 habere
716 829 895 872 mereamur
915 807 950 872 in
973 830 1115 873 munere.

587 960 771 1064 Epistola
798 960 852 1044 18.

332 1147 345 1178 ι
395 1114 547 1183 ltnnodii
570 1114 615 1180 ad
638 1113 889 1196 Symnraohum
912 1133 1050 1198 papam.

420 1256 494 1307 Victo
511 1255 644 1305 schismate
660 1256 777 1319 pontifici
793 1270 821 1305 ae
838 1256 1030 1308 recommendat.

242 1371 448 1436 Ennodius
470 1392 604 1455 papae.

173 1491 327 1559 Caelestis
351 1491 524 1556 utilitatem
546 1491 728 1576 sequacium
757 1512 833 1555 cura
859 1490 1016 1575 disponit,
1051 1491 1254 1576 inauspicata
1275 1493 1356 1558 hene

72 1596 122 1661 de
153 1594 225 1659 Deo
251 1593 448 1658 merentibus
476 1594 560 1657 dona
587 1592 784 1658 tribuuntur.
841 1593 967 1678 Ingerit
993 1615 1131 1678 superna
1160 1594 1356 1680 dispensatio

72 1697 188 1762 etiam
214 1696 298 1781 quod
325 1695 505 1781 supplicare
532 1694 716 1761 humanitas
743 1717 808 1759 non
837 1695 1022 1780 praesumit.
1067 1696 1282 1781 Agnoverunt
1303 1699 1356 1762 atl-

72 1798 221 1865 versarii
243 1797 327 1863 sedis
349 1801 484 1882 vestrae,
508 1820 570 1883 quo
592 1801 819 1883 propugnante
838 1798 1025 1882 vincantur,
1047 1798 1131 1883 quod
1153 1799 1296 1883 proxime
1318 1800 1356 1864 de

74 1899 324 1987 Aquilejensi¹)
345 1900 542 1986 Redemptor
570 1902 680 1964 noster
712 1921 849 1983 persona
882 1900 1046 1964 reseravit.
1102 1900 1146 1965 Et
1172 1900 1244 1966 ideo
1271 1901 1357 1965 inter

72 2000 279 2069 excellentia
299 2023 467 2067 munerum
490 2001 669 2066 divinorum
691 2004 782 2086 peto,
815 2005 852 2066 ut
878 2003 941 2066 mei
970 2024 1087 2067 corona
1115 2007 1222 2068 vestra
1248 2004 1356 2068 memi-

73 2105 176 2171 nisse
196 2126 263 2169 nou
286 2104 418 2169 abnuat.
446 2104 570 2169 Invitat
592 2104 678 2168 enim
702 2104 741 2168 ad
755 2103 976 2168 famulandum
991 2105 1155 2190 plurimos,
1179 2106 1232 2191 qui
1248 2128 1356 2191 quam-

74 2206 136 2273 vis
158 2206 256 2293 longe
277 2207 417 2291 positum
439 2206 548 2291 diligit
570 2206 809 2290 obsequentem.
853 2205 943 2271 Vale.

590 2358 773 2463 Epistola
799 2359 854 2443 19.

397 2512 551 2579 Ennodii
573 2511 617 2578 ad
640 2510 890 2593 Symmachum
913 2531 1053 2597 papam.

10 2658 62 2709 aa.
145 2654 290 2705 famulatur
307 2655 347 2704 aui
362 2653 505 2719 obsequium
522 2653 645 2703 exhibens
662 2653 693 2702 de
712 2654 820 2719 quadam
838 2654 963 2718 Iepatione
980 2655 1081 2705 litteras
1098 2656 1169 2720 ipsas
1186 2657 1303 2720 epueopi

581 2738 721 2802 referentia
738 2739 842 2788 iudicat.

240 2853 446 2920 Ennodius
469 2855 609 2920 domno
631 2875 767 2938 papae.

171 2970 314 3058 Pervigil
336 2973 544 3038 beatitudinis
566 2976 691 3038 vestrae
714 2995 789 3038 cura
810 2975 901 3058 quasi
923 2996 1030 3038 coram
1052 2975 1189 3058 positos,
1223 2976 1258 3039 in
1281 2998 1355 3060 quo-

44 3122 49 3131 ·
79 3096 214 3161 cunque
246 3075 309 3140 loci
341 3075 422 3159 sint,
459 3075 670 3159 obsequentes
703 3076 857 3160 attendit,
896 3079 928 3140 et
956 3075 1025 3141 sine
1058 3076 1130 3140 ullis
1163 3077 1252 3141 feriis
1280 3078 1356 3141 dmn

79 3178 214 3265 gratiae
236 3177 423 3263 suffragium
445 3180 590 3262 praestat
612 3177 766 3260 expertia,
789 3177 907 3241 invitat
922 3181 1101 3243 extraneos.
1134 3179 1265 3243 Etenim
1287 3179 1355 3264 plu-

80 3301 140 3345 res
161 3280 200 3345 de
221 3279 404 3365 spectaculo
425 3278 549 3344 fructus
572 3279 743 3363 capiuntur
769 3279 886 3344 laboris
917 3280 1030 3345 alieni:
1058 3280 1133 3365 quia
1160 3281 1254 3346 discit
1283 3303 1356 3366 ope·

79 3403 159 3448 ram
187 3402 323 3466 navare,
362 3381 397 3446 in
425 3382 515 3465 eujus
542 3380 642 3445 oculis
677 3381 852 3446 redduntur
887 3383 1030 3467 praemia
1059 3384 1180 3448 sudoris
1208 3388 1241 3449 et
1270 3384 1354 3449 fidei.

79 3484 196 3569 Atque
218 3483 345 3547 utinam
365 3505 425 3567 par
446 3482 527 3547 votis
550 3485 633 3547 esset
656 3482 797 3567 effectus,
829 3486 862 3548 et
884 3485 967 3568 quod
989 3485 1085 3549 didici
1107 3507 1165 3570 pro
1187 3485 1354 3571 religione,

81 3605 248 3670 cuperem,
271 3584 401 3650 daretur
422 3584 569 3669 implere!
614 3584 751 3649 Domino
773 3586 834 3669 mi,
861 3585 1034 3651 famulatus
1057 3587 1118 3651 mei
1140 3587 1356 3653 humilitatem

81 3685 254 3770 exhibens,
277 3709 376 3772 parca
397 3688 432 3751 in
454 3687 601 3752 maximis
624 3686 803 3753 elocutione
826 3691 1007 3773 contentus,
1036 3689 1111 3774 quid
1133 3689 1268 3755 domnus
1290 3689 1356 3774 epi-

81 3810 204 3873 seopus
224 3785 325 3854 frater
352 3793 458 3854 vester
484 3811 580 3874 super
607 3789 729 3854 directa
756 3789 952 3878 legatione¹)
975 3791 1126 3875 senserit,
1160 3792 1356 3877 patefacien-

81 3892 165 3957 dum
185 3891 325 3976 praefati
347 3890 465 3956 litteris
487 3891 683 3976 derelinquo.
812 3968 816 3978 Ι

586 4043 768 4147 Epistola
795 4046 853 4129 20.

391 4196 545 4263 Ennodii
568 4195 612 4262 ad
635 4194 886 4278 Symmachum
911 4217 1048 4283 papam.

10 4342 69 4395 m.
83 4336 222 4401 Pouiificir
238 4335 413 4386 liberalitatem
430 4338 528 4388 multum
540 4338 657 4397 laudans,
675 4338 800 4387 laer-edes
814 4337 896 4387 ,ilarii
911 4340 1043 4402 rapicndum
1061 4342 1175 4404 desiranti
1192 4345 1356 4397 convocemur,

241 4450 446 4516 Enuodius
468 4451 697 4537 Symmacho
719 4475 854 4537 papae.

174 4568 283 4654 Usque
310 4571 350 4635 ad
377 4571 593 4636 temeritatem
624 4594 675 4637 me
709 4572 885 4656 apostolica
914 4574 1103 4659 dignatione
1135 4576 1355 4661 promovistis:

85 4748 122 4799 18
159 4744 178 4809 ¹)
196 4740 310 4808 Nescio,
333 4759 370 4796 an
393 4741 492 4796 eadem
509 4741 651 4796 Laurentii
668 4740 883 4797 Mediolanensis
903 4743 1008 4813 legatio
1026 4744 1072 4800 hic
1088 4747 1214 4813 notetur,
1237 4763 1308 4817 quae
1326 4746 1355 4804 ia

82 4824 248 4897 Symmachi
265 4825 345 4896 epist.
359 4832 375 4881 '1
393 4828 421 4881 ot
440 4833 471 4881 19
488 4828 667 4881 memoratur.

84 4918 121 4968 19
158 4912 179 4981 ¹)
196 4908 270 4967 Sane
287 4911 386 4969 eadem
404 4913 447 4968 est
463 4910 578 4982 legatio,
596 4928 667 4981 quae
686 4929 772 4983 supra
789 4911 868 4983 epist
883 4919 897 4969 7
915 4915 1022 4969 notata.
