3450 5678
207 318 268 385 748
645 331 673 380 9.
690 328 897 377 uonursnau
919 328 1032 375 rursu

100 507 193 556 9915.
209 487 399 554 venerabilis
427 486 616 569 imperator,
651 484 689 547 de
716 485 863 567 suscepto
891 481 1106 547 moderamine
1137 483 1270 548 rectoris
1293 504 1374 548 cura
1398 483 1488 549 salu·

206 592 303 672 brior,
327 591 364 652 ut
386 588 453 671 ejus
476 586 537 651 sibi
558 587 702 651 favorem
723 607 781 670 per
803 607 899 668 opera
920 585 1005 650 bona
1029 585 1189 669 conciliet,
1213 585 1267 670 qui
1288 585 1488 651 universum

207 696 240 757 et
261 690 415 775 tribuet²)
438 692 470 753 et
484 691 576 773 reget
597 688 775 772 imperium.
814 686 952 751 Proinde
968 709 1018 752 me
1033 709 1157 773 quoque
1173 691 1205 752 et
1220 687 1350 753 domino
1366 691 1488 753 nostro

206 795 285 859 Jesu
307 791 434 858 Christo
457 790 607 855 convenit
628 790 824 874 supplicare,
859 793 895 854 ut
922 790 976 875 qui
999 790 1038 854 de
1059 789 1225 855 Ecclesiae
1247 813 1324 855 suae
1346 812 1486 856 concor·

208 896 261 960 119
282 897 423 959 vestram
444 893 598 977 pietatem
621 892 763 978 cogitare
785 892 901 975 voluit,
932 892 1019 956 hunc
1041 914 1136 976 super
1165 893 1224 957 hac
1247 896 1340 978 parte
1365 915 1486 959 conce

208 999 281 1062 dere
303 998 454 1081 dignetur
476 994 639 1059 effectum:
672 998 828 1078 quatenus
850 994 1045 1078 temporibus
1073 993 1188 1059 vestris
1215 994 1396 1059 orthodoxa
1420 995 1486 1061 fide

208 1098 370 1185 praeditus
391 1097 558 1162 universus
581 1100 738 1161 terrarum
760 1097 846 1161 orbis
869 1096 1016 1161 exsrrltet.
1061 1095 1110 1160 De
1132 1096 1182 1160 his
1204 1118 1289 1179 vero,
1313 1118 1400 1181 quae
1423 1120 1485 1184 pro

208 1200 354 1287 synodali
376 1199 627 1284 congregatione
649 1199 873 1283 praecepistis,
897 1199 973 1284 quid
994 1199 1063 1263 fieri
1086 1202 1248 1282 oporteat,
1278 1221 1336 1283 per
1357 1199 1484 1265 fratres

208 1307 241 1369 et
263 1304 464 1386 coepiscopos
486 1323 588 1385 meos,
617 1301 671 1386 qui
692 1321 826 1385 propere
849 1302 1097 1387 subsequentur,
1128 1300 1250 1385 gloriae
1277 1305 1410 1367 vestrae
1433 1303 1483 1368 in·

208 1405 365 1471 sinuanua
387 1404 552 1468 mandavi:
575 1424 708 1488 quorum
730 1403 953 1488 suggestione,
983 1403 1010 1467 si
1038 1403 1165 1467 divinus
1193 1403 1284 1467 favor
1306 1426 1380 1469 mea
1404 1409 1482 1470 vota

208 1508 421 1592 prosequitur,
446 1505 678 1589 competentius
701 1506 847 1588 poteritis
870 1506 1019 1569 universa
1041 1527 1245 1590 cognoscere.
1290 1506 1379 1571 Data
1399 1507 1479 1573 Vlll

208 1610 283 1674 Idus
304 1608 384 1673 Julii
406 1608 569 1673 Florentio
593 1607 731 1673 conside.

724 1792 906 1898 Epistola
932 1794 954 1876 7

819 1946 868 1984 seu

88 2047 93 2056 “
123 2009 150 2055 ι’
177 2043 198 2122 Ι·
279 2042 473 2110 Indiculns,
502 2042 564 2110 qui
586 2043 688 2112 dutus
710 2044 763 2097 est
783 2040 939 2097 Ennodio
961 2044 996 2097 et
1016 2042 1205 2098 Fortunato
1227 2041 1410 2112 episcopis,

302 2145 472 2202 venantio
493 2145 709 2212 presbytero,
732 2142 840 2199 vitali
862 2143 1020 2211 diacono,
1045 2147 1079 2200 et
1101 2143 1220 2200 Hilaro
1243 2145 1388 2203 11919119.

245 2274 371 2337 Quomodo
387 2276 414 2325 in
431 2277 556 2340 leporinae
573 2291 619 2325 ma
636 2277 673 2325 ad
684 2275 846 2325 Anactorium
864 2277 1041 2339 imperatorem
1059 2291 1086 2324 se
1102 2291 1203 2340 perere,
1222 2277 1285 2341 quit
1295 2277 1329 2327 de
1340 2278 1445 2342 stupetis
1481 2294 1503 2347 p.
1511 2280 1550 2329 ms

556 2363 639 2411 caasa
656 2361 813 2424 respondere
831 2359 949 2422 debeant,
967 2360 1131 2424 praescribit.

297 2494 324 2557 1.
365 2493 445 2559 Cum
466 2493 526 2558 Dei
550 2494 707 2579 adjutorio
735 2497 768 2558 et
789 2493 987 2558 orationibus
1014 2492 1231 2577 apostolorum
1253 2495 1421 2560 venientes
1442 2496 1471 2560 in

209 2599 317 2681 partes
333 2594 550 2679 Graeciarum,
573 2597 600 2660 si
624 2596 763 2681 episcopi
787 2595 945 2660 voluerint
966 2617 1140 2678 occurrere,
1164 2597 1199 2659 in
1221 2617 1285 2681 qua
1300 2597 1404 2680 decet,
1425 2619 1471 2662 ecs

210 2699 416 2764 veneratione
438 2698 600 2783 suscipite.
646 2698 737 2762 Etsi
760 2697 919 2762 voluerint
945 2698 1157 2762 secessionem
1166 2698 1190 2783 ¹)
1212 2719 1346 2783 parare,
1377 2699 1470 2764 nolite

211 2823 375 2886 spernere,
404 2823 445 2865 ne
472 2801 631 2885 judicetur
659 2800 789 2892 alaicis
814 2799 937 2864 nullam
964 2820 1019 2862 vos
1043 2822 1114 2864 cmn
1142 2799 1219 2884 ipsis
1248 2799 1368 2866 habere
1397 2801 1470 2867 vebs

212 2903 422 2969 concordiam.
479 2902 513 2967 Si
541 2924 614 2967 vero
643 2925 698 2967 vos
727 2902 767 2966 ad
795 2901 975 2967 convivium
1001 2923 1116 2986 rogare
1143 2903 1321 2985 voluerint,
1359 2894 1470 2968 blandi

211 3005 413 3070 excusatione
436 3027 489 3070 eos
512 3005 680 3087 declinate,
704 3005 861 3069 dicentes:
886 3008 987 3082 Orate,
1011 3018 1043 3068 ut
1060 3012 1192 3085 primum
1214 3013 1372 3085 mysticam
1393 3012 1470 3070 ittam

210 3130 342 3174 mensam
363 3129 534 3172 mercamur
555 3113 665 3172 habere
686 3128 877 3183 communem,
901 3120 930 3171 ct
944 3119 1015 3172 tuae
1037 3114 1094 3171 erit
1116 3111 1198 3171 nobis
1219 3114 1279 3171 ista
1293 3113 1468 3188 jucundior.

210 3210 372 3276 Victualis
393 3231 467 3274 vero
490 3211 539 3275 191
562 3211 588 3274 si
610 3231 673 3295 qua
695 3209 759 3274 alia
781 3209 892 3273 offerre
915 3209 1084 3292 voluerint,
1116 3212 1251 3294 excepta
1272 3213 1383 3275 tamen
1405 3210 1470 3275 snb

210 3313 370 3395 vectione,
400 3312 426 3376 si
450 3334 545 3376 causa
567 3312 729 3396 poposcit,
758 3311 858 3376 nolite
887 3312 1062 3394 suscipere:
1094 3311 1149 3376 sed
1176 3310 1287 3376 taliter
1315 3315 1468 3394 excusate,

210 3414 293 3480 nihil
314 3414 422 3478 deesse
445 3414 598 3496 dicentes,
623 3417 789 3498 sperantes
811 3413 919 3497 etiam,
943 3417 980 3478 ut
1001 3414 1125 3478 animos
1148 3436 1219 3478 suos
1240 3413 1332 3478 vobis
1355 3436 1469 3481 accom-

210 3517 354 3600 modent,
393 3515 447 3580 ubi
471 3520 546 3579 sunt
568 3519 599 3580 et
621 3516 705 3580 dona
733 3519 765 3580 et
787 3514 918 3580 divitiae
947 3521 980 3580 et
1002 3516 1118 3580 caritas
1148 3519 1181 3581 et
1202 3516 1311 3580 unitas
1335 3521 1367 3581 ct
1389 3516 1469 3602 quid·

210 3619 285 3703 quid
309 3617 348 3681 ad
370 3618 523 3703 gaudium
544 3618 730 3702 religiosum
752 3621 874 3682 certum
897 3621 946 3682 est
966 3618 1171 3703 pertinere²).

294 3721 325 3788 2.
372 3719 451 3785 cum
478 3721 540 3784 ista
569 3720 769 3784 ordinatione
796 3719 865 3784 Deo
892 3720 1030 3804 propitio
1059 3718 1374 3805 Constantinopolim
1407 3742 1468 3807 pcr-

210 3823 385 3905 venientcs,
409 3821 462 3899 ibi,
476 3816 623 3903 secedite,
648 3822 701 3886 ubi
723 3821 919 3886 ordinaverit
937 3822 1207 3886 ‘clementissimus
1229 3821 1470 3907 imperator3ct

211 3927 382 4008 antequam
403 3925 509 4007 ipsum
530 3924 675 4006 videatis,
699 3923 779 3987 nulli
795 3923 877 3988 detis
892 3924 932 3988 ad
947 3946 1003 3989 vos
1017 3923 1166 3988 verriendi
1186 3923 1366 4005 licentiam,
1387 3948 1469 4012 prae

211 4029 260 4090 ter
281 4047 359 4111 quos
381 4026 485 4110 pietas
507 4026 576 4109 ejus
591 4025 724 4090 miserit.
758 4025 874 4091 Postea
888 4029 998 4090 tamen
1012 4048 1108 4110 quam
1124 4026 1304 4111 principem
1320 4027 1468 4109 videritis,

277 4302 299 4368 ²)
315 4298 367 4353 Ed.
386 4302 472 4352 tribuit
489 4310 514 4352 et
530 4305 605 4368 repit.

228 4391 242 4439 7
279 4388 298 4452 ¹)
317 4384 351 4439 G¹
366 4387 392 4438 a*
411 4390 602 4447 successionem,
621 4383 771 4439 retinemus
790 4401 851 4439 cum
869 4386 887 4439 b
902 4402 935 4439 cc
951 4392 1124 4441 secessionem.
1160 4385 1221 4450 Qua
1237 4403 1306 4442 1999
1324 4386 1471 4458 hospitium

210 4468 329 4538 intelligi
347 4468 476 4523 discimus
495 4486 527 4523 ex
545 4469 673 4524 subnexis
691 4469 770 4524 initio
788 4488 862 4524 num.
881 4476 909 4523 2:
933 4475 976 4524 Itu·
992 4477 1116 4534 secedite,
1135 4474 1177 4524 uti
1194 4477 1355 4525 ordinaverit
1372 4479 1470 4526 cim

211 4561 319 4610 tissimus
336 4561 483 4622 imperator.
517 4554 580 4608 Non
599 4555 757 4625 displiceret
773 4555 868 4609 tamen
885 4559 1075 4610 subnectiouem.
1110 4556 1183 4610 Nam
1201 4555 1231 4609 ct
1248 4556 1321 4611 harro
1338 4556 1473 4627 suscipere

211 4637 360 4694 Hormisdu
375 4637 449 4694 inira
465 4639 611 4709 permittit.
642 4639 703 4704 Qua
720 4638 755 4692 de
772 4655 802 4693 rc
820 4657 929 4694 rursum
939 4640 1017 4710 epist.
1031 4648 1064 4695 49
1082 4659 1108 4695 n.
1126 4647 1137 4694 1
1156 4641 1280 4695 mentem
1293 4658 1374 4697 susm
1386 4639 1473 4713 sperit

211 4723 253 4779 his
270 4723 375 4779 verbist
399 4729 487 4795 Neque
504 4729 535 4778 ab
554 4729 591 4778 tis
608 4731 727 4779 victualia
742 4733 911 4794 praesumatis
928 4732 1059 4795 accipere,
1080 4730 1342 4787 abundantiorem,
1358 4732 1385 4782 si
1399 4746 1473 4782 cm

210 4815 372 4879 poposcerit,
390 4822 417 4863 et
432 4814 636 4878 mapitattaceu.

279 4896 300 4962 ²)
318 4894 352 4949 G¹
371 4901 494 4959 retinere,
513 4896 541 4950 et
559 4894 658 4950 deindc
675 4901 810 4951 succedite.
