3450 5678
268 330 290 393 4
643 346 778 393 uonrra
801 344 952 392 enanvra
975 346 1012 391 vu
1034 345 1156 393 ramam

269 506 296 561 Si
312 514 402 562 autem
416 504 504 562 editor
519 504 653 561 Romanus
676 515 731 561 tres
753 505 812 561 illas
834 505 961 579 epistolas
979 505 1132 562 Cresconio
1153 512 1274 578 acceptas
1295 503 1388 566 refert,
1410 503 1532 561 codicem

268 589 470 646 vallicellanum
486 589 533 646 Ab
550 599 596 646 aul
610 593 701 665 potius
717 589 774 660 ejus
791 590 966 664 apographon
982 590 1136 646 Vaticanum
1153 589 1244 654 1353,
1261 605 1340 663 ιιιιιιιι
1356 588 1392 645 ibi
1406 591 1534 663 sequitur

269 676 370 749 quique
391 691 483 731 revera
499 674 645 731 Hadrianus
661 682 703 730 est
718 675 765 731 sed
781 673 939 748 quibusdam
956 674 1142 731 additamentis
1157 683 1267 736 auctus,
1288 672 1339 730 sub
1355 672 1403 730 illo
1419 675 1531 731 nomine

269 759 359 816 laudat
368 756 399 831 ¹).
1289 800 1298 816 .

353 844 382 900 2.
397 845 427 901 ln
442 845 521 901 alium
538 844 650 901 ollendit
665 844 806 919 scopulum
822 845 985 901 clarissimus
1002 843 1099 907 editor,
1116 860 1199 918 quum
1214 845 1322 900 Ascanii
1337 843 1480 917 epistolam
1491 844 1530 900 13

269 931 392 1003 sequenti
408 931 574 1004 postposuit,
590 929 672 1002 idque
687 946 720 985 en
734 932 898 992 memoratis,
913 937 942 984 ut
957 929 1071 990 videtur,
1087 928 1194 984 concilii
1208 927 1320 985 Romani
1336 930 1415 991 actis,
1432 928 1533 1002 quibus

267 1017 375 1071 inverso
392 1014 442 1070 hoc
458 1014 552 1070 ordine
571 1016 672 1070 inserta
688 1013 747 1070 luit.
779 1013 857 1082 Quod
873 1031 927 1088 qno
943 1030 1007 1070 casu
1022 1015 1149 1075 evenerit,
1170 1013 1248 1069 lacile
1263 1013 1421 1071 advertitur.
1451 1015 1534 1070 Asca·

269 1101 329 1156 nius
344 1108 372 1155 et
387 1100 469 1155 ceteri
481 1098 687 1155 Tarraconensis
699 1100 851 1174 provinciae
863 1101 982 1173 episcopi
994 1100 1110 1172 priinum
1124 1097 1214 1154 llilaro
1227 1100 1368 1172 scripsere,
1385 1098 1418 1154 de
1430 1097 1533 1154 Silvani

269 1185 387 1258 episcopi
407 1183 590 1240 molitionibus
612 1184 738 1239 adversus
760 1184 887 1241 ccclesiae
908 1200 1024 1240 canones
1046 1183 1259 1257 expostulantes.
1305 1183 1414 1239 interim
1438 1182 1533 1239 llilaro

269 1285 323 1325 non
343 1270 433 1324 statim
454 1268 636 1342 respondente
651 1269 699 1324 sed
715 1268 813 1325 Silvani
828 1268 1030 1332 defensionem,
1053 1277 1083 1324 ut
1102 1267 1208 1323 videtur
1229 1275 1256 1324 ct
1278 1269 1389 1324 maxime
1409 1266 1533 1330 decebat,

268 1355 406 1428 operiente
422 1355 545 1427 contigit,
562 1361 592 1408 ut
607 1353 786 1410 Nundinarins
799 1354 1002 1410 Barcinonensis
1018 1355 1131 1409 antistes
1141 1354 1303 1423 ¹imminente
1320 1360 1407 1409 morte
1422 1369 1534 1409 succes-

267 1455 357 1494 sorem
371 1437 422 1494 sibi
437 1438 569 1512 deligeret
582 1438 721 1495 irenaeum
736 1441 822 1494 virum
838 1441 956 1495 omnium
968 1436 1071 1508 judicio
1088 1437 1150 1493 huic
1165 1439 1241 1493 oneri
1255 1454 1355 1512 parem.
1385 1437 1466 1493 Novis
1482 1439 1534 1494 ita·

269 1539 321 1596 que
336 1522 433 1579 litteris
448 1522 528 1579 iidem
543 1525 663 1598 episcopi
678 1540 739 1579 cnm
754 1524 893 1579 honoratis
909 1524 1063 1597 provinciae
1070 1522 1190 1578 Hilarum
1203 1521 1327 1579 adierunt
1342 1524 1419 1579 enixe
1434 1529 1534 1597 postu·

268 1608 362 1671 lantes,
390 1606 448 1678 ejus
475 1607 634 1664 electionem
661 1607 785 1664 omnibns
811 1616 945 1683 acceptam
972 1606 1076 1663 hrmare
1102 1624 1136 1663 ue
1162 1615 1328 1681 gravaretur.
1373 1606 1427 1664 Sed
1456 1606 1533 1663 dubii

268 1691 418 1756 haerentes,
435 1700 525 1748 utrum
541 1695 645 1766 priores
661 1693 766 1749 litterae
781 1692 900 1750 redditae
915 1693 1044 1756 inissent,
1061 1709 1152 1748 earum
1168 1692 1319 1766 exemplum
1336 1693 1377 1748 his
1392 1694 1531 1767 posterio-

267 1776 341 1833 ribus
356 1776 451 1848 subjici
467 1787 603 1834 curarunt.
627 1778 680 1834 llae
696 1778 763 1834 duae
777 1780 861 1854 igitur
877 1778 1007 1852 epistolae
1022 1777 1102 1832 simul
1115 1779 1278 1851 inversoque
1291 1777 1385 1833 ordine
1398 1786 1531 1840 armatae,

268 1864 398 1918 continuo
415 1861 447 1917 ad
464 1861 583 1918 llilarum
599 1880 715 1935 moxque
731 1863 763 1919 ad
779 1872 886 1921 coetum
907 1865 1109 1937 episcoporum,
1131 1878 1203 1935 quos
1223 1865 1444 1920 anniversarius
1465 1865 1534 1935 ejus

267 1948 329 2003 dies
350 1955 557 2021 conpreparat,
585 1947 687 2005 delatae
710 1946 800 2022 ibique
826 1949 952 2004 recitatae
974 1955 1055 2021 atque
1076 1946 1171 2002 eodem
1193 1946 1287 2004 ordine
1308 1948 1393 2022 gestis
1413 1948 1533 2003 insertae

248 2032 390 2095 luerunt,
412 2049 466 2105 quo
489 2031 624 2105 hodieque
644 2034 672 2088 in
691 2032 807 2108 vulgatis
830 2032 1003 2095 exhibentur,
1030 2049 1080 2088 nec
1100 2049 1164 2088 sane
1184 2033 1242 2088 sine
1264 2034 1337 2107 gravi
1358 2031 1532 2089 incommodo

267 2115 382 2172 studiosi
397 2116 521 2181 lectoris,
539 2119 585 2190 qui
600 2119 690 2173 statim
706 2120 732 2173 in
749 2117 859 2175 exordio
876 2117 1006 2192 epistolae
1021 2115 1058 2172 ibi
1073 2118 1243 2191 praemissae,
1260 2116 1304 2173 ubi
1319 2118 1386 2173 baec
1400 2116 1534 2192 legamlur

261 2203 433 2274 jamdudum
455 2219 526 2257 sane
548 2206 643 2275 questi
660 2203 816 2275 fucramus
836 2205 870 2259 de
889 2207 1127 2274 praesumptione
1143 2201 1262 2273 Silvani,
1279 2202 1373 2258 haeret
1388 2201 1489 2276 diuque
1505 2211 1534 2258 et

267 2303 348 2360 aegre
363 2288 504 2360 exquirere
519 2288 640 2362 cogitur,
662 2288 695 2344 de
711 2288 808 2362 quibus
823 2288 921 2343 litteris
945 2288 989 2344 hio
1003 2304 1092 2343 sermo
1107 2288 1151 2342 sit.
1189 2286 1263 2343 Adeo
1286 2303 1397 2345 necesse
1418 2295 1476 2350 est,
1501 2295 1532 2343 ut

269 2373 386 2446 quisque
401 2369 480 2427 iacile
494 2374 581 2446 possit
596 2384 686 2428 rerum
702 2382 839 2447 gestarum
854 2373 951 2428 seriem
967 2374 1073 2445 assequi
1098 2380 1126 2427 et
1146 2371 1210 2445 quid
1227 2374 1253 2428 in
1271 2388 1378 2446 quaque
1394 2388 1423 2428 re
1439 2388 1533 2428 verum

267 2458 458 2530 sincerumque
469 2458 505 2512 sit
520 2456 738 2521 animadvertere,
755 2459 844 2514 omnia
859 2457 924 2513 haec
939 2459 1038 2530 scripta
1054 2457 1105 2513 rite
1120 2465 1147 2512 et
1158 2456 1235 2527 justo
1251 2457 1345 2513 ordine
1360 2456 1487 2531 prolerri.

447 2591 485 2652 In
506 2590 609 2651 Hilari
631 2591 795 2668 epistolum
817 2589 852 2650 15
874 2589 920 2667 (ot
940 2588 989 2667 16)
1011 2586 1151 2669 („Fluoio
1166 2585 1358 2668 Basiliseo“).

133 2720 182 2787 lah
199 2717 258 2787 uu]
355 2712 382 2766 1.
426 2710 461 2767 Ut
482 2712 544 2767 huic
564 2713 665 2786 scripto
687 2713 776 2769 locum
798 2714 869 2768 inter
885 2710 965 2767 llilari
987 2711 1114 2786 epistolas
1136 2711 1276 2776 daremus,
1297 2711 1431 2786 praeluxit
1451 2711 1531 2768 nobis

268 2799 440 2870 antiquorum
461 2797 622 2870 exemplum.
654 2797 758 2871 Quippe
779 2799 820 2852 his
841 2796 963 2870 epistolis
984 2797 1116 2852 insertum
1133 2796 1332 2871 admiatnmque
1347 2806 1389 2852 est
1404 2814 1489 2871 quum
1504 2799 1531 2854 iu

270 2881 383 2956 llispana
400 2889 428 2936 el
443 2881 537 2937 lsidori
553 2882 767 2944 collectionibus,
783 2884 809 2938 in
826 2881 923 2956 quibus
939 2883 1077 2956 synodale
1092 2883 1192 2938 Hilari
1205 2883 1350 2940 decretum
1365 2881 1530 2946 inscribitur,

269 2977 325 3022 tum
346 2968 373 3022 in
396 2964 545 3022 lladrianil
567 2967 659 3024 codice
684 2966 735 3023 sub
761 2967 842 3023 titulo
863 2971 1030 3041 repuleram
1053 2968 1153 3023 Hilari
1171 2984 1278 3040 papae.
1315 2966 1390 3024 Unde
1411 2975 1439 3023 et
1460 2967 1531 3042 apud

268 3053 393 3125 antiquos
406 3067 538 3108 canonum
549 3052 738 3127 compilatores
750 3052 867 3114 leonem,
876 3053 1041 3115 Anselmnm,
1050 3051 1203 3108 Gratianum
1216 3061 1244 3109 et
1255 3061 1361 3109 ceteros
1375 3054 1420 3108 uni
1432 3052 1532 3108 adscri-

268 3136 341 3193 bitur
357 3135 456 3193 llilaro.
495 3135 544 3193 llic
559 3139 650 3212 itaque
665 3137 843 3195 omittendum
859 3154 914 3193 uon
929 3137 990 3199 luit,
1011 3139 1123 3193 manime
1145 3154 1226 3212 quum
1248 3138 1336 3194 nostri
1352 3139 1388 3193 sit
1404 3139 1531 3199 instituti,

269 3223 356 3277 omnia
379 3239 546 3277 summorum
567 3222 725 3296 pontificum
752 3223 860 3279 decreta
879 3223 959 3279 simul
980 3222 1128 3297 ordineque
1149 3222 1287 3297 colligere.
1329 3221 1431 3290 Quibus
1452 3222 1530 3285 adde,

268 3315 413 3380 sequentes
429 3307 556 3380 epistolas
573 3324 624 3363 nna
639 3326 700 3364 cnm
716 3309 768 3364 hoc
780 3309 888 3365 decreto
901 3309 994 3363 missas
1007 3309 1041 3363 ita
1055 3309 1143 3381 ipsum
1154 3309 1297 3381 respicere,
1314 3316 1344 3364 ιιι
1356 3325 1389 3364 eo
1401 3307 1531 3364 distractu

269 3391 377 3446 mutilae
393 3391 591 3465 quodammodo
608 3401 634 3448 et
651 3393 739 3466 aliqua
754 3395 796 3448 sui
811 3401 887 3466 parte
902 3392 1047 3448 diminutae
1063 3392 1227 3449 viderentur.
1331 3410 1335 3425 ¹

353 3475 382 3532 2.
427 3476 482 3532 uuo
504 3484 592 3532 autem
614 3476 734 3540 llilarns,
757 3495 825 3551 qnae
846 3477 879 3532 dc
900 3476 1064 3533 Nundinario
1086 3477 1274 3534 barcinonensi
1296 3479 1416 3535 antistite
1438 3478 1531 3534 Tarra·

269 3563 394 3616 cunensis
409 3562 562 3636 provinciae
578 3563 695 3637 episcopi
708 3561 931 3639 significaverant,
946 3561 1052 3636 synodo
1064 3563 1091 3618 in
1103 3565 1197 3637 primis
1207 3562 1374 3620 discutienda
1385 3565 1530 3638 proponit:

270 3662 331 3702 enm
347 3645 470 3702 videlicet
485 3644 601 3702 tantulus
617 3647 757 3704 facultates
773 3664 835 3704 suas
851 3665 899 3703 seu
915 3647 1049 3704 modicum
1064 3649 1207 3721 peculium,
1226 3651 1304 3721 quod
1313 3653 1408 3721 poluit
1421 3649 1531 3706 habere

266 3739 443 3803 paupertas,
465 3748 620 3804 supremae
641 3736 795 3791 uoluntatis
815 3734 936 3789 arbitrio
956 3732 1066 3789 irenaeo
1088 3733 1273 3807 dereliquisse,
1295 3735 1430 3809 simulque
1449 3742 1479 3789 nt
1501 3739 1530 3791 iu

267 3819 361 3873 locum
377 3833 458 3874 suum
473 3819 696 3876 substitueretur
711 3820 864 3894 expetiisse.
889 3817 961 3886 Quae
973 3818 1027 3874 duo
1039 3817 1144 3874 Probus
1156 3820 1302 3893 episcopus
1312 3819 1409 3893 synodi
1422 3820 1531 3876 nominc

270 3918 407 3975 exponens
428 3919 458 3958 ac
477 3901 607 3967 dividens,
632 3904 745 3960 alterum
767 3903 878 3965 licitum,
900 3920 954 3960 non
976 3904 1116 3961 lercndnm
1138 3904 1253 3960 alterum
1273 3907 1441 3979 pronuntiat.
1472 3905 1531 3960 lam

270 3995 348 4042 antea
368 3987 556 4044 Theodoretus
579 3990 604 4044 h.
623 4007 647 4045 c.
663 3990 692 4052 V,
711 3990 749 4046 23
772 3988 875 4064 Evagrii
902 3991 1003 4063 pariter
1030 3989 1158 4046 ecclesiae
1179 3990 1363 4046 Antiochenae
1383 4007 1397 4045 a
1417 3989 1530 4046 Paulino

270 4072 397 4146 praelecti
413 4072 608 4129 ordinationem
623 4073 832 4149 improbaverat:
854 4076 1051 4148 Neqneeuim,
1068 4073 1164 4145 ajebat,
1181 4091 1308 4132 canones
1323 4079 1455 4132 morienti
1470 4079 1530 4149 epi·

269 4173 356 4229 scopo
374 4162 551 4231 permittunt,
577 4167 607 4215 ut
630 4178 683 4216 suo
703 4163 766 4216 loco
787 4176 956 4234 quemquam
977 4163 1141 4217 constituat.
1179 4161 1217 4216 hc
1237 4178 1301 4216 vero
1323 4160 1458 4216 lohannes
1477 4163 1530 4217 hn-

270 4242 411 4299 liochenus
433 4243 583 4317 presbyter,
605 4245 785 4301 aJnstiniano
802 4247 961 4319 imperatore
977 4247 1003 4301 in
1020 4243 1142 4318 Eutychii
1158 4246 1324 4319 patriarchae
1339 4244 1530 4302 Constantino·

268 4328 380 4402 politani
392 4328 481 4384 locum
493 4328 630 4394 sullectus,
647 4332 673 4386 in
685 4349 732 4387 sua
744 4348 876 4387 canonum
892 4330 1053 4388 collectione
1069 4333 1110 4386 tit.
1119 4330 1151 4384 Vl
1163 4331 1340 4405 apostolicum
1352 4348 1481 4388 canonem
1490 4332 1530 4389 75

268 4413 499 4470 ethntiochennm
515 4431 538 4470 c.
548 4415 587 4471 23
604 4416 695 4479 edidit,
712 4415 809 4490 quibus
826 4417 890 4473 haec
905 4415 1033 4472 ecclesiae
1049 4415 1188 4488 disciplina
1204 4415 1356 4489 firmissime
1368 4416 1528 4473 adstruitur.

269 4498 297 4553 ln
309 4501 400 4572 priore
412 4498 525 4573 legitur:
542 4501 625 4568 (lund
637 4520 693 4558 nou
710 4509 822 4574 oportet
834 4505 1005 4575 episcopum,
1019 4501 1116 4573 fratri
1129 4504 1173 4557 uel
1182 4505 1243 4573 filio
1255 4504 1298 4559 uel
1309 4505 1397 4559 alteri
1407 4511 1530 4576 comiaclo

267 4588 488 4656 gratificantem,
502 4586 751 4659 coepiscoporum
766 4604 848 4659 quem
864 4591 923 4643 orell
938 4591 1053 4659 eliqere.
1089 4589 1285 4660 Episcopatus
1299 4591 1371 4644 euim
1387 4588 1531 4644 haeredes

265 4668 371 4739 facere
379 4672 494 4742 justum
509 4689 565 4728 non
582 4681 632 4738 est,
657 4688 691 4729 ea
707 4687 782 4747 quae
799 4674 854 4729 liri
866 4680 934 4729 suut
948 4673 1074 4728 humanu
1090 4674 1249 4744 affectione
1268 4676 1454 4745 larqieutem:
1475 4690 1530 4730 mec

337 4836 355 4899 ¹)
374 4832 452 4896 Quod
471 4833 544 4887 idern
562 4833 743 4888 clunsaimum
761 4834 901 4888 urinalium
920 4836 1064 4903 parentem
1083 4834 1231 4889 Buronium
1255 4836 1358 4901 fucere,
1381 4834 1426 4890 hic
1444 4836 1530 4890 sarmul

267 4899 406 4953 monuisse
425 4901 556 4967 sufficiat-3
575 4899 645 4956 coni.
665 4921 749 4972 siaprn
767 4904 855 4957 l'ruel.
876 4904 996 4970 general.
1017 4909 1059 4964 ,ιιι
1080 4922 1104 4956 ιι.
1116 4911 1139 4957 t.
