3412 5664
317 304 381 366 262
771 322 798 363 s.
818 317 952 363 sarnus
976 316 1001 361 n
1025 314 1138 361 rarus

222 472 443 557 a.tatquaerit
465 475 604 553 crectus3
633 474 665 534 et
693 493 749 554 per
778 468 1075 554 dispensationis²¹)
1103 471 1234 532 nostrae
1256 468 1490 553 ministerium,
1522 469 1609 554 quod

206 556 303 609 &⁴⁸⁸
318 579 458 639 vestram
486 574 575 658 sequi
605 573 755 637 contenit
784 572 952 636 caritatem
984 592 1044 634 nec
1071 569 1167 634 alicui
1194 570 1245 633 fas
1276 572 1326 635 est
1352 569 1406 635 vel
1434 570 1526 636 velle
1557 572 1608 637 vel

319 698 411 763 posse
439 676 676 757 transcendere,
707 696 820 738 causas
842 674 922 757 ejus,
951 673 1005 757 qui
1038 674 1151 736 contra
1179 671 1390 755 apostolicam
1416 673 1608 739 doctrinam

318 781 361 843 ad
383 779 587 843 iterationem
610 799 644 841 sc
666 777 762 840 nimis
784 776 962 840 infaustam
985 773 1190 858 baptismatis
1212 772 1344 857 dedidit,
1368 774 1421 839 vel
1436 777 1527 860 ejus,
1551 777 1608 863 qui

216 893 222 904 “
320 880 478 965 aliquibus
506 879 703 963 argumentis
737 878 953 942 excusandum
985 876 1099 942 callide
1133 876 1300 961 proprium
1327 878 1501 960 putaverit
1536 900 1608 945 essa

320 1004 519 1064 eonsensum,
551 980 741 1045 sacerdotali
769 981 879 1065 rigore
907 984 940 1044 et
967 978 1169 1043 humanitate
1199 980 1392 1061 tractemus,
1421 982 1463 1045 ut
1492 981 1531 1045 in
1559 982 1608 1047 eis

254 1120 258 1131 ·
319 1085 408 1165 fides,
438 1106 518 1168 quae
543 1083 606 1147 nisi
629 1086 678 1147 est
699 1105 763 1146 uua
782 1083 850 1166 jam
873 1082 963 1146 nulla
985 1085 1045 1165 est,
1076 1080 1234 1165 adjutorio
1256 1080 1388 1145 Domini
1412 1081 1543 1166 judicis
1565 1084 1609 1149 ad

320 1186 455 1250 salntem
478 1187 547 1250 sine
564 1188 692 1249 nostrae
708 1183 990 1269 properationisw)
1006 1183 1182 1251 ‹riensione
1197 1186 1380 1267 reparetur:
1405 1184 1487 1269 quia
1502 1206 1607 1271 quum

319 1288 497 1372 peccatoris
520 1311 539 1351 a
561 1288 654 1351 nobis
676 1287 855 1351 satisfactio
879 1286 1088 1370 protrahitur,
1116 1308 1184 1351 nou
1211 1288 1340 1370 praeter
1359 1288 1516 1351 nostram
1537 1286 1608 1353 lau·

320 1390 391 1454 deru
414 1394 510 1474 atque
531 1390 689 1453 laetitiam
714 1412 804 1453 mens
834 1390 902 1473 ejus
925 1388 965 1452 ad
987 1389 1115 1459 veniam
1137 1387 1306 1473 purgatior
1332 1386 1517 1453 invenitur.
1563 1389 1611 1455 lat

319 1492 390 1555 ideo
412 1492 632 1573 memineritis,
656 1491 860 1576 henesnper
881 1490 932 1555 his
954 1512 1013 1555 nos
1035 1490 1154 1555 habere
1177 1488 1384 1572 sententiam,
1412 1494 1452 1554 ut
1474 1498 1618 1583 servata¹

320 1593 512 1657 discretione
535 1595 738 1677 peccantium
761 1616 826 1657 nou
850 1592 960 1657 eadem
983 1592 1101 1676 cerreti,
1125 1592 1180 1677 qui
1202 1591 1285 1676 lapsi
1299 1594 1388 1674 sunt,
1411 1592 1515 1659 lance
1529 1602 1612 1679 peri·

321 1699 447 1759 sentur:
476 1696 626 1780 quoniam
648 1695 779 1779 majoris
809 1695 1033 1780 castigationis
1055 1698 1105 1759 est
1127 1693 1304 1780 exigendus
1325 1695 1525 1784 usuram²³),
1558 1696 1613 1763 eui

322 1797 433 1862 domtrs
456 1797 586 1862 Domini
611 1798 779 1862 commissa
801 1798 901 1861 fuerit
922 1796 1104 1881 disciplina.

883 1986 965 2052 Car.
988 1984 1032 2048 ΙΙ.

406 2104 436 2168 5.
474 2103 519 2168 Ut
544 2126 621 2191 ergo
644 2106 684 2170 ab
707 2104 918 2191 Ecclesiae²¹)
946 2104 1186 2169 summitatibus
1208 2102 1407 2189 inchoemus,
1432 2127 1505 2191 eos,
1529 2128 1615 2193 quos

323 2206 498 2290 episcopos,
522 2207 724 2291 presbyteros
747 2208 797 2271 vel
820 2207 970 2272 diaeorms
990 2206 1090 2271 fuisse
1114 2206 1305 2291 eonstiterit,
1329 2210 1363 2272 et
1377 2228 1435 2273 seu
1452 2212 1615 2295 optantes

322 2308 460 2372 forsitan
482 2330 537 2372 seu
561 2314 689 2374 coacbrs
711 2310 831 2374 lavacri
854 2308 939 2373 illius
966 2308 1053 2373 unici
1076 2309 1287 2394 salutarisque
1310 2294 1470 2375 claruerit
1491 2310 1615 2379 fecisse

320 2411 490 2493 jammam,
515 2415 548 2475 et
570 2411 744 2495 Christum,
773 2433 867 2496 quem
893 2434 958 2474 non
980 2412 1083 2475 solnm
1105 2411 1189 2476 dono
1211 2412 1474 2497 regenerationis
1497 2434 1615 2481 varum

326 2514 423 2577 etiarn
452 2513 559 2598 gratia
585 2515 730 2599 percepti
753 2513 883 2577 honoris
905 2512 1090 2595 induerant,
1113 2514 1248 2596 exuisse,
1275 2534 1374 2599 quum
1396 2518 1535 2581 censat
1557 2538 1615 2583 ne·

323 2616 443 2679 mirmur
476 2614 515 2678 ad
543 2615 716 2679 secundam
749 2616 940 2679 tinctionem
969 2615 1078 2679 venire
1106 2616 1257 2700 potuisse,
1286 2615 1349 2680 nisi
1379 2638 1414 2681 se
1445 2616 1614 2707 palamst)

324 2717 542 2783 Christianum
570 2718 738 2803 negaverit
771 2722 802 2781 et
830 2718 990 2801 professus
1017 2717 1114 2781 fuerit
1141 2740 1175 2781 se
1203 2738 1272 2783 esse
1301 2738 1491 2803 paganum:
1525 2722 1614 2807 quod

324 2842 419 2903 quum
442 2819 637 2904 generaliter
659 2820 758 2884 sitin
780 2819 928 2883 omnibus
955 2819 1196 2902 exsecrandum,
1225 2820 1328 2884 multo
1347 2821 1460 2907 magis
1484 2820 1522 2889 in
1546 2824 1614 2909 api·

324 2921 444 3006 scopis,
475 2921 670 3005 presbyteris
704 2924 736 2986 et
764 2921 951 2987 diaconibus
984 2922 1095 2986 ariditu
1123 2922 1239 2987 saltem
1266 2922 1418 3008 dictuque
1448 2926 1617 3010 probatur

391 3180 423 3245 Ἰ)
442 3177 516 3231 Editi
535 3180 662 3246 (excepto
674 3177 715 3243 11¹)
734 3182 910 3246 dispositionis
928 3187 1041 3245 nostrae,
1060 3176 1161 3231 deiude
1179 3179 1205 3231 c²
1223 3184 1372 3247 stiparet-tarr,
1390 3178 1616 3251 refragantibus

325 3282 389 3318 ruse.
421 3263 499 3317 Serio
517 3264 626 3317 mature
645 3261 849 3330 diligenterque
863 3262 1015 3317 examinari
1033 3262 1093 3316 turlt
1105 3262 1182 3315 Felix
1201 3278 1298 3318 causas
1311 3278 1418 3329 eorum,
1439 3264 1493 3335 qui
1504 3266 1616 3339 baptis·

325 3368 401 3403 urum
420 3349 447 3401 in
465 3366 494 3403 se
512 3346 670 3427 iterari-vol
688 3350 844 3415 spontanea
863 3347 1006 3401 rolrmtato
1025 3347 1069 3401 vcl
1088 3361 1222 3401 consensu
1238 3346 1438 3418 permiserunt,
1457 3366 1514 3407 nee
1531 3368 1616 3423 prae·

325 3450 474 3503 properant
494 3431 532 3485 eis
550 3431 660 3486 reniam
678 3431 800 3485 concedi.

393 3521 425 3575 ²²)
443 3517 505 3570 atsi.
525 3517 547 3569 0
567 3519 594 3570 et
613 3516 681 3570 editi
700 3522 870 3585 operationis,
904 3517 964 3570 111³
980 3504 1204 3587 praeparationis,
1228 3516 1320 3572 verim
1338 3516 1388 3573 alii
1405 3519 1511 3585 (stiam
1524 3522 1617 3579 litii*

327 3604 385 3671 ΗΝ)
403 3609 604 3671 properationis,
622 3602 648 3656 h.
661 3620 684 3656 e.
695 3602 753 3657 sine
773 3602 879 3656 offensa
897 3603 926 3656 et
937 3601 1151 3672 vituperatione,
1169 3601 1198 3656 in
1209 3620 1295 3673 quam
1306 3618 1508 3676 praepropera
1519 3607 1617 3679 lapso-

326 3706 388 3741 ram
406 3687 629 3743 reconciliatione
647 3687 827 3741 incurremus.

394 3776 426 3842 ²³)
444 3773 520 3828 Editi
537 3793 624 3836 saara,
644 3772 821 3843 corriguntur
839 3790 872 3827 cx
885 3790 950 3826 rnss.
964 3774 1060 3839 (etiam
1072 3773 1109 3827 H⁵
1120 3773 1177 3841 11⁹).
1205 3773 1287 3843 Apud
1304 3773 1381 3829 Iron.
1399 3774 1493 3845 plane
1511 3778 1617 3851 depra-

329 3861 409 3913 vatus
427 3862 471 3912 est
487 3858 533 3912 hie
550 3859 634 3912 loeus.
1352 3898 1355 3908 .

338 3951 347 3961 “
393 3946 427 4001 ²⁸)
445 3944 571 3997 Potiores
588 3961 653 3996 mss.
674 3946 781 4013 septem
798 3948 977 3998 serraraaatibas
995 3943 1091 4009 (rdiam
1109 3944 1146 3997 11²
1158 3943 1195 3998 Hl
1218 3945 1247 3998 et
1264 3943 1357 4013 prima
1373 3962 1465 4001 manu
1482 3948 1546 4017 11⁸).
1584 3950 1616 4007 In

327 4028 361 4081 ll¹
382 4030 520 4097 explanata
537 4029 581 4082 est
598 4027 694 4082 littera
712 4050 740 4090 a,
768 4028 809 4082 ita
827 4030 858 4081 ut
875 4031 962 4082 restet
979 4033 1153 4095 sarrrrrartilras,
1175 4046 1232 4084 non
1255 4028 1337 4084 male.
1378 4028 1447 4085 Non
1470 4032 1554 4091 enim
1577 4034 1616 4091 in-

328 4112 441 4180 cognita
454 4116 520 4167 erat
537 4112 670 4167 ltornania
688 4129 742 4167 vox
758 4124 891 4178 stimulates
909 4113 1008 4167 eodoru
1025 4114 1118 4181 modo,
1136 4130 1191 4183 quo
1210 4112 1311 4169 dieitur
1328 4121 1477 4183 ominatae.

395 4201 428 4263 ὓ)
447 4198 508 4250 llne
531 4197 600 4252 facit
620 4197 689 4250 illud
714 4216 735 4250 s.
749 4196 897 4266 tlugustini
919 4215 981 4251 cum
999 4198 1118 4254 Eusebio
1136 4198 1285 4259 Donatista
1307 4199 1399 4271 (epist.
1415 4208 1453 4257 36
1470 4221 1500 4259 n.
1515 4212 1547 4273 ³)
1570 4224 1617 4261 ex-

327 4281 509 4350 postulantis,
537 4282 611 4349 quod
634 4287 764 4336 catholicis
791 4287 986 4338 exsecrabiliter
1008 4290 1211 4354 persuadeatur,
1241 4296 1268 4339 ut
1289 4290 1326 4339 ari
1346 4292 1480 4343 lavacrum
1503 4298 1617 4346 altem

328 4373 436 4425 veniant.
456 4377 532 4435 atque
550 4378 576 4419 ut
594 4372 623 4420 id
639 4373 757 4434 (recipere
775 4380 931 4429 recreantur,
954 4388 1071 4437 papanos
1088 4389 1116 4423 se
1134 4389 1190 4424 esse
1207 4376 1396 4440 respondeant:
1419 4394 1490 4443 quae
1510 4396 1568 4432 aas
1585 4398 1617 4431 rie

328 4457 482 4519 procederet
502 4457 533 4504 dc
552 4471 597 4505 ore
609 4456 762 4513 Christiano,
782 4463 867 4505 latitas
884 4460 988 4521 scrupeis
1005 4466 1142 4522 rnartprara
1157 4460 1232 4522 smus
1249 4466 1297 4511 est.
1332 4455 1389 4526 ipsi
1407 4457 1501 4513 elisam
1514 4461 1617 4517 Asini

329 4535 458 4599 Vandali,
494 4552 563 4603 quos
582 4536 702 4591 sectando
721 4536 870 4603 tinxerant,
889 4536 1061 4592 Christianos
1080 4558 1110 4593 se
1128 4539 1250 4594 effecisse
1263 4539 1449 4609 jactitabant.
1486 4544 1529 4600 lis
1548 4564 1616 4604 vero

330 4619 459 4673 callioliei
477 4620 533 4673 vim
551 4619 605 4673 sibi
616 4620 718 4675 inferre
731 4622 887 4676 volentibus
899 4625 1050 4677 reclamare
1063 4624 1203 4680 solebant:
1222 4628 1380 4691 ‚tamari
1389 4634 1506 4683 ernust.
1527 4630 1617 4701 Cnjm

330 4703 371 4757 rei
388 4703 485 4757 l'ieter
497 4704 618 4758 Viteuais
635 4705 698 4759 hist.
715 4722 820 4774 perere.
831 4706 920 4762 Vand.
940 4708 957 4760 l.
972 4708 995 4761 V
1013 4709 1094 4778 plura
1111 4710 1219 4778 profert
1235 4710 1365 4780 exempla
1381 4704 1617 4787 nominatimque

331 4808 414 4843 uuuru
433 4790 562 4845 nilhntuli
580 4791 733 4859 septennia,
758 4790 801 4845 cui
819 4791 904 4846 eliam
923 4810 940 4847 a
957 4796 1047 4847 iurare
1065 4798 1195 4865 separato
1222 4812 1252 4850 os
1270 4795 1405 4851 obturare
1425 4799 1524 4855 eoacti
1542 4804 1617 4871 sunt,

332 4874 397 4941 (pria
416 4875 536 4931 clamare
554 4891 610 4929 non
628 4876 767 4931 cessabat:
786 4881 963 4944 „Christianus
979 4890 1057 4933 sisetr‘.
