3450 5678
670 353 866 404 nersroass
890 343 961 401 129.
986 343 1057 403 130.
1438 337 1499 403 941
1616 381 1620 386 -

224 532 301 576 sere
322 531 479 596 magnum
500 509 632 594 pietatis
653 509 859 594 mysterium,
888 509 964 593 quia
985 528 1068 572 unus
1097 528 1135 571 ex
1163 510 1276 572 saneta
1298 508 1378 596 etii)
1407 509 1539 575 uniusa.
1552 517 1610 567 620·

225 613 385 678 essentiae
412 610 573 676 [trinitate
601 611 804 695 incarnatus,
839 612 872 674 et
899 609 994 674 homo
1022 609 1128 674 factus
1158 608 1244 675 Deus
1272 609 1432 696 Verbum,
1466 613 1503 677 in

224 719 363 800 unaque
384 718 502 779 natura
524 713 654 778 deitatis
683 716 716 778 et
743 711 954 777 humanitatis
981 710 1117 776 indivise
1139 714 1172 775 et
1194 711 1363 778 inconfuse
1386 735 1503 800 cogno·

226 817 329 882 scitur
347 819 380 881 et
402 815 562 898 adoratur,
586 837 653 880 non
676 815 917 880 conversionem
940 812 990 878 vel
1010 813 1224 878 mutationem
1246 815 1419 900 sustinens,
1448 816 1503 881 sed

225 919 457 1005 proprietatem
485 916 651 1002 utriusque
678 920 813 982 naturae
843 917 879 981 in
907 938 973 980 una
1000 936 1139 1001 persona
1164 914 1210 980 in
1229 917 1401 1003 semetipso
1430 939 1504 983 con·

226 1042 371 1086 servans.

315 1124 344 1187 7.
380 1121 430 1187 Ob
452 1121 539 1187 hanc
559 1122 661 1207 igitur
681 1122 778 1186 fidem
799 1120 981 1207 praedictas
996 1122 1125 1185 sanctas
1140 1119 1277 1205 synodos
1293 1121 1504 1207 suscipientes

227 1229 261 1290 et
283 1223 509 1308 custodientes,
534 1223 844 1288 anathematizamus
859 1244 980 1306 omnes,
1003 1221 1058 1307 qui
1074 1222 1224 1287 adversus
1245 1244 1298 1287 eas
1314 1245 1504 1310 quoeunque

229 1330 376 1419 tempore
390 1325 549 1390 velmede
565 1325 685 1410 aliquid
701 1327 971 1410 conscripserunt,
994 1323 1166 1408 praecipue
1180 1322 1203 1389 J
1204 1323 1365 1389 ohannem
1380 1326 1504 1412 Aegeo-

229 1428 355 1513 tam⁴⁰),
379 1427 434 1512 qui
457 1427 608 1492 adversus
629 1431 840 1493 memoratam
862 1429 1008 1491 sanctam
1031 1424 1325 1492 Calchedonensem
1347 1427 1504 1513 synodum

228 1527 349 1594 multas
370 1532 408 1593 ut
428 1528 641 1594 Nestorianus
662 1528 879 1614 blasphemias
901 1528 1056 1611 evomuit3
1082 1527 1231 1592 similiter
1253 1530 1504 1594 condemnantes

230 1635 264 1696 et
286 1630 489 1695 Timotheum
511 1630 667 1695 Aelurum
690 1631 963 1716 cognominatum,
985 1629 1070 1694 sicut
1090 1628 1373 1715 Eutychianistam
1396 1631 1506 1696 adver-

231 1753 287 1796 sus
309 1753 380 1797 eam
403 1755 475 1797 eam
490 1733 556 1798 suis
571 1733 747 1797 latrantem
761 1733 961 1818 sequacibus.
999 1731 1050 1796 Ita
1072 1752 1150 1816 ergo
1173 1754 1244 1796 cum
1259 1731 1321 1796 Dei
1338 1733 1505 1818 juvamine

230 1855 358 1920 semper
379 1835 536 1900 sensimus
562 1837 595 1899 et
623 1835 720 1899 etiam
745 1856 833 1900 nune
861 1835 1026 1899 sentimus.
1072 1833 1274 1918 Quapropter
1300 1835 1386 1899 hanc
1412 1834 1505 1898 satis-

230 1937 408 2001 factionem
436 1939 560 2001 vestrae
592 1936 766 2001 obtulimus
795 1937 927 2021 pietati3
962 1935 1125 2021 jubere⁴¹)
1158 1935 1245 2000 enim
1273 1936 1409 2023 dignata
1445 1938 1503 2020 est,

229 2059 290 2103 nos
316 2038 481 2124 proprium
507 2037 708 2103 intellectum
735 2041 768 2102 et
794 2038 1060 2123 quemadmodum
1087 2037 1126 2102 de
1152 2058 1232 2102 sana
1259 2037 1321 2102 fide
1349 2038 1505 2104 sentimus

230 2161 407 2224 exponere:
430 2139 505 2224 quia
527 2140 657 2224 quidam
678 2140 851 2223 haeretici,
876 2140 952 2204 dum
973 2161 1064 2204 suam
1086 2139 1205 2203 malam
1226 2140 1322 2204 fidem
1344 2140 1505 2206 occultare

229 2242 405 2325 festinant,
429 2243 573 2306 nostram
595 2242 630 2306 in
652 2241 781 2307 Christo
802 2241 985 2307 libertatem
1010 2244 1043 2306 et
1065 2244 1188 2306 rectam
1209 2241 1305 2306 fidem
1327 2240 1506 2306 detrectare

232 2347 401 2409 conantur.
440 2342 665 2429 Supplicamus
686 2344 798 2429 igitir,
821 2348 961 2408 vestram
984 2343 1188 2408 elementiam
1209 2342 1505 2429 sollieitudinem⁴²)

231 2446 272 2510 de
293 2445 439 2530 perfecta
460 2445 666 2511 ecclesiarum
680 2446 827 2510 unitione
842 2448 1027 2511 sanctarum
1042 2445 1160 2510 habere
1175 2445 1306 2511 debere:
1327 2449 1365 2510 ut
1385 2445 1504 2528 unitas,

232 2568 315 2632 quae
337 2568 410 2612 aum
431 2545 492 2613 Dei
513 2548 603 2613 facta
628 2548 727 2612 fuerit
750 2547 932 2631 juvamine,
962 2569 1023 2612 nec
1050 2546 1116 2611 ullo
1143 2547 1294 2633 deinceps
1321 2547 1507 2613 rationabili

233 2651 290 2714 aut
311 2649 525 2714 irrationabili
547 2649 725 2715 occasionis
746 2649 858 2714 fomite
880 2650 1054 2734 inquietari
1069 2671 1133 2734 pax
1148 2650 1259 2734 possit.
1297 2648 1384 2714 Deus
1399 2653 1507 2713 autam

232 2751 375 2816 omnium
397 2755 538 2816 vestrum
560 2753 649 2837 pium
671 2751 847 2836 adimpleat
868 2751 1061 2816 desiderium
1088 2750 1282 2837 ingloriam
1312 2752 1361 2816 sui
1388 2755 1422 2816 et
1447 2751 1506 2816 rei-

233 2853 381 2939 publicae
403 2852 622 2938 disciplinam!

730 3023 914 3127 Epistola
940 3024 1009 3108 130

845 3159 894 3198 seu

262 3237 397 3295 Relatio
417 3235 602 3306 Epiphanii
624 3236 775 3306 episcopi
797 3235 1166 3304 constantinopolitani
1188 3237 1232 3293 ad
1252 3236 1479 3295 Hormisdam.
1519 3201 1656 3339 (ssgggtd

180 3377 225 3427 ,20¹
271 3351 340 3413 Quae
358 3351 580 3416 Constantinopoli
596 3353 731 3402 secandam
748 3352 903 3407 Hormisdae
925 3355 1076 3402 uoluntatem
1096 3358 1205 3414 peracta
1227 3353 1279 3402 siat
1300 3359 1376 3418 atque
1399 3355 1473 3402 etiarn
1532 3353 1589 3392 ³⁴⁰0·
1602 3337 1629 3391 d·

271 3453 337 3488 nanc
354 3437 531 3494 observentur,
558 3436 673 3487 brevibus
691 3438 854 3501 perstringat
885 3444 960 3502 atqae
981 3437 1023 3486 itte
1046 3435 1123 3485 libelii
1139 3436 1262 3500 supplicis
1285 3438 1474 3500 provinciormn
1520 3405 1647 3473 3⁰N⁰Vd

271 3522 357 3581 Ponti,
376 3523 456 3572 Asiae
475 3529 500 3572 et
518 3523 626 3572 maxime
646 3520 757 3572 Orientis
775 3523 898 3572 rationem
916 3521 1016 3579 habeat,
1035 3527 1119 3585 rapat.
1156 3519 1252 3571 Preces
1269 3538 1319 3586 pro
1335 3538 1363 3572 se
1382 3528 1407 3573 et
1422 3538 1473 3587 pro

271 3608 434 3657 eeclesiarum
452 3608 562 3658 unitione
580 3606 612 3657 ab
630 3608 716 3657 eodem
732 3607 834 3671 flapitat
851 3612 876 3656 et
893 3622 996 3656 manera
1007 3621 1058 3670 pro
1069 3620 1090 3655 s.
1104 3604 1179 3655 Petri
1195 3607 1333 3657 ministerio
1353 3608 1473 3658 destinat.

347 3770 351 3777 -
390 3721 557 3786 Domino
578 3744 648 3807 per
669 3723 798 3787 omnia
821 3725 962 3786 sancto
990 3742 1033 3785 ac
1060 3721 1294 3787 beatissimo
1321 3723 1442 3787 fratri
1470 3725 1508 3788 et

306 3895 339 3961 ³⁹)
357 3892 402 3946 Ita
418 3891 615 3961 corrigendum
633 3891 772 3959 duximus,
791 3892 917 3962 quamvis
935 3890 1023 3946 nostri
1036 3889 1144 3945 codices
1155 3893 1186 3945 ut
1199 3909 1283 3962 supra
1293 3908 1362 3963 prae
1375 3908 1404 3948 se
1417 3891 1509 3948 lerant

238 3983 354 4034 etunius
372 3985 482 4037 essentia
504 3981 645 4031 Trinitatis.

306 4063 339 4131 ⁴⁰)
358 4063 392 4118 G¹
413 4067 559 4133 Aeprotarn,
577 4062 615 4115 H⁸
627 4066 779 4131 Epotarnen,
800 4062 834 4116 al.
848 4066 964 4131 Epotam.
992 4061 1076 4116 Forte
1087 4061 1237 4132 legendum
1250 4067 1405 4128 Nicaeotana
1425 4078 1508 4133 quem

239 4148 424 4218 Theophanes
446 4165 511 4219 pag.
537 4154 585 4202 127
609 4147 663 4215 (ed.
686 4148 773 4203 Bonn.
797 4165 825 4217 p.
850 4150 910 4213 119)
933 4147 1016 4202 alteri
1036 4146 1156 4202 Johanni
1178 4147 1365 4203 Alexandrino
1386 4147 1510 4219 praesuli

238 4233 401 4289 successisse
413 4234 513 4300 tradit,
532 4233 646 4301 quique,
660 4233 760 4287 eodem
772 4232 943 4302 Theophane
954 4250 1021 4303 pag.
1036 4238 1085 4287 130
1103 4231 1156 4300 (ed.
1170 4231 1257 4287 Bonn.
1271 4251 1297 4304 p.
1312 4236 1373 4302 234)
1385 4234 1507 4299 auctore,

239 4319 345 4387 synodo
364 4317 584 4374 Calchedonensi
600 4318 641 4372 ita
659 4317 776 4372 mlestus
798 4320 871 4384 erat,
892 4318 925 4372 ut
941 4315 1090 4372 Anastasio
1111 4315 1275 4387 imperatori
1298 4317 1430 4372 ducentas
1448 4316 1510 4371 auri

238 4403 325 4458 libras
343 4404 472 4459 daturum
490 4421 519 4459 se
537 4403 675 4475 pollicitus
693 4402 741 4471 sit,
760 4403 784 4456 si
802 4420 864 4458 eam
881 4401 1004 4456 funditus
1022 4403 1180 4472 abrogaret.
1211 4402 1253 4457 De
1272 4401 1370 4458 eodem
1382 4401 1510 4457 Johanne
1569 4421 1575 4435 ·

239 4489 386 4545 Liberatus
398 4506 420 4544 e.
435 4497 466 4545 18
484 4491 537 4545 hoc
555 4488 705 4544 memoriae
722 4486 859 4559 prodidit,
878 4487 953 4557 quod
971 4504 1033 4542 cum
1045 4487 1192 4543 Timotheo
1211 4487 1342 4558 episcopo
1355 4486 1511 4542 Constanti·

239 4573 402 4645 napolitano
425 4575 563 4630 unitatem
584 4573 648 4628 iniri
670 4591 725 4629 non
747 4589 831 4643 posse
853 4571 1038 4640 existimaret,
1063 4593 1093 4628 eo
1117 4579 1186 4644 qaod
1200 4578 1243 4628 ille
1261 4579 1373 4628 eamdem
1389 4577 1512 4642 synodum

240 4676 297 4715 non
315 4665 541 4716 anathematizavit.
582 4661 609 4714 Is
631 4659 659 4713 in
677 4658 798 4729 vulgatis
817 4657 929 4728 quidem
946 4658 1070 4713 Liberati
1089 4657 1230 4714 codicibus
1248 4662 1392 4721 Martiam,
1416 4657 1464 4711 sed
1482 4655 1512 4710 in

241 4745 393 4816 exemplari
411 4745 492 4801 Corb.
512 4751 614 4800 Niciota
632 4744 852 4815 cognominatur.

308 4832 341 4898 ⁴¹)
360 4830 405 4885 Sic
423 4849 485 4886 cum
503 4849 567 4886 mse.
586 4832 614 4885 h¹
628 4834 661 4885 ς’.
699 4830 869 4885 Posteriores
887 4842 912 4885 et
930 4842 956 4884 at
968 4834 1063 4898 jubere
1080 4835 1194 4900 dignata.

310 4919 342 4986 ⁴²)
360 4917 404 4971 lta
421 4935 482 4971 mss.
503 4917 531 4970 h*
545 4919 581 4971 a'.
611 4916 716 4971 Foster.
736 4922 925 4971 sollicitudinem
940 4920 1084 4986 perfectam
1102 4922 1141 4978 ia,
1161 4916 1190 4969 et
1207 4915 1297 4969 omitt.
1314 4920 1395 4984 saraia.

1246 5001 1309 5067 60*
