<?xml version="1.0" encoding="UTF-8"?>
<!DOCTYPE html PUBLIC "-//W3C//DTD XHTML 1.0 Transitional//EN"
    "http://www.w3.org/TR/xhtml1/DTD/xhtml1-transitional.dtd">
<html xmlns="http://www.w3.org/1999/xhtml" xml:lang="en" lang="en">
 <head>
  <title>
</title>
<meta http-equiv="Content-Type" content="text/html;charset=utf-8" />
  <meta name='ocr-system' content='tesseract 3.04.00' />
  <meta name='ocr-capabilities' content='ocr_page ocr_carea ocr_par ocr_line ocrx_word'/>
</head>
<body>
  <div class='ocr_page' id='page_1' title='image "./epistolaeromano00cousgoog/epistolaeromano00cousgoog_0062.png"; bbox 0 0 3412 5664; ppageno 0'>
   <div class='ocr_carea' id='block_1_1' title="bbox 667 318 1476 384">
    <p class='ocr_par' dir='ltr' id='par_1_1' title="bbox 667 318 1476 384">
     <span class='ocr_line' id='line_1_1' title="bbox 667 318 1476 384; baseline 0.002 -3"><span class='ocrx_word' id='word_1_1' title='bbox 667 333 858 384; x_wconf 80' lang='lat' dir='ltr'><strong>nrrsnonns</strong></span> <span class='ocrx_word' id='word_1_2' title='bbox 882 325 1028 382; x_wconf 84' lang='lat'>11-13.</span> <span class='ocrx_word' id='word_1_3' title='bbox 1437 318 1476 384; x_wconf 78' lang='lat'><strong>15</strong></span> 
     </span>
    </p>
   </div>
   <div class='ocr_carea' id='block_1_2' title="bbox 210 493 1668 3889">
    <p class='ocr_par' dir='ltr' id='par_1_2' title="bbox 253 493 1668 1164">
     <span class='ocr_line' id='line_1_2' title="bbox 257 493 1668 572; baseline -0.004 -20"><span class='ocrx_word' id='word_1_4' title='bbox 257 505 349 571; x_wconf 80' lang='lat' dir='ltr'><strong>suspecta</strong></span> <span class='ocrx_word' id='word_1_5' title='bbox 358 494 480 558; x_wconf 79' lang='lat' dir='ltr'><strong>rideatur,</strong></span> <span class='ocrx_word' id='word_1_6' title='bbox 492 496 608 568; x_wconf 92' lang='lat' dir='ltr'><strong>primum</strong></span> <span class='ocrx_word' id='word_1_7' title='bbox 620 493 694 568; x_wconf 87' lang='lat' dir='ltr'><strong>quod</strong></span> <span class='ocrx_word' id='word_1_8' title='bbox 701 494 763 550; x_wconf 81' lang='lat' dir='ltr'><strong>Tuti</strong></span> <span class='ocrx_word' id='word_1_9' title='bbox 775 494 866 568; x_wconf 90' lang='lat' dir='ltr'><strong>lapsus</strong></span> <span class='ocrx_word' id='word_1_10' title='bbox 878 510 1010 567; x_wconf 85' lang='lat' dir='ltr'><strong>nusquam</strong></span> <span class='ocrx_word' id='word_1_11' title='bbox 1023 493 1086 549; x_wconf 87' lang='lat' dir='ltr'><strong>alias</strong></span> <span class='ocrx_word' id='word_1_12' title='bbox 1098 501 1277 557; x_wconf 69' lang='lat' dir='ltr'><strong>memoratum</strong></span> <span class='ocrx_word' id='word_1_13' title='bbox 1294 493 1391 550; x_wconf 89' lang='lat' dir='ltr'><strong>deinde</strong></span> <span class='ocrx_word' id='word_1_14' title='bbox 1403 493 1477 568; x_wconf 83' lang='lat' dir='ltr'><strong>quod</strong></span> <span class='ocrx_word' id='word_1_15' title='bbox 1664 564 1668 572; x_wconf 26' lang='grc' dir='ltr'>Ι</span> 
     </span>
     <span class='ocr_line' id='line_1_3' title="bbox 256 577 1587 653; baseline -0.002 -14"><span class='ocrx_word' id='word_1_16' title='bbox 256 591 332 639; x_wconf 82' lang='lat' dir='ltr'><strong>cartuu</strong></span> <span class='ocrx_word' id='word_1_17' title='bbox 351 582 382 636; x_wconf 90' lang='lat' dir='ltr'><strong>sit</strong></span> <span class='ocrx_word' id='word_1_18' title='bbox 404 596 437 636; x_wconf 82' lang='lat' dir='ltr'><strong>ex</strong></span> <span class='ocrx_word' id='word_1_19' title='bbox 461 579 626 653; x_wconf 79' lang='lat' dir='ltr'><strong>Theophane</strong></span> <span class='ocrx_word' id='word_1_20' title='bbox 652 577 705 650; x_wconf 91' lang='lat' dir='ltr'><strong>(ed.</strong></span> <span class='ocrx_word' id='word_1_21' title='bbox 721 579 807 636; x_wconf 83' lang='lat' dir='ltr'><strong>bonn.</strong></span> <span class='ocrx_word' id='word_1_22' title='bbox 824 596 887 653; x_wconf 82' lang='lat' dir='ltr'><strong>pag.</strong></span> <span class='ocrx_word' id='word_1_23' title='bbox 897 577 983 652; x_wconf 79' lang='lat'><strong>205),</strong></span> <span class='ocrx_word' id='word_1_24' title='bbox 1016 595 1077 635; x_wconf 89' lang='lat' dir='ltr'><strong>eum</strong></span> <span class='ocrx_word' id='word_1_25' title='bbox 1103 578 1136 633; x_wconf 91' lang='lat' dir='ltr'><strong>ad</strong></span> <span class='ocrx_word' id='word_1_26' title='bbox 1161 579 1257 635; x_wconf 85' lang='lat' dir='ltr'><strong>biense</strong></span> <span class='ocrx_word' id='word_1_27' title='bbox 1282 579 1478 635; x_wconf 88' lang='lat' dir='ltr'><strong>monasterium</strong></span> <span class='ocrx_word' id='word_1_28' title='bbox 1582 631 1587 637; x_wconf 91' lang='lat'><em>.</em></span> 
     </span>
     <span class='ocr_line' id='line_1_4' title="bbox 255 662 1477 741; baseline 0 -21"><span class='ocrx_word' id='word_1_29' title='bbox 255 666 354 741; x_wconf 80' lang='lat' dir='ltr'><strong>superatis</strong></span> <span class='ocrx_word' id='word_1_30' title='bbox 366 664 464 721; x_wconf 76' lang='lat' dir='ltr'><strong>insidiis</strong></span> <span class='ocrx_word' id='word_1_31' title='bbox 480 662 531 720; x_wconf 89' lang='lat' dir='ltr'><strong>sibi</strong></span> <span class='ocrx_word' id='word_1_32' title='bbox 547 663 632 738; x_wconf 79' lang='lat' dir='ltr'><strong>Abydi</strong></span> <span class='ocrx_word' id='word_1_33' title='bbox 648 667 808 738; x_wconf 90' lang='lat' dir='ltr'><strong>comparatis</strong></span> <span class='ocrx_word' id='word_1_34' title='bbox 824 663 968 739; x_wconf 82' lang='lat' dir='ltr'><strong>appulisse,</strong></span> <span class='ocrx_word' id='word_1_35' title='bbox 985 664 1165 720; x_wconf 74' lang='lat' dir='ltr'><strong>siciliensium</strong></span> <span class='ocrx_word' id='word_1_36' title='bbox 1187 664 1380 721; x_wconf 91' lang='lat' dir='ltr'><strong>monachorum</strong></span> <span class='ocrx_word' id='word_1_37' title='bbox 1396 679 1477 738; x_wconf 88' lang='lat' dir='ltr'><strong>opera</strong></span> 
     </span>
     <span class='ocr_line' id='line_1_5' title="bbox 255 747 1478 824; baseline -0.002 -17"><span class='ocrx_word' id='word_1_38' title='bbox 255 752 376 807; x_wconf 74' lang='lat' dir='ltr'><strong>sutoriam</strong></span> <span class='ocrx_word' id='word_1_39' title='bbox 389 748 583 823; x_wconf 90' lang='lat' dir='ltr'><strong>depositionis,</strong></span> <span class='ocrx_word' id='word_1_40' title='bbox 606 766 685 824; x_wconf 85' lang='lat' dir='ltr'><strong>quarn</strong></span> <span class='ocrx_word' id='word_1_41' title='bbox 706 748 825 811; x_wconf 85' lang='lat' dir='ltr'><strong>serebat,</strong></span> <span class='ocrx_word' id='word_1_42' title='bbox 848 747 972 805; x_wconf 88' lang='lat' dir='ltr'><strong>traditam</strong></span> <span class='ocrx_word' id='word_1_43' title='bbox 992 748 1078 804; x_wconf 81' lang='lat' dir='ltr'><strong>luisse</strong></span> <span class='ocrx_word' id='word_1_44' title='bbox 1100 749 1207 822; x_wconf 75' lang='lat' dir='ltr'><strong>ipsimet</strong></span> <span class='ocrx_word' id='word_1_45' title='bbox 1222 750 1332 811; x_wconf 80' lang='lat' dir='ltr'><strong>Acacio,</strong></span> <span class='ocrx_word' id='word_1_46' title='bbox 1356 748 1429 823; x_wconf 92' lang='lat' dir='ltr'><strong>quod</strong></span> <span class='ocrx_word' id='word_1_47' title='bbox 1450 757 1478 805; x_wconf 90' lang='lat' dir='ltr'><strong>et</strong></span> 
     </span>
     <span class='ocr_line' id='line_1_6' title="bbox 254 832 1476 895; baseline 0.002 -4"><span class='ocrx_word' id='word_1_48' title='bbox 254 835 357 891; x_wconf 73' lang='lat' dir='ltr'><strong>tamnu</strong></span> <span class='ocrx_word' id='word_1_49' title='bbox 373 833 484 890; x_wconf 87' lang='lat' dir='ltr'><strong>breviar.</strong></span> <span class='ocrx_word' id='word_1_50' title='bbox 506 834 579 891; x_wconf 89' lang='lat' dir='ltr'><strong>c.18</strong></span> <span class='ocrx_word' id='word_1_51' title='bbox 598 842 626 890; x_wconf 91' lang='lat' dir='ltr'><strong>et</strong></span> <span class='ocrx_word' id='word_1_52' title='bbox 646 834 739 889; x_wconf 80' lang='lat' dir='ltr'><strong>Victor</strong></span> <span class='ocrx_word' id='word_1_53' title='bbox 760 834 931 891; x_wconf 80' lang='lat' dir='ltr'><strong>Turonensis</strong></span> <span class='ocrx_word' id='word_1_54' title='bbox 953 835 980 889; x_wconf 93' lang='lat' dir='ltr'><strong>in</strong></span> <span class='ocrx_word' id='word_1_55' title='bbox 1002 834 1130 890; x_wconf 90' lang='lat' dir='ltr'><strong>chronico</strong></span> <span class='ocrx_word' id='word_1_56' title='bbox 1151 833 1183 889; x_wconf 91' lang='lat' dir='ltr'><strong>ad</strong></span> <span class='ocrx_word' id='word_1_57' title='bbox 1206 852 1229 889; x_wconf 87' lang='lat' dir='ltr'><strong>a.</strong></span> <span class='ocrx_word' id='word_1_58' title='bbox 1238 833 1299 892; x_wconf 82' lang='lat'><strong>487</strong></span> <span class='ocrx_word' id='word_1_59' title='bbox 1322 832 1476 895; x_wconf 84' lang='lat' dir='ltr'><strong>confirmat:</strong></span> 
     </span>
     <span class='ocr_line' id='line_1_7' title="bbox 253 900 1477 994; baseline -0.003 -18"><span class='ocrx_word' id='word_1_60' title='bbox 253 929 357 994; x_wconf 77' lang='lat' dir='ltr'><strong>panemo</strong></span> <span class='ocrx_word' id='word_1_61' title='bbox 370 919 441 993; x_wconf 82' lang='lat' dir='ltr'><strong>quod</strong></span> <span class='ocrx_word' id='word_1_62' title='bbox 458 935 542 993; x_wconf 90' lang='lat' dir='ltr'><strong>quum</strong></span> <span class='ocrx_word' id='word_1_63' title='bbox 558 918 639 990; x_wconf 86' lang='lat' dir='ltr'><strong>hujus</strong></span> <span class='ocrx_word' id='word_1_64' title='bbox 655 918 718 974; x_wconf 84' lang='lat' dir='ltr'><strong>&#39;luti</strong></span> <span class='ocrx_word' id='word_1_65' title='bbox 733 921 834 975; x_wconf 90' lang='lat' dir='ltr'><strong>mentio</strong></span> <span class='ocrx_word' id='word_1_66' title='bbox 856 918 955 975; x_wconf 86' lang='lat' dir='ltr'><strong>insidat</strong></span> <span class='ocrx_word' id='word_1_67' title='bbox 969 921 1002 974; x_wconf 83' lang='lat' dir='ltr'><strong>in</strong></span> <span class='ocrx_word' id='word_1_68' title='bbox 1024 918 1189 992; x_wconf 86' lang='lat' dir='ltr'><strong>epistolall</strong></span> <span class='ocrx_word' id='word_1_69' title='bbox 1208 935 1278 975; x_wconf 89' lang='lat' dir='ltr'><strong>anno</strong></span> <span class='ocrx_word' id='word_1_70' title='bbox 1294 900 1357 993; x_wconf 69' lang='lat' dir='ltr'><strong>prist</strong></span> <span class='ocrx_word' id='word_1_71' title='bbox 1372 918 1430 989; x_wconf 90' lang='lat' dir='ltr'><strong>ejus</strong></span> <span class='ocrx_word' id='word_1_72' title='bbox 1446 917 1477 973; x_wconf 90' lang='lat' dir='ltr'><strong>ab</strong></span> 
     </span>
     <span class='ocr_line' id='line_1_8' title="bbox 253 997 1478 1078; baseline 0.001 -19"><span class='ocrx_word' id='word_1_73' title='bbox 253 1004 303 1061; x_wconf 81' lang='lat' dir='ltr'><strong>ibba</strong></span> <span class='ocrx_word' id='word_1_74' title='bbox 313 1004 446 1061; x_wconf 81' lang='lat' dir='ltr'><strong>dbcsssum</strong></span> <span class='ocrx_word' id='word_1_75' title='bbox 461 1004 555 1078; x_wconf 88' lang='lat' dir='ltr'><strong>elapso</strong></span> <span class='ocrx_word' id='word_1_76' title='bbox 564 997 587 1077; x_wconf 90' lang='lat'><strong>¹)</strong></span> <span class='ocrx_word' id='word_1_77' title='bbox 607 1005 721 1077; x_wconf 87' lang='lat' dir='ltr'><strong>scripta,</strong></span> <span class='ocrx_word' id='word_1_78' title='bbox 744 1021 799 1060; x_wconf 90' lang='lat' dir='ltr'><strong>non</strong></span> <span class='ocrx_word' id='word_1_79' title='bbox 822 1003 903 1060; x_wconf 89' lang='lat' dir='ltr'><strong>modo</strong></span> <span class='ocrx_word' id='word_1_80' title='bbox 924 1003 1075 1060; x_wconf 80' lang='lat' dir='ltr'><strong>defensoris</strong></span> <span class='ocrx_word' id='word_1_81' title='bbox 1098 1019 1196 1059; x_wconf 90' lang='lat' dir='ltr'><strong>nomen</strong></span> <span class='ocrx_word' id='word_1_82' title='bbox 1211 1006 1335 1068; x_wconf 90' lang='lat' dir='ltr'><strong>retineat,</strong></span> <span class='ocrx_word' id='word_1_83' title='bbox 1358 1003 1407 1060; x_wconf 89' lang='lat' dir='ltr'><strong>sed</strong></span> <span class='ocrx_word' id='word_1_84' title='bbox 1429 1019 1478 1060; x_wconf 86' lang='lat' dir='ltr'><strong>noc</strong></span> 
     </span>
     <span class='ocr_line' id='line_1_9' title="bbox 254 1088 1227 1164; baseline -0.002 -19"><span class='ocrx_word' id='word_1_85' title='bbox 254 1088 411 1164; x_wconf 78' lang='lat' dir='ltr'><strong>abperfidiae</strong></span> <span class='ocrx_word' id='word_1_86' title='bbox 426 1096 492 1145; x_wconf 93' lang='lat' dir='ltr'><strong>nota</strong></span> <span class='ocrx_word' id='word_1_87' title='bbox 507 1097 677 1164; x_wconf 77' lang='lat' dir='ltr'><strong>aspergatur.</strong></span> <span class='ocrx_word' id='word_1_88' title='bbox 1223 1107 1227 1113; x_wconf 63' lang='grc'><em>’</em></span> 
     </span>
    </p>

    <p class='ocr_par' dir='ltr' id='par_1_3' title="bbox 241 1172 1478 2354">
     <span class='ocr_line' id='line_1_10' title="bbox 313 1172 1477 1248; baseline 0.001 -18"><span class='ocrx_word' id='word_1_89' title='bbox 313 1173 335 1231; x_wconf 80' lang='lat' dir='ltr'><strong>i.</strong></span> <span class='ocrx_word' id='word_1_90' title='bbox 360 1174 456 1230; x_wconf 85' lang='lat' dir='ltr'><strong>Verum</strong></span> <span class='ocrx_word' id='word_1_91' title='bbox 478 1173 560 1244; x_wconf 84' lang='lat' dir='ltr'><strong>hujus</strong></span> <span class='ocrx_word' id='word_1_92' title='bbox 587 1175 717 1248; x_wconf 88' lang='lat' dir='ltr'><strong>epistolae</strong></span> <span class='ocrx_word' id='word_1_93' title='bbox 736 1175 917 1231; x_wconf 80' lang='lat' dir='ltr'><strong>sinceritatem</strong></span> <span class='ocrx_word' id='word_1_94' title='bbox 939 1173 1010 1229; x_wconf 89' lang='lat' dir='ltr'><strong>baud</strong></span> <span class='ocrx_word' id='word_1_95' title='bbox 1032 1190 1125 1248; x_wconf 90' lang='lat' dir='ltr'><strong>parum</strong></span> <span class='ocrx_word' id='word_1_96' title='bbox 1147 1172 1292 1230; x_wconf 89' lang='lat' dir='ltr'><strong>adstruunt</strong></span> <span class='ocrx_word' id='word_1_97' title='bbox 1312 1173 1362 1230; x_wconf 92' lang='lat' dir='ltr'><strong>alia</strong></span> <span class='ocrx_word' id='word_1_98' title='bbox 1383 1174 1477 1231; x_wconf 89' lang='lat' dir='ltr'><strong>eodem</strong></span> 
     </span>
     <span class='ocr_line' id='line_1_11' title="bbox 253 1257 1477 1334; baseline -0.001 -18"><span class='ocrx_word' id='word_1_99' title='bbox 253 1258 318 1316; x_wconf 77' lang='lat' dir='ltr'><strong>otta</strong></span> <span class='ocrx_word' id='word_1_100' title='bbox 328 1267 457 1321; x_wconf 86' lang='lat' dir='ltr'><strong>contenta.</strong></span> <span class='ocrx_word' id='word_1_101' title='bbox 473 1258 507 1314; x_wconf 91' lang='lat' dir='ltr'><strong>de</strong></span> <span class='ocrx_word' id='word_1_102' title='bbox 523 1258 620 1332; x_wconf 86' lang='lat' dir='ltr'><strong>quibus</strong></span> <span class='ocrx_word' id='word_1_103' title='bbox 637 1259 727 1316; x_wconf 87' lang='lat' dir='ltr'><strong>nullus</strong></span> <span class='ocrx_word' id='word_1_104' title='bbox 743 1268 786 1314; x_wconf 91' lang='lat' dir='ltr'><strong>est</strong></span> <span class='ocrx_word' id='word_1_105' title='bbox 799 1257 951 1334; x_wconf 82' lang='lat' dir='ltr'><strong>ambigendi</strong></span> <span class='ocrx_word' id='word_1_106' title='bbox 966 1259 1052 1315; x_wconf 91' lang='lat' dir='ltr'><strong>locus.</strong></span> <span class='ocrx_word' id='word_1_107' title='bbox 1088 1258 1230 1315; x_wconf 86' lang='lat' dir='ltr'><strong>Praeterea</strong></span> <span class='ocrx_word' id='word_1_108' title='bbox 1245 1259 1331 1314; x_wconf 84' lang='lat' dir='ltr'><strong>&#39;lutus</strong></span> <span class='ocrx_word' id='word_1_109' title='bbox 1346 1257 1477 1316; x_wconf 89' lang='lat' dir='ltr'><strong>infinitam</strong></span> 
     </span>
     <span class='ocr_line' id='line_1_12' title="bbox 253 1343 1477 1420; baseline -0.001 -20"><span class='ocrx_word' id='word_1_110' title='bbox 253 1360 288 1400; x_wconf 85' lang='lat' dir='ltr'><strong>rec</strong></span> <span class='ocrx_word' id='word_1_111' title='bbox 297 1353 355 1400; x_wconf 78' lang='lat' dir='ltr'><strong>arte</strong></span> <span class='ocrx_word' id='word_1_112' title='bbox 368 1343 504 1418; x_wconf 78' lang='lat' dir='ltr'><strong>praedicta</strong></span> <span class='ocrx_word' id='word_1_113' title='bbox 519 1343 678 1418; x_wconf 89' lang='lat' dir='ltr'><strong>epistolall</strong></span> <span class='ocrx_word' id='word_1_114' title='bbox 696 1344 834 1400; x_wconf 80' lang='lat' dir='ltr'><strong>tacendam</strong></span> <span class='ocrx_word' id='word_1_115' title='bbox 850 1344 989 1420; x_wconf 70' lang='lat' dir='ltr'><strong>retulisset</strong></span> <span class='ocrx_word' id='word_1_116' title='bbox 1003 1343 1124 1408; x_wconf 89' lang='lat' dir='ltr'><strong>laudem,</strong></span> <span class='ocrx_word' id='word_1_117' title='bbox 1146 1345 1169 1399; x_wconf 90' lang='lat' dir='ltr'><strong>si</strong></span> <span class='ocrx_word' id='word_1_118' title='bbox 1191 1353 1296 1400; x_wconf 86' lang='lat' dir='ltr'><strong>creatus</strong></span> <span class='ocrx_word' id='word_1_119' title='bbox 1318 1343 1350 1400; x_wconf 90' lang='lat' dir='ltr'><strong>ad</strong></span> <span class='ocrx_word' id='word_1_120' title='bbox 1372 1353 1477 1418; x_wconf 89' lang='lat' dir='ltr'><strong>tempus</strong></span> 
     </span>
     <span class='ocr_line' id='line_1_13' title="bbox 252 1428 1477 1504; baseline 0 -20"><span class='ocrx_word' id='word_1_121' title='bbox 252 1428 344 1486; x_wconf 75' lang='lat' dir='ltr'><strong>aduae</strong></span> <span class='ocrx_word' id='word_1_122' title='bbox 353 1428 485 1485; x_wconf 84' lang='lat' dir='ltr'><strong>Romanae</strong></span> <span class='ocrx_word' id='word_1_123' title='bbox 501 1428 629 1486; x_wconf 80' lang='lat' dir='ltr'><strong>defensor</strong></span> <span class='ocrx_word' id='word_1_124' title='bbox 644 1430 723 1485; x_wconf 89' lang='lat' dir='ltr'><strong>minis</strong></span> <span class='ocrx_word' id='word_1_125' title='bbox 739 1437 767 1484; x_wconf 88' lang='lat' dir='ltr'><strong>et</strong></span> <span class='ocrx_word' id='word_1_126' title='bbox 781 1431 915 1504; x_wconf 89' lang='lat' dir='ltr'><strong>praemiis,</strong></span> <span class='ocrx_word' id='word_1_127' title='bbox 933 1428 1031 1503; x_wconf 90' lang='lat' dir='ltr'><strong>quibus</strong></span> <span class='ocrx_word' id='word_1_128' title='bbox 1043 1429 1122 1484; x_wconf 79' lang='lat' dir='ltr'><strong>fracti</strong></span> <span class='ocrx_word' id='word_1_129' title='bbox 1130 1430 1254 1503; x_wconf 87' lang='lat' dir='ltr'><strong>episcopi</strong></span> <span class='ocrx_word' id='word_1_130' title='bbox 1265 1429 1348 1503; x_wconf 81' lang='lat' dir='ltr'><strong>legati</strong></span> <span class='ocrx_word' id='word_1_131' title='bbox 1361 1428 1477 1493; x_wconf 82' lang='lat' dir='ltr'><strong>fuerant,</strong></span> 
     </span>
     <span class='ocr_line' id='line_1_14' title="bbox 251 1512 1477 1589; baseline 0 -19"><span class='ocrx_word' id='word_1_132' title='bbox 251 1513 501 1570; x_wconf 82' lang='lat' dir='ltr'><strong>irinaeobstitisset.</strong></span> <span class='ocrx_word' id='word_1_133' title='bbox 533 1512 603 1581; x_wconf 79' lang='lat' dir='ltr'><strong>Quid</strong></span> <span class='ocrx_word' id='word_1_134' title='bbox 624 1530 687 1570; x_wconf 84' lang='lat' dir='ltr'><strong>vero</strong></span> <span class='ocrx_word' id='word_1_135' title='bbox 709 1514 769 1570; x_wconf 93' lang='lat' dir='ltr'><strong>dico</strong></span> <span class='ocrx_word' id='word_1_136' title='bbox 791 1516 882 1576; x_wconf 91' lang='lat' dir='ltr'><strong>minis,</strong></span> <span class='ocrx_word' id='word_1_137' title='bbox 905 1516 986 1570; x_wconf 90' lang='lat' dir='ltr'><strong>immo</strong></span> <span class='ocrx_word' id='word_1_138' title='bbox 1008 1516 1103 1589; x_wconf 90' lang='lat' dir='ltr'><strong>poenis</strong></span> <span class='ocrx_word' id='word_1_139' title='bbox 1125 1513 1293 1588; x_wconf 81' lang='lat' dir='ltr'><strong>gravioribus</strong></span> <span class='ocrx_word' id='word_1_140' title='bbox 1309 1521 1336 1569; x_wconf 93' lang='lat' dir='ltr'><strong>et</strong></span> <span class='ocrx_word' id='word_1_141' title='bbox 1351 1513 1477 1570; x_wconf 81' lang='lat' dir='ltr'><strong>inauditis</strong></span> 
     </span>
     <span class='ocr_line' id='line_1_15' title="bbox 250 1598 1478 1674; baseline 0.002 -20"><span class='ocrx_word' id='word_1_142' title='bbox 250 1598 362 1673; x_wconf 61' lang='lat' dir='ltr'><strong>sapidis.</strong></span> <span class='ocrx_word' id='word_1_143' title='bbox 387 1598 453 1655; x_wconf 83' lang='lat' dir='ltr'><strong>Nam</strong></span> <span class='ocrx_word' id='word_1_144' title='bbox 468 1598 585 1674; x_wconf 80' lang='lat' dir='ltr'><strong>legatos,</strong></span> <span class='ocrx_word' id='word_1_145' title='bbox 601 1600 648 1672; x_wconf 93' lang='lat' dir='ltr'><strong>qui</strong></span> <span class='ocrx_word' id='word_1_146' title='bbox 663 1599 766 1655; x_wconf 90' lang='lat' dir='ltr'><strong>litteras</strong></span> <span class='ocrx_word' id='word_1_147' title='bbox 781 1599 869 1655; x_wconf 89' lang='lat' dir='ltr'><strong>solum</strong></span> <span class='ocrx_word' id='word_1_148' title='bbox 886 1600 1101 1656; x_wconf 87' lang='lat' dir='ltr'><strong>comminatorias</strong></span> <span class='ocrx_word' id='word_1_149' title='bbox 1117 1599 1272 1663; x_wconf 87' lang='lat' dir='ltr'><strong>attulerant,</strong></span> <span class='ocrx_word' id='word_1_150' title='bbox 1290 1600 1389 1656; x_wconf 88' lang='lat' dir='ltr'><strong>carceri</strong></span> <span class='ocrx_word' id='word_1_151' title='bbox 1405 1614 1478 1656; x_wconf 90' lang='lat' dir='ltr'><strong>man·</strong></span> 
     </span>
     <span class='ocr_line' id='line_1_16' title="bbox 250 1683 1476 1767; baseline 0.001 -27"><span class='ocrx_word' id='word_1_152' title='bbox 250 1684 323 1757; x_wconf 84' lang='lat' dir='ltr'><strong>ripales</strong></span> <span class='ocrx_word' id='word_1_153' title='bbox 335 1684 415 1740; x_wconf 82' lang='lat' dir='ltr'><strong>luisse</strong></span> <span class='ocrx_word' id='word_1_154' title='bbox 435 1693 553 1740; x_wconf 87' lang='lat' dir='ltr'><strong>constat.</strong></span> <span class='ocrx_word' id='word_1_155' title='bbox 588 1683 613 1739; x_wconf 88' lang='lat' dir='ltr'><strong>is</strong></span> <span class='ocrx_word' id='word_1_156' title='bbox 635 1700 703 1767; x_wconf 81' lang='lat' dir='ltr'><strong>vero</strong></span> <span class='ocrx_word' id='word_1_157' title='bbox 719 1685 801 1757; x_wconf 88' lang='lat' dir='ltr'><strong>ipsam</strong></span> <span class='ocrx_word' id='word_1_158' title='bbox 822 1683 1000 1758; x_wconf 86' lang='lat' dir='ltr'><strong>depositionis</strong></span> <span class='ocrx_word' id='word_1_159' title='bbox 1021 1685 1197 1746; x_wconf 67' lang='lat' dir='ltr'><strong>sententiam</strong></span> <span class='ocrx_word' id='word_1_160' title='bbox 1218 1701 1297 1758; x_wconf 90' lang='lat' dir='ltr'><strong>qnam</strong></span> <span class='ocrx_word' id='word_1_161' title='bbox 1320 1683 1365 1758; x_wconf 90' lang='lat' dir='ltr'><strong>qui</strong></span> <span class='ocrx_word' id='word_1_162' title='bbox 1380 1685 1476 1741; x_wconf 80' lang='lat' dir='ltr'><strong>Acacio</strong></span> 
     </span>
     <span class='ocr_line' id='line_1_17' title="bbox 249 1762 1477 1844; baseline 0 -19"><span class='ocrx_word' id='word_1_163' title='bbox 249 1767 357 1832; x_wconf 71' lang='lat' dir='ltr'><strong>uanae,</strong></span> <span class='ocrx_word' id='word_1_164' title='bbox 372 1769 415 1825; x_wconf 85' lang='lat' dir='ltr'><strong>alii</strong></span> <span class='ocrx_word' id='word_1_165' title='bbox 431 1770 528 1832; x_wconf 89' lang='lat' dir='ltr'><strong>necati,</strong></span> <span class='ocrx_word' id='word_1_166' title='bbox 549 1777 580 1824; x_wconf 95' lang='lat' dir='ltr'><strong>ut</strong></span> <span class='ocrx_word' id='word_1_167' title='bbox 595 1767 688 1825; x_wconf 89' lang='lat' dir='ltr'><strong>scribit</strong></span> <span class='ocrx_word' id='word_1_168' title='bbox 703 1762 896 1842; x_wconf 83' lang='lat' dir='ltr'><strong>Theophanes,</strong></span> <span class='ocrx_word' id='word_1_169' title='bbox 918 1769 961 1824; x_wconf 91' lang='lat' dir='ltr'><strong>alii</strong></span> <span class='ocrx_word' id='word_1_170' title='bbox 976 1769 1116 1844; x_wconf 88' lang='lat' dir='ltr'><strong>suppliciis</strong></span> <span class='ocrx_word' id='word_1_171' title='bbox 1132 1768 1233 1832; x_wconf 83' lang='lat' dir='ltr'><strong>affecti,</strong></span> <span class='ocrx_word' id='word_1_172' title='bbox 1255 1769 1299 1825; x_wconf 88' lang='lat' dir='ltr'><strong>aiii</strong></span> <span class='ocrx_word' id='word_1_173' title='bbox 1314 1770 1341 1825; x_wconf 93' lang='lat' dir='ltr'><strong>in</strong></span> <span class='ocrx_word' id='word_1_174' title='bbox 1357 1785 1477 1827; x_wconf 88' lang='lat' dir='ltr'><strong>carceres</strong></span> 
     </span>
     <span class='ocr_line' id='line_1_18' title="bbox 248 1848 1477 1929; baseline 0.001 -20"><span class='ocrx_word' id='word_1_175' title='bbox 248 1851 330 1909; x_wconf 79' lang='lat' dir='ltr'><strong>bunt.</strong></span> <span class='ocrx_word' id='word_1_176' title='bbox 341 1848 1026 1929; x_wconf 74' lang='lat' dir='ltr'><strong>Solumigiturhujus&#39;tragoediaeauctoremTutum</strong></span> <span class='ocrx_word' id='word_1_177' title='bbox 1035 1855 1235 1928; x_wconf 83' lang='lat' dir='ltr'><strong>bisexemptum</strong></span> <span class='ocrx_word' id='word_1_178' title='bbox 1243 1854 1318 1910; x_wconf 87' lang='lat' dir='ltr'><strong>malis</strong></span> <span class='ocrx_word' id='word_1_179' title='bbox 1331 1861 1477 1929; x_wconf 81' lang='lat' dir='ltr'><strong>tuteagere</strong></span> 
     </span>
     <span class='ocr_line' id='line_1_19' title="bbox 247 1936 1477 2013; baseline 0.001 -19"><span class='ocrx_word' id='word_1_180' title='bbox 247 1936 447 2013; x_wconf 76' lang='lat' dir='ltr'><strong>ibasuotinopoli</strong></span> <span class='ocrx_word' id='word_1_181' title='bbox 463 1947 490 1996; x_wconf 89' lang='lat' dir='ltr'><strong>et</strong></span> <span class='ocrx_word' id='word_1_182' title='bbox 505 1941 614 2012; x_wconf 89' lang='lat' dir='ltr'><strong>impune</strong></span> <span class='ocrx_word' id='word_1_183' title='bbox 630 1937 702 1994; x_wconf 90' lang='lat' dir='ltr'><strong>abire</strong></span> <span class='ocrx_word' id='word_1_184' title='bbox 717 1940 853 2013; x_wconf 90' lang='lat' dir='ltr'><strong>potuisse,</strong></span> <span class='ocrx_word' id='word_1_185' title='bbox 875 1955 930 1995; x_wconf 89' lang='lat' dir='ltr'><strong>nou</strong></span> <span class='ocrx_word' id='word_1_186' title='bbox 946 1947 987 1995; x_wconf 90' lang='lat' dir='ltr'><strong>est</strong></span> <span class='ocrx_word' id='word_1_187' title='bbox 1003 1939 1168 1995; x_wconf 90' lang='lat' dir='ltr'><strong>verisimile.</strong></span> <span class='ocrx_word' id='word_1_188' title='bbox 1204 1938 1275 1995; x_wconf 86' lang='lat' dir='ltr'><strong>Nihil</strong></span> <span class='ocrx_word' id='word_1_189' title='bbox 1297 1947 1387 1995; x_wconf 91' lang='lat' dir='ltr'><strong>tamen</strong></span> <span class='ocrx_word' id='word_1_190' title='bbox 1402 1955 1477 2013; x_wconf 89' lang='lat' dir='ltr'><strong>prae·</strong></span> 
     </span>
     <span class='ocr_line' id='line_1_20' title="bbox 245 2020 1478 2099; baseline 0.002 -20"><span class='ocrx_word' id='word_1_191' title='bbox 245 2020 462 2098; x_wconf 77' lang='lat' dir='ltr'><strong>delaepistolall</strong></span> <span class='ocrx_word' id='word_1_192' title='bbox 480 2024 513 2080; x_wconf 92' lang='lat' dir='ltr'><strong>de</strong></span> <span class='ocrx_word' id='word_1_193' title='bbox 529 2024 641 2080; x_wconf 89' lang='lat' dir='ltr'><strong>structis</strong></span> <span class='ocrx_word' id='word_1_194' title='bbox 656 2025 708 2099; x_wconf 91' lang='lat' dir='ltr'><strong>ipsi</strong></span> <span class='ocrx_word' id='word_1_195' title='bbox 723 2024 825 2081; x_wconf 90' lang='lat' dir='ltr'><strong>insidiis</strong></span> <span class='ocrx_word' id='word_1_196' title='bbox 842 2032 888 2079; x_wconf 89' lang='lat' dir='ltr'><strong>aut</strong></span> <span class='ocrx_word' id='word_1_197' title='bbox 902 2023 935 2080; x_wconf 89' lang='lat' dir='ltr'><strong>de</strong></span> <span class='ocrx_word' id='word_1_198' title='bbox 951 2025 976 2079; x_wconf 92' lang='lat' dir='ltr'><strong>vi</strong></span> <span class='ocrx_word' id='word_1_199' title='bbox 990 2024 1062 2080; x_wconf 87' lang='lat' dir='ltr'><strong>iliata</strong></span> <span class='ocrx_word' id='word_1_200' title='bbox 1084 2023 1172 2080; x_wconf 89' lang='lat' dir='ltr'><strong>babet.</strong></span> <span class='ocrx_word' id='word_1_201' title='bbox 1209 2024 1285 2080; x_wconf 88' lang='lat' dir='ltr'><strong>Sicut</strong></span> <span class='ocrx_word' id='word_1_202' title='bbox 1304 2026 1390 2099; x_wconf 81' lang='lat' dir='ltr'><strong>igitur</strong></span> <span class='ocrx_word' id='word_1_203' title='bbox 1409 2024 1478 2082; x_wconf 89' lang='lat' dir='ltr'><strong>male</strong></span> 
     </span>
     <span class='ocr_line' id='line_1_21' title="bbox 244 2108 1477 2183; baseline 0 -19"><span class='ocrx_word' id='word_1_204' title='bbox 244 2108 292 2179; x_wconf 79' lang='lat' dir='ltr'><strong>pis</strong></span> <span class='ocrx_word' id='word_1_205' title='bbox 303 2124 329 2164; x_wconf 81' lang='lat' dir='ltr'><strong>er</strong></span> <span class='ocrx_word' id='word_1_206' title='bbox 341 2125 380 2171; x_wconf 84' lang='lat' dir='ltr'><strong>eo,</strong></span> <span class='ocrx_word' id='word_1_207' title='bbox 402 2109 476 2183; x_wconf 91' lang='lat' dir='ltr'><strong>quod</strong></span> <span class='ocrx_word' id='word_1_208' title='bbox 492 2109 558 2165; x_wconf 88' lang='lat' dir='ltr'><strong>haec</strong></span> <span class='ocrx_word' id='word_1_209' title='bbox 571 2125 685 2183; x_wconf 90' lang='lat' dir='ltr'><strong>prorsus</strong></span> <span class='ocrx_word' id='word_1_210' title='bbox 700 2109 845 2172; x_wconf 88' lang='lat' dir='ltr'><strong>sileantur,</strong></span> <span class='ocrx_word' id='word_1_211' title='bbox 866 2108 933 2165; x_wconf 91' lang='lat' dir='ltr'><strong>nibil</strong></span> <span class='ocrx_word' id='word_1_212' title='bbox 954 2125 1014 2165; x_wconf 89' lang='lat' dir='ltr'><strong>cum</strong></span> <span class='ocrx_word' id='word_1_213' title='bbox 1036 2125 1102 2166; x_wconf 89' lang='lat' dir='ltr'><strong>esse</strong></span> <span class='ocrx_word' id='word_1_214' title='bbox 1115 2125 1273 2183; x_wconf 88' lang='lat' dir='ltr'><strong>perpessum</strong></span> <span class='ocrx_word' id='word_1_215' title='bbox 1295 2109 1477 2171; x_wconf 88' lang='lat' dir='ltr'><strong>concluderet,</strong></span> 
     </span>
     <span class='ocr_line' id='line_1_22' title="bbox 241 2193 1478 2269; baseline 0.001 -21"><span class='ocrx_word' id='word_1_216' title='bbox 241 2194 273 2248; x_wconf 83' lang='lat' dir='ltr'><strong>sic</strong></span> <span class='ocrx_word' id='word_1_217' title='bbox 285 2201 307 2255; x_wconf 85' lang='lat' dir='ltr'><strong>et</strong></span> <span class='ocrx_word' id='word_1_218' title='bbox 315 2194 456 2250; x_wconf 71' lang='lat' dir='ltr'><strong>exedentia</strong></span> <span class='ocrx_word' id='word_1_219' title='bbox 467 2193 559 2267; x_wconf 90' lang='lat' dir='ltr'><strong>lapsus</strong></span> <span class='ocrx_word' id='word_1_220' title='bbox 573 2193 669 2250; x_wconf 85' lang='lat' dir='ltr'><strong>confici</strong></span> <span class='ocrx_word' id='word_1_221' title='bbox 680 2194 753 2250; x_wconf 92' lang='lat' dir='ltr'><strong>nulla</strong></span> <span class='ocrx_word' id='word_1_222' title='bbox 765 2196 868 2251; x_wconf 90' lang='lat' dir='ltr'><strong>ratione</strong></span> <span class='ocrx_word' id='word_1_223' title='bbox 880 2201 981 2269; x_wconf 89' lang='lat' dir='ltr'><strong>potest,</strong></span> <span class='ocrx_word' id='word_1_224' title='bbox 995 2210 1056 2250; x_wconf 92' lang='lat' dir='ltr'><strong>eum</strong></span> <span class='ocrx_word' id='word_1_225' title='bbox 1067 2194 1146 2250; x_wconf 89' lang='lat' dir='ltr'><strong>minis</strong></span> <span class='ocrx_word' id='word_1_226' title='bbox 1159 2203 1204 2250; x_wconf 91' lang='lat' dir='ltr'><strong>aut</strong></span> <span class='ocrx_word' id='word_1_227' title='bbox 1215 2195 1339 2268; x_wconf 89' lang='lat' dir='ltr'><strong>praemiis</strong></span> <span class='ocrx_word' id='word_1_228' title='bbox 1351 2196 1478 2251; x_wconf 85' lang='lat' dir='ltr'><strong>invictum</strong></span> 
     </span>
     <span class='ocr_line' id='line_1_23' title="bbox 241 2276 1455 2354; baseline 0.003 -23"><span class='ocrx_word' id='word_1_229' title='bbox 241 2276 317 2334; x_wconf 83' lang='lat' dir='ltr'><strong>luisse</strong></span> <span class='ocrx_word' id='word_1_230' title='bbox 342 2278 448 2335; x_wconf 79' lang='lat' dir='ltr'><strong>dullum</strong></span> <span class='ocrx_word' id='word_1_231' title='bbox 464 2281 554 2352; x_wconf 87' lang='lat' dir='ltr'><strong>itaque</strong></span> <span class='ocrx_word' id='word_1_232' title='bbox 570 2277 600 2335; x_wconf 85' lang='lat' dir='ltr'><strong>bt</strong></span> <span class='ocrx_word' id='word_1_233' title='bbox 615 2278 649 2336; x_wconf 93' lang='lat' dir='ltr'><strong>de</strong></span> <span class='ocrx_word' id='word_1_234' title='bbox 664 2278 744 2350; x_wconf 82' lang='lat' dir='ltr'><strong>hujus</strong></span> <span class='ocrx_word' id='word_1_235' title='bbox 760 2278 892 2353; x_wconf 90' lang='lat' dir='ltr'><strong>epistolae</strong></span> <span class='ocrx_word' id='word_1_236' title='bbox 907 2279 1063 2335; x_wconf 86' lang='lat' dir='ltr'><strong>sinceritate</strong></span> <span class='ocrx_word' id='word_1_237' title='bbox 1077 2277 1187 2335; x_wconf 90' lang='lat' dir='ltr'><strong>dubium</strong></span> <span class='ocrx_word' id='word_1_238' title='bbox 1206 2279 1311 2336; x_wconf 90' lang='lat' dir='ltr'><strong>nullave</strong></span> <span class='ocrx_word' id='word_1_239' title='bbox 1327 2281 1455 2354; x_wconf 88' lang='lat' dir='ltr'><strong>suspicio.</strong></span> 
     </span>
    </p>

    <p class='ocr_par' dir='ltr' id='par_1_4' title="bbox 228 2363 1479 2779">
     <span class='ocr_line' id='line_1_24' title="bbox 309 2363 1478 2439; baseline 0 -19"><span class='ocrx_word' id='word_1_240' title='bbox 309 2363 333 2420; x_wconf 84' lang='lat'><strong>3.</strong></span> <span class='ocrx_word' id='word_1_241' title='bbox 360 2364 416 2420; x_wconf 85' lang='lat' dir='ltr'><strong>lam</strong></span> <span class='ocrx_word' id='word_1_242' title='bbox 432 2366 455 2420; x_wconf 92' lang='lat' dir='ltr'><strong>si</strong></span> <span class='ocrx_word' id='word_1_243' title='bbox 472 2366 533 2438; x_wconf 85' lang='lat' dir='ltr'><strong>quis</strong></span> <span class='ocrx_word' id='word_1_244' title='bbox 548 2373 669 2437; x_wconf 86' lang='lat' dir='ltr'><strong>quaeret,</strong></span> <span class='ocrx_word' id='word_1_245' title='bbox 685 2364 718 2419; x_wconf 90' lang='lat' dir='ltr'><strong>ad</strong></span> <span class='ocrx_word' id='word_1_246' title='bbox 733 2363 807 2439; x_wconf 89' lang='lat' dir='ltr'><strong>quod</strong></span> <span class='ocrx_word' id='word_1_247' title='bbox 822 2365 964 2439; x_wconf 84' lang='lat' dir='ltr'><strong>praecipue</strong></span> <span class='ocrx_word' id='word_1_248' title='bbox 979 2372 1087 2438; x_wconf 87' lang='lat' dir='ltr'><strong>tempus</strong></span> <span class='ocrx_word' id='word_1_249' title='bbox 1102 2364 1198 2421; x_wconf 82' lang='lat' dir='ltr'><strong>referri</strong></span> <span class='ocrx_word' id='word_1_250' title='bbox 1219 2363 1328 2429; x_wconf 89' lang='lat' dir='ltr'><strong>debeat,</strong></span> <span class='ocrx_word' id='word_1_251' title='bbox 1352 2364 1428 2422; x_wconf 88' lang='lat' dir='ltr'><strong>iaciie</strong></span> <span class='ocrx_word' id='word_1_252' title='bbox 1448 2380 1478 2420; x_wconf 90' lang='lat' dir='ltr'><strong>se</strong></span> 
     </span>
     <span class='ocr_line' id='line_1_25' title="bbox 236 2446 1478 2523; baseline 0.002 -20"><span class='ocrx_word' id='word_1_253' title='bbox 236 2446 316 2511; x_wconf 82' lang='lat' dir='ltr'><strong>oden.</strong></span> <span class='ocrx_word' id='word_1_254' title='bbox 335 2465 389 2504; x_wconf 86' lang='lat' dir='ltr'><strong>eam</strong></span> <span class='ocrx_word' id='word_1_255' title='bbox 409 2458 467 2505; x_wconf 93' lang='lat' dir='ltr'><strong>tum</strong></span> <span class='ocrx_word' id='word_1_256' title='bbox 491 2452 617 2523; x_wconf 87' lang='lat' dir='ltr'><strong>scriptam</strong></span> <span class='ocrx_word' id='word_1_257' title='bbox 639 2449 736 2512; x_wconf 81' lang='lat' dir='ltr'><strong>fuisse,</strong></span> <span class='ocrx_word' id='word_1_258' title='bbox 759 2467 842 2523; x_wconf 86' lang='lat' dir='ltr'><strong>quum</strong></span> <span class='ocrx_word' id='word_1_259' title='bbox 864 2449 950 2505; x_wconf 84' lang='lat' dir='ltr'><strong>&#39;lutus</strong></span> <span class='ocrx_word' id='word_1_260' title='bbox 971 2451 998 2505; x_wconf 89' lang='lat' dir='ltr'><strong>iu</strong></span> <span class='ocrx_word' id='word_1_261' title='bbox 1019 2447 1117 2505; x_wconf 81' lang='lat' dir='ltr'><strong>Urbem</strong></span> <span class='ocrx_word' id='word_1_262' title='bbox 1137 2466 1280 2523; x_wconf 81' lang='lat' dir='ltr'><strong>regressus</strong></span> <span class='ocrx_word' id='word_1_263' title='bbox 1301 2466 1393 2506; x_wconf 90' lang='lat' dir='ltr'><strong>rerum</strong></span> <span class='ocrx_word' id='word_1_264' title='bbox 1413 2466 1428 2505; x_wconf 90' lang='lat' dir='ltr'><strong>a</strong></span> <span class='ocrx_word' id='word_1_265' title='bbox 1448 2466 1478 2505; x_wconf 90' lang='lat' dir='ltr'><strong>se</strong></span> 
     </span>
     <span class='ocr_line' id='line_1_26' title="bbox 232 2533 1479 2609; baseline 0 -19"><span class='ocrx_word' id='word_1_266' title='bbox 232 2541 354 2608; x_wconf 68' lang='lat' dir='ltr'><strong>gaurum</strong></span> <span class='ocrx_word' id='word_1_267' title='bbox 367 2535 499 2591; x_wconf 88' lang='lat' dir='ltr'><strong>rationem</strong></span> <span class='ocrx_word' id='word_1_268' title='bbox 515 2533 596 2591; x_wconf 80' lang='lat' dir='ltr'><strong>Felici</strong></span> <span class='ocrx_word' id='word_1_269' title='bbox 610 2533 735 2591; x_wconf 89' lang='lat' dir='ltr'><strong>reddidit.</strong></span> <span class='ocrx_word' id='word_1_270' title='bbox 773 2534 861 2602; x_wconf 78' lang='lat' dir='ltr'><strong>Quum</strong></span> <span class='ocrx_word' id='word_1_271' title='bbox 882 2551 946 2591; x_wconf 86' lang='lat' dir='ltr'><strong>vero</strong></span> <span class='ocrx_word' id='word_1_272' title='bbox 968 2535 1076 2591; x_wconf 89' lang='lat' dir='ltr'><strong>nonnisi</strong></span> <span class='ocrx_word' id='word_1_273' title='bbox 1095 2543 1160 2609; x_wconf 88' lang='lat' dir='ltr'><strong>post</strong></span> <span class='ocrx_word' id='word_1_274' title='bbox 1174 2535 1254 2590; x_wconf 87' lang='lat' dir='ltr'><strong>latam</strong></span> <span class='ocrx_word' id='word_1_275' title='bbox 1270 2534 1398 2592; x_wconf 90' lang='lat' dir='ltr'><strong>adversus</strong></span> <span class='ocrx_word' id='word_1_276' title='bbox 1413 2537 1479 2591; x_wconf 81' lang='lat' dir='ltr'><strong>dea·</strong></span> 
     </span>
     <span class='ocr_line' id='line_1_27' title="bbox 230 2618 1479 2694; baseline 0.002 -20"><span class='ocrx_word' id='word_1_277' title='bbox 230 2621 297 2674; x_wconf 81' lang='lat' dir='ltr'><strong>cium</strong></span> <span class='ocrx_word' id='word_1_278' title='bbox 309 2621 462 2675; x_wconf 74' lang='lat' dir='ltr'><strong>muoentiam</strong></span> <span class='ocrx_word' id='word_1_279' title='bbox 478 2619 619 2694; x_wconf 82' lang='lat' dir='ltr'><strong>delegatus</strong></span> <span class='ocrx_word' id='word_1_280' title='bbox 635 2628 681 2676; x_wconf 91' lang='lat' dir='ltr'><strong>aut</strong></span> <span class='ocrx_word' id='word_1_281' title='bbox 692 2619 954 2694; x_wconf 85' lang='lat' dir='ltr'><strong>Constantinopolim</strong></span> <span class='ocrx_word' id='word_1_282' title='bbox 964 2621 1063 2676; x_wconf 90' lang='lat' dir='ltr'><strong>missus</strong></span> <span class='ocrx_word' id='word_1_283' title='bbox 1075 2618 1165 2683; x_wconf 87' lang='lat' dir='ltr'><strong>inerit,</strong></span> <span class='ocrx_word' id='word_1_284' title='bbox 1183 2620 1210 2676; x_wconf 87' lang='lat' dir='ltr'><strong>ir.</strong></span> <span class='ocrx_word' id='word_1_285' title='bbox 1220 2637 1244 2676; x_wconf 90' lang='lat' dir='ltr'><strong>e.</strong></span> <span class='ocrx_word' id='word_1_286' title='bbox 1261 2628 1325 2694; x_wconf 91' lang='lat' dir='ltr'><strong>post</strong></span> <span class='ocrx_word' id='word_1_287' title='bbox 1337 2619 1363 2676; x_wconf 93' lang='lat' dir='ltr'><strong>d.</strong></span> <span class='ocrx_word' id='word_1_288' title='bbox 1373 2619 1412 2677; x_wconf 81' lang='lat'><strong>28</strong></span> <span class='ocrx_word' id='word_1_289' title='bbox 1424 2618 1479 2676; x_wconf 86' lang='lat' dir='ltr'><strong>lul.</strong></span> 
     </span>
     <span class='ocr_line' id='line_1_28' title="bbox 228 2703 1478 2779; baseline 0.002 -19"><span class='ocrx_word' id='word_1_290' title='bbox 228 2703 290 2760; x_wconf 80' lang='lat' dir='ltr'><strong>anni</strong></span> <span class='ocrx_word' id='word_1_291' title='bbox 301 2703 364 2766; x_wconf 83' lang='lat' dir='ltr'><strong>tet,</strong></span> <span class='ocrx_word' id='word_1_292' title='bbox 385 2705 456 2762; x_wconf 87' lang='lat' dir='ltr'><strong>circa</strong></span> <span class='ocrx_word' id='word_1_293' title='bbox 471 2703 592 2776; x_wconf 87' lang='lat' dir='ltr'><strong>ejusdem</strong></span> <span class='ocrx_word' id='word_1_294' title='bbox 608 2707 670 2761; x_wconf 90' lang='lat' dir='ltr'><strong>anni</strong></span> <span class='ocrx_word' id='word_1_295' title='bbox 685 2706 786 2762; x_wconf 80' lang='lat' dir='ltr'><strong>exitum</strong></span> <span class='ocrx_word' id='word_1_296' title='bbox 802 2703 915 2761; x_wconf 84' lang='lat' dir='ltr'><strong>adscribi</strong></span> <span class='ocrx_word' id='word_1_297' title='bbox 931 2704 1072 2761; x_wconf 88' lang='lat' dir='ltr'><strong>commode</strong></span> <span class='ocrx_word' id='word_1_298' title='bbox 1083 2713 1184 2779; x_wconf 91' lang='lat' dir='ltr'><strong>potest,</strong></span> <span class='ocrx_word' id='word_1_299' title='bbox 1206 2713 1362 2779; x_wconf 91' lang='lat' dir='ltr'><strong>computato</strong></span> <span class='ocrx_word' id='word_1_300' title='bbox 1381 2707 1478 2779; x_wconf 85' lang='lat' dir='ltr'><strong>spatio.</strong></span> 
     </span>
    </p>

    <p class='ocr_par' dir='ltr' id='par_1_5' title="bbox 224 2784 1303 2865">
     <span class='ocr_line' id='line_1_29' title="bbox 224 2784 1303 2865; baseline 0.002 -21"><span class='ocrx_word' id='word_1_301' title='bbox 224 2788 373 2863; x_wconf 78' lang='lat' dir='ltr'><strong>quoiates</strong></span> <span class='ocrx_word' id='word_1_302' title='bbox 387 2788 650 2864; x_wconf 84' lang='lat' dir='ltr'><strong>Constantinopolim</strong></span> <span class='ocrx_word' id='word_1_303' title='bbox 665 2791 705 2847; x_wconf 93' lang='lat' dir='ltr'><strong>ire</strong></span> <span class='ocrx_word' id='word_1_304' title='bbox 719 2789 836 2864; x_wconf 88' lang='lat' dir='ltr'><strong>indeque</strong></span> <span class='ocrx_word' id='word_1_305' title='bbox 851 2789 939 2847; x_wconf 87' lang='lat' dir='ltr'><strong>redire</strong></span> <span class='ocrx_word' id='word_1_306' title='bbox 959 2792 1088 2865; x_wconf 91' lang='lat' dir='ltr'><strong>potuerit.</strong></span> <span class='ocrx_word' id='word_1_307' title='bbox 1298 2784 1303 2792; x_wconf 85' lang='grc'>’</span> 
     </span>
    </p>

    <p class='ocr_par' dir='ltr' id='par_1_6' title="bbox 210 2873 1561 3889">
     <span class='ocr_line' id='line_1_30' title="bbox 306 2873 1561 2959; baseline 0.001 -28"><span class='ocrx_word' id='word_1_308' title='bbox 306 2874 334 2930; x_wconf 89' lang='grc'><strong>4.</strong></span> <span class='ocrx_word' id='word_1_309' title='bbox 360 2873 442 2931; x_wconf 82' lang='lat' dir='ltr'><strong>Nobis</strong></span> <span class='ocrx_word' id='word_1_310' title='bbox 458 2874 567 2949; x_wconf 89' lang='lat' dir='ltr'><strong>quidem</strong></span> <span class='ocrx_word' id='word_1_311' title='bbox 582 2877 638 2931; x_wconf 89' lang='lat' dir='ltr'><strong>veri</strong></span> <span class='ocrx_word' id='word_1_312' title='bbox 654 2892 715 2932; x_wconf 88' lang='lat' dir='ltr'><strong>esse</strong></span> <span class='ocrx_word' id='word_1_313' title='bbox 729 2875 843 2931; x_wconf 90' lang='lat' dir='ltr'><strong>similius</strong></span> <span class='ocrx_word' id='word_1_314' title='bbox 860 2874 973 2937; x_wconf 83' lang='lat' dir='ltr'><strong>ridetur,</strong></span> <span class='ocrx_word' id='word_1_315' title='bbox 988 2874 1110 2932; x_wconf 82' lang='lat' dir='ltr'><strong>fraudem</strong></span> <span class='ocrx_word' id='word_1_316' title='bbox 1122 2876 1184 2932; x_wconf 85' lang='lat' dir='ltr'><strong>&#39;iuti</strong></span> <span class='ocrx_word' id='word_1_317' title='bbox 1194 2874 1302 2932; x_wconf 88' lang='lat' dir='ltr'><strong>demum</strong></span> <span class='ocrx_word' id='word_1_318' title='bbox 1317 2883 1381 2950; x_wconf 91' lang='lat' dir='ltr'><strong>post</strong></span> <span class='ocrx_word' id='word_1_319' title='bbox 1395 2893 1477 2949; x_wconf 75' lang='lat' dir='ltr'><strong>syno-</strong></span> <span class='ocrx_word' id='word_1_320' title='bbox 1491 2889 1561 2959; x_wconf 63' lang='lat' dir='ltr'><strong>[En]</strong></span> 
     </span>
     <span class='ocr_line' id='line_1_31' title="bbox 220 2958 1478 3035; baseline 0.003 -21"><span class='ocrx_word' id='word_1_321' title='bbox 220 2959 288 3015; x_wconf 84' lang='lat' dir='ltr'><strong>dum</strong></span> <span class='ocrx_word' id='word_1_322' title='bbox 301 2961 359 3016; x_wconf 87' lang='lat' dir='ltr'><strong>anni</strong></span> <span class='ocrx_word' id='word_1_323' title='bbox 373 2958 452 3024; x_wconf 80' lang='lat'><strong>485,</strong></span> <span class='ocrx_word' id='word_1_324' title='bbox 474 2959 545 3016; x_wconf 90' lang='lat' dir='ltr'><strong>unde</strong></span> <span class='ocrx_word' id='word_1_325' title='bbox 567 2960 682 3035; x_wconf 91' lang='lat' dir='ltr'><strong>epistola</strong></span> <span class='ocrx_word' id='word_1_326' title='bbox 702 2960 863 3017; x_wconf 87' lang='lat' dir='ltr'><strong>antecedens</strong></span> <span class='ocrx_word' id='word_1_327' title='bbox 885 2961 964 3016; x_wconf 88' lang='lat' dir='ltr'><strong>missa</strong></span> <span class='ocrx_word' id='word_1_328' title='bbox 985 2968 1036 3023; x_wconf 87' lang='lat' dir='ltr'><strong>est,</strong></span> <span class='ocrx_word' id='word_1_329' title='bbox 1057 2959 1204 3022; x_wconf 86' lang='lat' dir='ltr'><strong>detectam,</strong></span> <span class='ocrx_word' id='word_1_330' title='bbox 1225 2962 1316 3034; x_wconf 88' lang='lat' dir='ltr'><strong>itaque</strong></span> <span class='ocrx_word' id='word_1_331' title='bbox 1337 2961 1478 3035; x_wconf 87' lang='lat' dir='ltr'><strong>epistolam</strong></span> 
     </span>
     <span class='ocr_line' id='line_1_32' title="bbox 220 3043 1479 3119; baseline 0.002 -18"><span class='ocrx_word' id='word_1_332' title='bbox 220 3051 340 3101; x_wconf 76' lang='lat' dir='ltr'><strong>nostram</strong></span> <span class='ocrx_word' id='word_1_333' title='bbox 354 3045 385 3101; x_wconf 90' lang='lat' dir='ltr'><strong>ad</strong></span> <span class='ocrx_word' id='word_1_334' title='bbox 402 3043 482 3101; x_wconf 85' lang='lat' dir='ltr'><strong>tinem</strong></span> <span class='ocrx_word' id='word_1_335' title='bbox 497 3044 578 3115; x_wconf 88' lang='lat' dir='ltr'><strong>hujus</strong></span> <span class='ocrx_word' id='word_1_336' title='bbox 594 3047 656 3102; x_wconf 92' lang='lat' dir='ltr'><strong>anni</strong></span> <span class='ocrx_word' id='word_1_337' title='bbox 672 3045 838 3102; x_wconf 76' lang='lat' dir='ltr'><strong>referendam</strong></span> <span class='ocrx_word' id='word_1_338' title='bbox 860 3062 928 3101; x_wconf 90' lang='lat' dir='ltr'><strong>esse.</strong></span> <span class='ocrx_word' id='word_1_339' title='bbox 966 3043 1136 3119; x_wconf 83' lang='lat' dir='ltr'><strong>Quapropter</strong></span> <span class='ocrx_word' id='word_1_340' title='bbox 1156 3062 1213 3101; x_wconf 88' lang='lat' dir='ltr'><strong>eam</strong></span> <span class='ocrx_word' id='word_1_341' title='bbox 1234 3054 1328 3102; x_wconf 91' lang='lat' dir='ltr'><strong>contra</strong></span> <span class='ocrx_word' id='word_1_342' title='bbox 1348 3046 1479 3103; x_wconf 86' lang='lat' dir='ltr'><strong>Constan-</strong></span> 
     </span>
     <span class='ocr_line' id='line_1_33' title="bbox 217 3128 1478 3205; baseline 0.001 -19"><span class='ocrx_word' id='word_1_343' title='bbox 217 3131 288 3186; x_wconf 79' lang='lat' dir='ltr'><strong>aaa</strong></span> <span class='ocrx_word' id='word_1_344' title='bbox 302 3129 340 3186; x_wconf 90' lang='lat' dir='ltr'><strong>illi</strong></span> <span class='ocrx_word' id='word_1_345' title='bbox 354 3129 569 3204; x_wconf 88' lang='lat' dir='ltr'><strong>postponendam</strong></span> <span class='ocrx_word' id='word_1_346' title='bbox 584 3131 636 3187; x_wconf 88' lang='lat' dir='ltr'><strong>hoc</strong></span> <span class='ocrx_word' id='word_1_347' title='bbox 656 3131 717 3187; x_wconf 90' lang='lat' dir='ltr'><strong>loco</strong></span> <span class='ocrx_word' id='word_1_348' title='bbox 739 3131 899 3205; x_wconf 85' lang='lat' dir='ltr'><strong>putavimus.</strong></span> <span class='ocrx_word' id='word_1_349' title='bbox 936 3130 1000 3186; x_wconf 87' lang='lat' dir='ltr'><strong>Nam</strong></span> <span class='ocrx_word' id='word_1_350' title='bbox 1022 3130 1158 3186; x_wconf 89' lang='lat' dir='ltr'><strong>concessis</strong></span> <span class='ocrx_word' id='word_1_351' title='bbox 1180 3128 1317 3193; x_wconf 88' lang='lat' dir='ltr'><strong>omuibus,</strong></span> <span class='ocrx_word' id='word_1_352' title='bbox 1340 3147 1407 3205; x_wconf 89' lang='lat' dir='ltr'><strong>quae</strong></span> <span class='ocrx_word' id='word_1_353' title='bbox 1428 3148 1478 3187; x_wconf 89' lang='lat' dir='ltr'><strong>suo</strong></span> 
     </span>
     <span class='ocr_line' id='line_1_34' title="bbox 216 3214 1479 3290; baseline 0.002 -19"><span class='ocrx_word' id='word_1_354' title='bbox 216 3231 296 3271; x_wconf 84' lang='lat' dir='ltr'><strong>more</strong></span> <span class='ocrx_word' id='word_1_355' title='bbox 310 3214 419 3272; x_wconf 77' lang='lat' dir='ltr'><strong>candide</strong></span> <span class='ocrx_word' id='word_1_356' title='bbox 430 3223 459 3272; x_wconf 90' lang='lat' dir='ltr'><strong>et</strong></span> <span class='ocrx_word' id='word_1_357' title='bbox 469 3223 564 3290; x_wconf 79' lang='lat' dir='ltr'><strong>argute</strong></span> <span class='ocrx_word' id='word_1_358' title='bbox 576 3215 695 3290; x_wconf 87' lang='lat' dir='ltr'><strong>disputat</strong></span> <span class='ocrx_word' id='word_1_359' title='bbox 705 3217 745 3272; x_wconf 81' lang='lat' dir='ltr'><strong>sir</strong></span> <span class='ocrx_word' id='word_1_360' title='bbox 756 3216 929 3280; x_wconf 88' lang='lat' dir='ltr'><strong>clarissimus,</strong></span> <span class='ocrx_word' id='word_1_361' title='bbox 942 3224 1031 3271; x_wconf 89' lang='lat' dir='ltr'><strong>tamen</strong></span> <span class='ocrx_word' id='word_1_362' title='bbox 1043 3216 1085 3271; x_wconf 84' lang='lat' dir='ltr'><strong>vin</strong></span> <span class='ocrx_word' id='word_1_363' title='bbox 1097 3215 1207 3272; x_wconf 89' lang='lat' dir='ltr'><strong>credere</strong></span> <span class='ocrx_word' id='word_1_364' title='bbox 1218 3232 1372 3290; x_wconf 90' lang='lat' dir='ltr'><strong>possumus,</strong></span> <span class='ocrx_word' id='word_1_365' title='bbox 1380 3215 1479 3273; x_wconf 85' lang='lat' dir='ltr'><strong>&#39;lutum</strong></span> 
     </span>
     <span class='ocr_line' id='line_1_35' title="bbox 214 3298 1480 3375; baseline 0 -18"><span class='ocrx_word' id='word_1_366' title='bbox 214 3316 307 3373; x_wconf 82' lang='lat' dir='ltr'><strong>nuper</strong></span> <span class='ocrx_word' id='word_1_367' title='bbox 323 3299 472 3357; x_wconf 82' lang='lat' dir='ltr'><strong>defensoris</strong></span> <span class='ocrx_word' id='word_1_368' title='bbox 488 3298 578 3358; x_wconf 83' lang='lat' dir='ltr'><strong>officio</strong></span> <span class='ocrx_word' id='word_1_369' title='bbox 594 3300 763 3358; x_wconf 85' lang='lat' dir='ltr'><strong>sollemniter</strong></span> <span class='ocrx_word' id='word_1_370' title='bbox 778 3309 902 3362; x_wconf 79' lang='lat' dir='ltr'><strong>erutum.</strong></span> <span class='ocrx_word' id='word_1_371' title='bbox 923 3302 951 3356; x_wconf 90' lang='lat' dir='ltr'><strong>in</strong></span> <span class='ocrx_word' id='word_1_372' title='bbox 973 3300 1060 3357; x_wconf 88' lang='lat' dir='ltr'><strong>dictae</strong></span> <span class='ocrx_word' id='word_1_373' title='bbox 1080 3300 1177 3374; x_wconf 83' lang='lat' dir='ltr'><strong>synodi</strong></span> <span class='ocrx_word' id='word_1_374' title='bbox 1193 3300 1308 3375; x_wconf 88' lang='lat' dir='ltr'><strong>epistola</strong></span> <span class='ocrx_word' id='word_1_375' title='bbox 1322 3301 1396 3358; x_wconf 92' lang='lat' dir='ltr'><strong>nulla</strong></span> <span class='ocrx_word' id='word_1_376' title='bbox 1411 3303 1480 3359; x_wconf 81' lang='lat' dir='ltr'><strong>ritu-</strong></span> 
     </span>
     <span class='ocr_line' id='line_1_36' title="bbox 213 3384 1478 3463; baseline 0.002 -22"><span class='ocrx_word' id='word_1_377' title='bbox 213 3387 367 3460; x_wconf 78' lang='lat' dir='ltr'><strong>perationis</strong></span> <span class='ocrx_word' id='word_1_378' title='bbox 382 3393 447 3442; x_wconf 92' lang='lat' dir='ltr'><strong>nota</strong></span> <span class='ocrx_word' id='word_1_379' title='bbox 462 3385 782 3461; x_wconf 81' lang='lat' dir='ltr'><strong>interjectasimpliciter</strong></span> <span class='ocrx_word' id='word_1_380' title='bbox 796 3387 979 3458; x_wconf 82' lang='lat' dir='ltr'><strong>defensorem</strong></span> <span class='ocrx_word' id='word_1_381' title='bbox 993 3387 1152 3463; x_wconf 86' lang='lat' dir='ltr'><strong>nuncupari.</strong></span> <span class='ocrx_word' id='word_1_382' title='bbox 1184 3384 1267 3461; x_wconf 77' lang='lat' dir='ltr'><strong>lingis</strong></span> <span class='ocrx_word' id='word_1_383' title='bbox 1287 3387 1406 3461; x_wconf 85' lang='lat' dir='ltr'><strong>suspicio</strong></span> <span class='ocrx_word' id='word_1_384' title='bbox 1427 3395 1478 3452; x_wconf 84' lang='lat' dir='ltr'><strong>est.</strong></span> 
     </span>
     <span class='ocr_line' id='line_1_37' title="bbox 212 3468 1480 3547; baseline 0.001 -20"><span class='ocrx_word' id='word_1_385' title='bbox 212 3487 278 3527; x_wconf 82' lang='lat' dir='ltr'><strong>eum</strong></span> <span class='ocrx_word' id='word_1_386' title='bbox 295 3479 362 3527; x_wconf 87' lang='lat' dir='ltr'><strong>tunc</strong></span> <span class='ocrx_word' id='word_1_387' title='bbox 375 3471 496 3528; x_wconf 90' lang='lat' dir='ltr'><strong>nondum</strong></span> <span class='ocrx_word' id='word_1_388' title='bbox 510 3487 649 3528; x_wconf 82' lang='lat' dir='ltr'><strong>reversum</strong></span> <span class='ocrx_word' id='word_1_389' title='bbox 664 3468 775 3528; x_wconf 83' lang='lat' dir='ltr'><strong>Romam</strong></span> <span class='ocrx_word' id='word_1_390' title='bbox 791 3471 888 3536; x_wconf 79' lang='lat' dir='ltr'><strong>luisse,</strong></span> <span class='ocrx_word' id='word_1_391' title='bbox 911 3471 982 3528; x_wconf 91' lang='lat' dir='ltr'><strong>unde</strong></span> <span class='ocrx_word' id='word_1_392' title='bbox 997 3471 1119 3545; x_wconf 79' lang='lat' dir='ltr'><strong>synodus</strong></span> <span class='ocrx_word' id='word_1_393' title='bbox 1134 3471 1264 3536; x_wconf 89' lang='lat' dir='ltr'><strong>sollicita,</strong></span> <span class='ocrx_word' id='word_1_394' title='bbox 1287 3489 1321 3529; x_wconf 89' lang='lat' dir='ltr'><strong>ne</strong></span> <span class='ocrx_word' id='word_1_395' title='bbox 1343 3472 1414 3530; x_wconf 87' lang='lat' dir='ltr'><strong>iorte</strong></span> <span class='ocrx_word' id='word_1_396' title='bbox 1428 3473 1480 3547; x_wconf 89' lang='lat' dir='ltr'><strong>ipsi</strong></span> 
     </span>
     <span class='ocr_line' id='line_1_38' title="bbox 213 3555 1479 3633; baseline 0.001 -22"><span class='ocrx_word' id='word_1_397' title='bbox 213 3565 249 3611; x_wconf 87' lang='lat' dir='ltr'><strong>nt</strong></span> <span class='ocrx_word' id='word_1_398' title='bbox 265 3556 327 3611; x_wconf 82' lang='lat' dir='ltr'><strong>aliis</strong></span> <span class='ocrx_word' id='word_1_399' title='bbox 348 3555 444 3630; x_wconf 76' lang='lat' dir='ltr'><strong>legatis</strong></span> <span class='ocrx_word' id='word_1_400' title='bbox 465 3558 610 3633; x_wconf 76' lang='lat' dir='ltr'><strong>contigerit</strong></span> <span class='ocrx_word' id='word_1_401' title='bbox 632 3565 677 3613; x_wconf 91' lang='lat' dir='ltr'><strong>aut</strong></span> <span class='ocrx_word' id='word_1_402' title='bbox 697 3558 862 3632; x_wconf 86' lang='lat' dir='ltr'><strong>interceptae</strong></span> <span class='ocrx_word' id='word_1_403' title='bbox 882 3557 988 3614; x_wconf 89' lang='lat' dir='ltr'><strong>litterae</strong></span> <span class='ocrx_word' id='word_1_404' title='bbox 1009 3556 1123 3620; x_wconf 88' lang='lat' dir='ltr'><strong>inerint,</strong></span> <span class='ocrx_word' id='word_1_405' title='bbox 1144 3573 1189 3614; x_wconf 89' lang='lat' dir='ltr'><strong>eas</strong></span> <span class='ocrx_word' id='word_1_406' title='bbox 1210 3555 1369 3628; x_wconf 85' lang='lat' dir='ltr'><strong>adjiciendas</strong></span> <span class='ocrx_word' id='word_1_407' title='bbox 1390 3557 1479 3614; x_wconf 91' lang='lat' dir='ltr'><strong>denuo</strong></span> 
     </span>
     <span class='ocr_line' id='line_1_39' title="bbox 210 3640 1480 3717; baseline 0.001 -20"><span class='ocrx_word' id='word_1_408' title='bbox 210 3642 355 3697; x_wconf 79' lang='lat' dir='ltr'><strong>censuerit</strong></span> <span class='ocrx_word' id='word_1_409' title='bbox 381 3640 426 3714; x_wconf 87' lang='lat' dir='ltr'><strong>(ci.</strong></span> <span class='ocrx_word' id='word_1_410' title='bbox 443 3644 569 3717; x_wconf 91' lang='lat' dir='ltr'><strong>epist.11</strong></span> <span class='ocrx_word' id='word_1_411' title='bbox 593 3640 669 3715; x_wconf 73' lang='lat' dir='ltr'><strong>md).</strong></span> <span class='ocrx_word' id='word_1_412' title='bbox 706 3640 765 3709; x_wconf 84' lang='lat' dir='ltr'><strong>Quo</strong></span> <span class='ocrx_word' id='word_1_413' title='bbox 787 3642 857 3699; x_wconf 86' lang='lat' dir='ltr'><strong>iacto</strong></span> <span class='ocrx_word' id='word_1_414' title='bbox 879 3642 1005 3716; x_wconf 80' lang='lat' dir='ltr'><strong>lutoque</strong></span> <span class='ocrx_word' id='word_1_415' title='bbox 1026 3658 1135 3699; x_wconf 89' lang='lat' dir='ltr'><strong>reverso</strong></span> <span class='ocrx_word' id='word_1_416' title='bbox 1156 3651 1184 3698; x_wconf 89' lang='lat' dir='ltr'><strong>et</strong></span> <span class='ocrx_word' id='word_1_417' title='bbox 1204 3658 1266 3698; x_wconf 82' lang='lat' dir='ltr'><strong>mon</strong></span> <span class='ocrx_word' id='word_1_418' title='bbox 1285 3659 1335 3716; x_wconf 92' lang='lat' dir='ltr'><strong>per</strong></span> <span class='ocrx_word' id='word_1_419' title='bbox 1354 3643 1480 3699; x_wconf 85' lang='lat' dir='ltr'><strong>llasiliurn</strong></span> 
     </span>
     <span class='ocr_line' id='line_1_40' title="bbox 213 3726 1481 3801; baseline 0.002 -19"><span class='ocrx_word' id='word_1_420' title='bbox 213 3728 290 3782; x_wconf 81' lang='lat' dir='ltr'><strong>tristi</strong></span> <span class='ocrx_word' id='word_1_421' title='bbox 308 3727 405 3782; x_wconf 90' lang='lat' dir='ltr'><strong>nuntio</strong></span> <span class='ocrx_word' id='word_1_422' title='bbox 420 3726 454 3782; x_wconf 91' lang='lat' dir='ltr'><strong>de</strong></span> <span class='ocrx_word' id='word_1_423' title='bbox 470 3726 528 3798; x_wconf 87' lang='lat' dir='ltr'><strong>ejus</strong></span> <span class='ocrx_word' id='word_1_424' title='bbox 543 3729 720 3784; x_wconf 88' lang='lat' dir='ltr'><strong>inconstantia</strong></span> <span class='ocrx_word' id='word_1_425' title='bbox 737 3727 832 3792; x_wconf 87' lang='lat' dir='ltr'><strong>allato,</strong></span> <span class='ocrx_word' id='word_1_426' title='bbox 851 3726 974 3801; x_wconf 78' lang='lat' dir='ltr'><strong>pontifex</strong></span> <span class='ocrx_word' id='word_1_427' title='bbox 989 3728 1016 3783; x_wconf 91' lang='lat' dir='ltr'><strong>in</strong></span> <span class='ocrx_word' id='word_1_428' title='bbox 1032 3744 1103 3784; x_wconf 84' lang='lat' dir='ltr'><strong>novo</strong></span> <span class='ocrx_word' id='word_1_429' title='bbox 1119 3735 1261 3785; x_wconf 85' lang='lat' dir='ltr'><strong>conventa</strong></span> <span class='ocrx_word' id='word_1_430' title='bbox 1273 3728 1406 3801; x_wconf 81' lang='lat' dir='ltr'><strong>fratrum</strong></span> <span class='ocrx_word' id='word_1_431' title='bbox 1419 3745 1481 3784; x_wconf 90' lang='lat' dir='ltr'><strong>sen·</strong></span> 
     </span>
     <span class='ocr_line' id='line_1_41' title="bbox 211 3812 1480 3889; baseline 0.002 -21"><span class='ocrx_word' id='word_1_432' title='bbox 211 3814 328 3868; x_wconf 73' lang='lat' dir='ltr'><strong>tentiam</strong></span> <span class='ocrx_word' id='word_1_433' title='bbox 343 3813 372 3869; x_wconf 91' lang='lat' dir='ltr'><strong>in</strong></span> <span class='ocrx_word' id='word_1_434' title='bbox 387 3828 449 3868; x_wconf 85' lang='lat' dir='ltr'><strong>eum</strong></span> <span class='ocrx_word' id='word_1_435' title='bbox 464 3813 526 3869; x_wconf 90' lang='lat' dir='ltr'><strong>tulit</strong></span> <span class='ocrx_word' id='word_1_436' title='bbox 541 3821 569 3870; x_wconf 91' lang='lat' dir='ltr'><strong>et</strong></span> <span class='ocrx_word' id='word_1_437' title='bbox 584 3812 634 3870; x_wconf 88' lang='lat' dir='ltr'><strong>bac</strong></span> <span class='ocrx_word' id='word_1_438' title='bbox 648 3813 763 3887; x_wconf 89' lang='lat' dir='ltr'><strong>epistola</strong></span> <span class='ocrx_word' id='word_1_439' title='bbox 777 3812 942 3887; x_wconf 85' lang='lat' dir='ltr'><strong>presbyteris</strong></span> <span class='ocrx_word' id='word_1_440' title='bbox 955 3821 983 3870; x_wconf 89' lang='lat' dir='ltr'><strong>et</strong></span> <span class='ocrx_word' id='word_1_441' title='bbox 994 3812 1207 3870; x_wconf 89' lang='lat' dir='ltr'><strong>archimandritis</strong></span> <span class='ocrx_word' id='word_1_442' title='bbox 1220 3813 1480 3889; x_wconf 86' lang='lat' dir='ltr'><strong>Constantinopolim</strong></span> 
     </span>
    </p>
   </div>
   <div class='ocr_carea' id='block_1_3' title="bbox 209 3894 388 3972">
    <p class='ocr_par' dir='ltr' id='par_1_7' title="bbox 209 3894 388 3972">
     <span class='ocr_line' id='line_1_42' title="bbox 209 3894 388 3972; baseline -0.011 -18"><span class='ocrx_word' id='word_1_443' title='bbox 209 3894 388 3972; x_wconf 57' lang='lat' dir='ltr'><strong>manaa.</strong></span> 
     </span>
    </p>
   </div>
   <div class='ocr_carea' id='block_1_4' title="bbox 482 4014 1211 4148">
    <p class='ocr_par' dir='ltr' id='par_1_8' title="bbox 482 4014 1211 4148">
     <span class='ocr_line' id='line_1_43' title="bbox 482 4014 1211 4148; baseline 0 -21"><span class='ocrx_word' id='word_1_444' title='bbox 482 4065 521 4127; x_wconf 85' lang='lat' dir='ltr'><strong>In</strong></span> <span class='ocrx_word' id='word_1_445' title='bbox 541 4014 655 4128; x_wconf 71' lang='lat' dir='ltr'><strong>Felicis</strong></span> <span class='ocrx_word' id='word_1_446' title='bbox 669 4065 832 4144; x_wconf 73' lang='lat' dir='ltr'><strong>epistolam</strong></span> <span class='ocrx_word' id='word_1_447' title='bbox 853 4063 888 4127; x_wconf 76' lang='grc'><strong>13</strong></span> <span class='ocrx_word' id='word_1_448' title='bbox 910 4061 1049 4147; x_wconf 60' lang='lat' dir='ltr'><strong>tarano</strong></span> <span class='ocrx_word' id='word_1_449' title='bbox 1065 4064 1211 4148; x_wconf 82' lang='lat' dir='ltr'><strong>Boetio“).</strong></span> 
     </span>
    </p>
   </div>
   <div class='ocr_carea' id='block_1_5' title="bbox 210 4200 1542 4624">
    <p class='ocr_par' dir='ltr' id='par_1_9' title="bbox 210 4200 1542 4624">
     <span class='ocr_line' id='line_1_44' title="bbox 305 4200 1542 4296; baseline 0.006 -38"><span class='ocrx_word' id='word_1_450' title='bbox 305 4203 334 4259; x_wconf 92' lang='lat'><strong>1.</strong></span> <span class='ocrx_word' id='word_1_451' title='bbox 372 4200 519 4277; x_wconf 80' lang='lat' dir='ltr'><strong>Epistoiam</strong></span> <span class='ocrx_word' id='word_1_452' title='bbox 534 4205 601 4261; x_wconf 87' lang='lat' dir='ltr'><strong>hanc</strong></span> <span class='ocrx_word' id='word_1_453' title='bbox 616 4222 677 4261; x_wconf 91' lang='lat' dir='ltr'><strong>cum</strong></span> <span class='ocrx_word' id='word_1_454' title='bbox 693 4207 779 4280; x_wconf 82' lang='lat' dir='ltr'><strong>gestis</strong></span> <span class='ocrx_word' id='word_1_455' title='bbox 795 4207 819 4262; x_wconf 90' lang='lat' dir='ltr'><strong>ei</strong></span> <span class='ocrx_word' id='word_1_456' title='bbox 834 4204 958 4279; x_wconf 79' lang='lat' dir='ltr'><strong>praefixis</strong></span> <span class='ocrx_word' id='word_1_457' title='bbox 973 4215 1065 4263; x_wconf 89' lang='lat' dir='ltr'><strong>vetera</strong></span> <span class='ocrx_word' id='word_1_458' title='bbox 1079 4206 1261 4272; x_wconf 90' lang='lat' dir='ltr'><strong>collectionis,</strong></span> <span class='ocrx_word' id='word_1_459' title='bbox 1278 4224 1356 4283; x_wconf 88' lang='lat' dir='ltr'><strong>quam</strong></span> <span class='ocrx_word' id='word_1_460' title='bbox 1373 4203 1480 4266; x_wconf 90' lang='lat' dir='ltr'><strong>lladria·</strong></span> <span class='ocrx_word' id='word_1_461' title='bbox 1490 4226 1542 4296; x_wconf 84' lang='lat' dir='ltr'><strong>[n³]</strong></span> 
     </span>
     <span class='ocr_line' id='line_1_45' title="bbox 210 4288 1482 4367; baseline 0.003 -19"><span class='ocrx_word' id='word_1_462' title='bbox 210 4289 285 4348; x_wconf 68' lang='lat' dir='ltr'><strong>nuel</strong></span> <span class='ocrx_word' id='word_1_463' title='bbox 302 4288 399 4344; x_wconf 79' lang='lat' dir='ltr'><strong>Carolo</strong></span> <span class='ocrx_word' id='word_1_464' title='bbox 415 4288 511 4364; x_wconf 81' lang='lat' dir='ltr'><strong>llagno</strong></span> <span class='ocrx_word' id='word_1_465' title='bbox 526 4289 613 4354; x_wconf 90' lang='lat' dir='ltr'><strong>dedit,</strong></span> <span class='ocrx_word' id='word_1_466' title='bbox 635 4291 755 4365; x_wconf 83' lang='lat' dir='ltr'><strong>exempla</strong></span> <span class='ocrx_word' id='word_1_467' title='bbox 776 4290 904 4348; x_wconf 82' lang='lat' dir='ltr'><strong>exhibent</strong></span> <span class='ocrx_word' id='word_1_468' title='bbox 924 4308 984 4348; x_wconf 89' lang='lat' dir='ltr'><strong>cum</strong></span> <span class='ocrx_word' id='word_1_469' title='bbox 1004 4293 1057 4349; x_wconf 87' lang='lat' dir='ltr'><strong>lroc</strong></span> <span class='ocrx_word' id='word_1_470' title='bbox 1072 4292 1151 4348; x_wconf 90' lang='lat' dir='ltr'><strong>titulo</strong></span> <span class='ocrx_word' id='word_1_471' title='bbox 1166 4293 1193 4349; x_wconf 91' lang='lat' dir='ltr'><strong>in</strong></span> <span class='ocrx_word' id='word_1_472' title='bbox 1208 4292 1313 4350; x_wconf 81' lang='lat' dir='ltr'><strong>fronte:</strong></span> <span class='ocrx_word' id='word_1_473' title='bbox 1335 4294 1482 4367; x_wconf 82' lang='lat' dir='ltr'><strong>Incipiunt</strong></span> 
     </span>
     <span class='ocr_line' id='line_1_46' title="bbox 210 4375 1480 4453; baseline 0.002 -20"><span class='ocrx_word' id='word_1_474' title='bbox 210 4378 376 4433; x_wconf 73' lang='lat' dir='ltr'><strong>cannatum</strong></span> <span class='ocrx_word' id='word_1_475' title='bbox 389 4391 489 4448; x_wconf 83' lang='lat' dir='ltr'><strong>papae</strong></span> <span class='ocrx_word' id='word_1_476' title='bbox 511 4375 626 4432; x_wconf 80' lang='lat' dir='ltr'><strong>Felicis.</strong></span> <span class='ocrx_word' id='word_1_477' title='bbox 657 4377 849 4449; x_wconf 79' lang='lat' dir='ltr'><strong>Exemplan&#39;a</strong></span> <span class='ocrx_word' id='word_1_478' title='bbox 864 4384 1022 4451; x_wconf 79' lang='lat' dir='ltr'><strong>pastorum,</strong></span> <span class='ocrx_word' id='word_1_479' title='bbox 1044 4379 1146 4451; x_wconf 83' lang='lat' dir='ltr'><strong>quibas</strong></span> <span class='ocrx_word' id='word_1_480' title='bbox 1167 4380 1321 4453; x_wconf 75' lang='lat' dir='ltr'><strong>allepatam</strong></span> <span class='ocrx_word' id='word_1_481' title='bbox 1337 4388 1380 4436; x_wconf 89' lang='lat' dir='ltr'><strong>est</strong></span> <span class='ocrx_word' id='word_1_482' title='bbox 1392 4397 1480 4453; x_wconf 86' lang='lat' dir='ltr'><strong>prae·</strong></span> 
     </span>
     <span class='ocr_line' id='line_1_47' title="bbox 210 4453 1481 4540; baseline 0.004 -25"><span class='ocrx_word' id='word_1_483' title='bbox 210 4469 335 4535; x_wconf 69' lang='lat' dir='ltr'><strong>reptans</strong></span> <span class='ocrx_word' id='word_1_484' title='bbox 357 4453 405 4531; x_wconf 80' lang='grc' dir='ltr'><strong>(11ι</strong></span> <span class='ocrx_word' id='word_1_485' title='bbox 420 4461 530 4534; x_wconf 85' lang='lat' dir='ltr'><strong>antiqua</strong></span> <span class='ocrx_word' id='word_1_486' title='bbox 544 4477 625 4517; x_wconf 90' lang='lat' dir='ltr'><strong>manu</strong></span> <span class='ocrx_word' id='word_1_487' title='bbox 645 4464 766 4537; x_wconf 77' lang='lat' dir='ltr'><strong>altipeta</strong></span> <span class='ocrx_word' id='word_1_488' title='bbox 781 4470 848 4519; x_wconf 87' lang='lat' dir='ltr'><strong>sant</strong></span> <span class='ocrx_word' id='word_1_489' title='bbox 860 4461 1034 4535; x_wconf 85' lang='lat' dir='ltr'><strong>praecepta)</strong></span> <span class='ocrx_word' id='word_1_490' title='bbox 1054 4463 1161 4520; x_wconf 84' lang='lat' dir='ltr'><strong>Felicis</strong></span> <span class='ocrx_word' id='word_1_491' title='bbox 1171 4481 1281 4537; x_wconf 84' lang='lat' dir='ltr'><strong>papae.</strong></span> <span class='ocrx_word' id='word_1_492' title='bbox 1312 4465 1342 4520; x_wconf 94' lang='lat' dir='ltr'><strong>ln</strong></span> <span class='ocrx_word' id='word_1_493' title='bbox 1362 4464 1481 4540; x_wconf 80' lang='lat' dir='ltr'><strong>generali</strong></span> 
     </span>
     <span class='ocr_line' id='line_1_48' title="bbox 211 4543 1482 4624; baseline 0.002 -21"><span class='ocrx_word' id='word_1_494' title='bbox 211 4557 309 4604; x_wconf 81' lang='lat' dir='ltr'><strong>antem</strong></span> <span class='ocrx_word' id='word_1_495' title='bbox 332 4544 474 4602; x_wconf 89' lang='lat' dir='ltr'><strong>titulorum</strong></span> <span class='ocrx_word' id='word_1_496' title='bbox 494 4546 582 4603; x_wconf 87' lang='lat' dir='ltr'><strong>indice</strong></span> <span class='ocrx_word' id='word_1_497' title='bbox 602 4547 699 4604; x_wconf 87' lang='lat' dir='ltr'><strong>borum</strong></span> <span class='ocrx_word' id='word_1_498' title='bbox 720 4554 924 4623; x_wconf 88' lang='lat' dir='ltr'><strong>praeceptorum</strong></span> <span class='ocrx_word' id='word_1_499' title='bbox 944 4565 1048 4605; x_wconf 90' lang='lat' dir='ltr'><strong>summa</strong></span> <span class='ocrx_word' id='word_1_500' title='bbox 1073 4565 1104 4605; x_wconf 88' lang='lat' dir='ltr'><strong>ac</strong></span> <span class='ocrx_word' id='word_1_501' title='bbox 1124 4543 1264 4624; x_wconf 79' lang='lat' dir='ltr'><strong>gestorum</strong></span> <span class='ocrx_word' id='word_1_502' title='bbox 1284 4551 1423 4624; x_wconf 89' lang='lat' dir='ltr'><strong>inscriptio</strong></span> <span class='ocrx_word' id='word_1_503' title='bbox 1445 4550 1482 4606; x_wconf 86' lang='lat' dir='ltr'><strong>ita</strong></span> 
     </span>
    </p>
   </div>
   <div class='ocr_carea' id='block_1_6' title="bbox 209 4757 1483 4970">
    <p class='ocr_par' dir='ltr' id='par_1_10' title="bbox 209 4757 1483 4970">
     <span class='ocr_line' id='line_1_49' title="bbox 288 4757 1483 4844; baseline 0.007 -32"><span class='ocrx_word' id='word_1_504' title='bbox 288 4763 308 4825; x_wconf 89' lang='lat'><strong>¹)</strong></span> <span class='ocrx_word' id='word_1_505' title='bbox 328 4757 546 4839; x_wconf 39' lang='lat' dir='ltr'><strong>lta&#39;Coustaniii</strong></span> <span class='ocrx_word' id='word_1_506' title='bbox 563 4760 709 4830; x_wconf 80' lang='lat' dir='ltr'><strong>sententia,</strong></span> <span class='ocrx_word' id='word_1_507' title='bbox 728 4777 811 4841; x_wconf 73' lang='lat' dir='ltr'><strong>quarn</strong></span> <span class='ocrx_word' id='word_1_508' title='bbox 830 4761 941 4817; x_wconf 85' lang='lat' dir='ltr'><strong>omnino</strong></span> <span class='ocrx_word' id='word_1_509' title='bbox 960 4762 1116 4843; x_wconf 80' lang='lat' dir='ltr'><strong>opprimere</strong></span> <span class='ocrx_word' id='word_1_510' title='bbox 1130 4762 1207 4817; x_wconf 84' lang='lat' dir='ltr'><strong>nasas</strong></span> <span class='ocrx_word' id='word_1_511' title='bbox 1219 4761 1353 4818; x_wconf 81' lang='lat' dir='ltr'><strong>duximus</strong></span> <span class='ocrx_word' id='word_1_512' title='bbox 1380 4762 1483 4844; x_wconf 76' lang='lat' dir='ltr'><strong>Nostra</strong></span> 
     </span>
     <span class='ocr_line' id='line_1_50' title="bbox 209 4829 1482 4970; baseline 0.005 -90"><span class='ocrx_word' id='word_1_513' title='bbox 209 4829 912 4970; x_wconf 41' lang='grc' dir='ltr'><strong>ἴᾶξᾙῃὲιζϋωέξῖἔυῶἓξῖἰηῗιιζιιὲιὲωοξᾟητυωε</strong></span> <span class='ocrx_word' id='word_1_514' title='bbox 937 4847 1019 4900; x_wconf 83' lang='lat' dir='ltr'><strong>quana</strong></span> <span class='ocrx_word' id='word_1_515' title='bbox 1042 4833 1088 4886; x_wconf 90' lang='lat' dir='ltr'><strong>dle</strong></span> <span class='ocrx_word' id='word_1_516' title='bbox 1111 4835 1222 4902; x_wconf 83' lang='lat' dir='ltr'><strong>postea,</strong></span> <span class='ocrx_word' id='word_1_517' title='bbox 1246 4850 1296 4887; x_wconf 85' lang='lat' dir='ltr'><strong>nos</strong></span> <span class='ocrx_word' id='word_1_518' title='bbox 1319 4835 1402 4888; x_wconf 80' lang='lat' dir='ltr'><strong>arrico</strong></span> <span class='ocrx_word' id='word_1_519' title='bbox 1419 4851 1482 4887; x_wconf 82' lang='lat' dir='ltr'><strong>scn-</strong></span> 
     </span>
    </p>
   </div>
   <div class='ocr_carea' id='block_1_7' title="bbox 0 0 1710 5664">
    <p class='ocr_par' dir='ltr' id='par_1_11' title="bbox 0 0 1710 5664">
     <span class='ocr_line' id='line_1_51' title="bbox 0 0 1710 5664; baseline 0 5"><span class='ocrx_word' id='word_1_520' title='bbox 0 0 1710 5664; x_wconf 95' lang='lat' dir='ltr'><strong> </strong></span> 
     </span>
    </p>
   </div>
  </div>
 </body>
</html>
