3412 5664
653 370 846 419 nersronan
871 362 920 420 76.
945 361 996 420 77.
1395 356 1456 423 873

276 527 307 592 4.
345 526 576 612 Magnoperep
605 525 759 610 praedicti
788 524 937 590 monaehi
966 525 1005 590 ad
1032 523 1162 589 Italiam
1190 526 1355 592 venientes
1362 577 1371 610 ,
1402 528 1488 593 ali-a
1506 544 1565 591 aro.

194 634 314 718 quanta
337 628 477 714 capitula
498 650 675 712 proponere
696 627 834 709 habent,
863 628 948 692 inter
976 650 1057 713 quae
1084 631 1117 691 et
1139 650 1228 693 unum
1251 636 1289 693 rte
1308 634 1608 709 Trinitateepusnsr.

193 740 373 811 crucfiauur
396 731 595 795 continetur:
623 734 789 814 sperantes
812 731 858 795 ita
881 730 1062 796 confirmari
1084 750 1123 793 ex
1146 731 1337 797 auctoritate
1359 732 1459 797 beati-

193 836 314 901 tudinis
336 836 470 899 restrae.
501 831 591 898 Sicut
613 833 701 897 etin
724 832 794 896 aliis
817 832 934 897 litteris
956 832 1219 917 significavimus,
1244 836 1276 896 et
1290 833 1384 897 modo
1399 834 1458 898 hoe

193 938 345 1023 dicimus,
373 939 409 1000 ut
430 934 520 1000 nulla
541 935 666 999 novitas
695 957 714 999 a
736 934 809 999 sede
832 934 1007 1019 apostoliea
1029 935 1203 1019 scribatur3
1241 937 1315 1020 quia
1343 938 1375 999 et
1401 958 1459 999 nos

194 1044 269 1105 ante
303 1039 527 1123 imperatorem
569 1041 601 1101 et
634 1040 709 1102 ante
744 1041 892 1101 senatum
926 1037 1005 1101 haee
1037 1037 1265 1120 inelieavimus,
1301 1037 1459 1102 dieentes:

193 1148 295 1208 Extra
317 1146 446 1223 synodos
467 1141 644 1226 quantuor·⁸),
668 1151 760 1205 extra
779 1146 921 1220 epistolas
929 1161 1035 1221 pupius
1050 1144 1158 1205 Leonis
1179 1162 1234 1204 uec
1257 1146 1383 1204 dieiruus
1405 1162 1461 1205 nee

193 1250 390 1320 admittimus,
420 1248 569 1323 quidquid
596 1265 654 1307 nou
677 1249 847 1307 eontiuetur
873 1248 905 1306 iu
930 1248 1096 1321 praedietis
1122 1249 1261 1324 marolis
1295 1255 1348 1307 aut
1380 1249 1462 1323 qued

193 1368 251 1412 uon
274 1357 318 1410 est
338 1352 482 1426 scriplum
505 1366 524 1407 u
544 1366 629 1426 popu
642 1349 751 1423 Leone,
776 1366 836 1408 nou
857 1351 1050 1424 suscipimus:
1078 1353 1150 1424 prtia
1172 1353 1199 1409 si
1220 1352 1346 1409 uoluerit
1368 1350 1460 1411 domi-

193 1471 249 1515 nus
271 1460 373 1512 noster
394 1454 555 1526 qualemvis
578 1454 737 1511 nouitatem
759 1451 901 1522 scribere,
920 1453 1015 1527 peJ'us
1035 1454 1093 1511 erit
1107 1452 1189 1511 r‘suul
1202 1448 1353 1533 initiuml)
1369 1470 1460 1529 qurum

193 1556 280 1627 illud,
304 1555 385 1629 quod
402 1553 521 1627 sucluru
544 1562 587 1613 est
603 1570 662 1628 per
678 1552 883 1630 Eutuclretem.
917 1552 1068 1628 Sufficere
1089 1554 1174 1613 debet
1185 1554 1355 1629 Ecclesiae,
1380 1558 1463 1631 quod

192 1674 247 1734 per
268 1659 432 1731 sexenium
444 1652 481 1737 ¹⁰)
506 1672 602 1716 nunes
624 1656 662 1715 ut
685 1655 850 1731 Eutpeuete
872 1657 1064 1728 usquemodo
1078 1658 1225 1715 sustinuit.
1261 1651 1362 1717 Nobis
1378 1655 1461 1738 qued

192 1755 296 1819 risum
319 1757 367 1818 est
389 1753 587 1837 scripsimus3
614 1753 648 1815 in
670 1756 776 1816 vestra
798 1754 957 1836 potestate
985 1756 1034 1817 est
1056 1752 1241 1837 deliberare,
1265 1755 1348 1840 quod
1370 1756 1460 1822 vobis

192 1856 279 1922 Deus
301 1855 520 1940 imperaverit:
543 1855 694 1939 quoniam
716 1854 795 1919 haee
817 1854 864 1917 illi
887 1855 1035 1918 nituntur
1058 1877 1208 1937 asserere,
1232 1878 1268 1920 eo
1290 1858 1383 1922 modo
1399 1859 1460 1923 sibi

192 1958 378 2023 satisfacere
401 1957 565 2041 cupientes
574 2007 583 2039 ,
607 1960 642 2019 ut
664 1957 710 2019 ita
728 1958 933 2040 profiteamur
948 1960 980 2020 et
996 1956 1137 2021 dieamus
1152 1980 1243 2022 erutum
1259 1965 1297 2022 de
1311 1964 1461 2026 Triuitule

192 2082 311 2143 passum
334 2081 406 2138 esse,
431 2060 516 2144 quod
537 2081 597 2123 nee
620 2064 728 2143 patres
750 2080 809 2123 nee
833 2058 945 2142 synodi
968 2057 1127 2123 dixerunt.

273 2162 305 2228 5.
343 2160 410 2226 Ista
433 2161 503 2225 ideo
526 2183 583 2246 per
605 2160 733 2245 singula
756 2160 975 2244 exposuimus,
999 2182 1039 2224 ne
1062 2160 1189 2225 illorum
1209 2163 1370 2228 subtilitas
1392 2166 1459 2250 glo

192 2265 291 2329 rietur
317 2264 353 2327 in
380 2267 491 2327 nostra
518 2263 724 2346 simplicitate
751 2266 883 2346 propter
909 2263 987 2326 istas
1017 2284 1116 2326 novas
1149 2285 1222 2327 suas
1251 2264 1457 2332 intentiones.

192 2365 356 2431 Vitaliano
379 2366 551 2449 magnifiee
579 2366 647 2428 viro
669 2366 912 2447 subrepserunt,
946 2368 983 2427 ut
1010 2367 1043 2428 et
1070 2364 1150 2429 talia
1172 2367 1398 2456 vindicaretu)
1428 2374 1471 2434 et'
1501 2377 1506 2391 '

191 2490 247 2553 pro
269 2468 388 2531 talibus
409 2467 502 2530 rebus
526 2470 637 2530 eontra
653 2488 711 2529 nos
726 2488 934 2551 quaeermque
948 2467 1055 2550 potuit
1068 2467 1301 2552 impedimenta
1317 2472 1459 2555 alterret3

191 2571 282 2655 eujus
296 2569 554 2633 immutationem
570 2568 673 2632 omnis
696 2569 862 2632 nobiseum
884 2568 979 2632 deflet
993 2568 1149 2633 Ecclesia.
1188 2570 1389 2656 Quapropter
1411 2595 1459 2637 ro·

191 2694 314 2757 gamus,
338 2675 374 2735 ut
396 2674 550 2735 consueta
573 2671 697 2734 esrutela
728 2674 844 2755 etqua
867 2670 948 2735 solet
976 2670 1122 2734 (lominus
1146 2675 1255 2736 noster
1277 2674 1458 2760 vigilantia,

191 2773 355 2859 cogitetis,
380 2777 412 2837 et
433 2773 588 2856 quomodo
611 2772 825 2855 suspendendi
848 2773 930 2855 sint,
960 2773 1012 2857 qui
1036 2794 1055 2836 a
1077 2773 1170 2837 nobis
1192 2774 1301 2838 taliter
1323 2798 1459 2842 reeesse-

191 2879 266 2940 runt
288 2878 320 2938 et
343 2878 495 2939 anostra
518 2875 738 2938 communione
761 2874 892 2937 fuerunt
919 2874 1073 2957 sejuncti,
1104 2875 1234 2960 etquid
1262 2878 1306 2941 eis
1329 2900 1459 2963 respon-

191 2977 318 3059 deatum,
352 2977 402 3042 vel
431 2977 585 3060 quomodo
617 2998 725 3040 eorum
754 2976 896 3060 capitula
928 2976 1140 3061 repellantur3
1176 2978 1251 3062 quia
1273 3002 1326 3043 eos
1349 3002 1459 3046 onmes

191 3078 550 3163 Constantinopolitana
573 3077 731 3142 catholiea
754 3077 903 3142 exhorret
926 3077 1069 3143 ecelesia.
1120 3079 1207 3144 Data
1229 3080 1277 3145 III
1301 3081 1458 3150 Ualendus

191 3179 293 3245 Julias
317 3180 609 3265 Constantinopoli.

696 3316 879 3419 Epistola
905 3315 951 3398 77

799 3451 847 3488 SOU

353 3528 533 3599 suggestio
553 3531 759 3596 legatorum,
783 3530 844 3596 qui
866 3545 986 3598 supra,
1009 3532 1054 3587 ad
1075 3533 1300 3591 Hormisdam.
1472 3558 1496 3593 a.
1508 3546 1558 3592 aro
1571 3540 1597 3592 d.

222 3647 291 3695 m
338 3647 371 3659 ..
500 3645 526 3657 ..
670 3645 695 3656 ..
975 3662 979 3673 ¹
1151 3649 1200 3660 ..
1322 3651 1330 3674 ,
1374 3653 1379 3662 .
1476 3607 1583 3661 itinn.

292 3652 419 3693 restaurans
442 3650 525 3693 rornrtr
546 3660 595 3708 pre
619 3645 726 3693 luarlreu
748 3652 892 3694 sanctoruni
915 3647 1087 3708 apostolorum
1109 3649 1230 3713 reliquias
1251 3666 1286 3697 ss.
1306 3650 1377 3699 lelrr
1400 3660 1425 3701 et

230 3732 316 3783 I'uulr'.
335 3731 368 3779 rie
385 3732 481 3779 eatenis
499 3746 533 3779 ss.
551 3732 724 3794 apostolarum
741 3746 772 3778 ue
790 3730 822 3778 ele
840 3731 964 3780 eruueulrr
981 3746 1003 3781 s.
1015 3720 1150 3781 Laurentii
1167 3733 1297 3789 eoueedul,
1314 3742 1412 3797 petunt.

271 3828 374 3893 Filius
396 3832 501 3893 vester
522 3827 713 3911 magnificus
741 3827 789 3891 vir
810 3827 1031 3911 lastinianus,
1061 3850 1111 3893 res
1135 3831 1362 3897 convenientes
1384 3835 1458 3901 fidei

253 4000 275 4066 ²)
294 3998 314 4049 b
328 4015 363 4051 ee
380 4014 482 4053 remor.
503 4003 672 4066 ,tlupnopera
707 3996 766 4050 Hae
783 4013 851 4051 roeo
870 3999 1069 4052 monachorum
1086 3999 1230 4056 festinatio
1249 4000 1395 4061 indicatur,

253 4092 276 4149 “)
295 4082 384 4149 Nota,
406 4100 462 4152 quo
484 4086 568 4153 paeto
592 4083 677 4137 etiam
700 4082 774 4152 apud
794 4082 933 4136 lteruauos
956 4083 1092 4153 paulatini
1111 4085 1238 4141 obtineat
1256 4104 1319 4141 risus
1338 4091 1458 4156 quatuor

190 4168 308 4235 suedos
326 4167 517 4237 praedicandi.

252 4258 278 4322 θ)
298 4251 403 4322 Supple
421 4260 537 4312 nouandi.
565 4252 699 4318 Quoeirea
717 4270 771 4306 non
789 4253 889 4322 placet,
908 4253 983 4321 quod
1000 4254 1136 4309 Baronius
1154 4256 1190 4309 ael
1209 4276 1298 4327 marg.
1314 4261 1458 4315 annotavit

192 4344 281 4398 iriam,
305 4337 384 4405 quasi
406 4338 467 4393 voci
490 4345 584 4392 initura
607 4340 675 4392 haee
699 4338 882 4409 praeferenda
900 4340 978 4392 esset.
1018 4340 1105 4394 Paulo
1124 4344 1188 4395 ante
1208 4344 1237 4395 et
1254 4343 1327 4398 infra
1344 4351 1457 4400 dominns

189 4436 274 4479 sostei·
292 4422 490 4491 intelligendus
509 4426 550 4477 est
568 4422 724 4477 llormisrla.

255 4510 287 4575 ¹¹¹)
306 4507 364 4562 llos
377 4508 523 4577 sexaginta
541 4525 627 4562 anuos
645 4528 699 4563 non
718 4510 753 4563 ab
774 4525 806 4562 eo
825 4512 966 4575 numerat,
989 4528 1044 4579 quo
1063 4511 1202 4579 Eutyches
1223 4512 1359 4567 haeresim
1379 4532 1458 4570 suam

190 4592 259 4646 ueri
277 4591 383 4661 eoepit,
402 4593 450 4646 sed
468 4593 504 4647 ab
524 4593 602 4648 obitu
620 4593 767 4659 ltlareiani‚
785 4595 878 4663 quiin
897 4614 1000 4649 animm
1017 4602 1068 4651 458
1086 4596 1191 4651 ineirlit.
1227 4598 1306 4651 'l'uue
1318 4599 1392 4653 enim
1404 4600 1457 4654 En-

189 4677 306 4745 Jehetis
325 4676 504 4747 llioseorique
526 4678 653 4749 discipuli
671 4696 703 4732 ue
722 4679 885 4735 nominatim
903 4680 1065 4736 'l'iniotlieus
1083 4682 1200 4736 Aelurus
1219 4684 1248 4735 et
1266 4682 1363 4738 Petrus
1380 4685 1459 4738 Mon·

189 4774 251 4828 fus,
270 4764 371 4816 cuneta
388 4761 441 4817 sibi
458 4762 540 4818 licere
559 4763 700 4831 arbitrati,
719 4765 880 4836 episcopum
892 4785 972 4821 annm
984 4766 1141 4822 Pretorium
1154 4767 1258 4823 crudeli
1276 4774 1366 4824 morte
1384 4770 1456 4841 peri-

189 4860 262 4901 mere
280 4846 341 4916 ipso
359 4864 431 4901 auno
451 4847 509 4902 ausi
527 4852 598 4903 sunt.

258 4934 288 4997 ΙΙ)
308 4933 350 4986 lta
368 4932 417 5001 G¹;
436 4933 478 4987 erl.
499 4940 628 4990 ruerdieore
645 4957 695 5005 pro
714 4943 757 4991 lul.
778 4942 831 4991 ret.
851 4950 876 4991 et
894 4950 984 4993 eontra
1055 4958 1125 5007 susp.
1144 4950 1209 4992 sunt.
