3450 5678
729 347 900 396 urrsroun
925 339 975 396 30.
1423 336 1486 405 443

221 507 434 568 Alexandrina
456 505 636 565 catholicum
658 507 808 579 rectinet
829 508 955 567 ecclesia
976 507 1173 566 sacerdotem.
1197 501 1271 565 Non
1295 503 1431 587 abrupte
1453 511 1592 570 statas.

220 605 287 669 sine
310 603 498 688 exceptione.
521 603 718 686 propositum
741 606 800 684 est,
824 604 880 667 scd
902 625 939 667 ea
954 604 1080 667 ratione
1096 603 1318 687 depromptum
1341 608 1400 688 est,
1423 628 1486 691 qua

221 706 342 790 noun),
366 705 433 769 sive
455 704 518 768 illis
541 703 763 768 adnitentibus
786 705 852 767 sive
867 727 933 768 non
949 705 1179 787 adnitentibus,
1203 705 1423 770 indifferenter
1442 708 1487 771 vi-

220 810 348 874 deretur
368 807 469 870 infixa
491 807 669 869 sententia:
693 806 825 890 ideoque
840 807 900 869 sub
915 829 977 891 quo
999 811 1109 870 tenore
1129 806 1248 870 librata
1263 808 1404 872 conditio
1426 812 1485 892 est,
1583 877 1589 889 ,

220 911 328 975 eodem
343 930 410 973 non
425 908 610 990 exsistente,
627 908 899 994 necessitatene)
915 930 991 972 suae
1007 909 1213 991 professionis
1222 905 1372 972 absolvit.
1397 908 1486 985 Quod

220 1012 305 1076 enim
337 1033 405 1076 cren
434 1015 544 1074 adnisu
565 1009 802 1094 praedictorum
835 1011 1093 1094 pronuntiatum¹
1112 1015 1162 1074 est
1191 1031 1259 1074 esse
1291 996 1484 1095 faciendum,

220 1115 278 1179 hoc
300 1112 412 1177 eodem
427 1134 493 1176 non
515 1111 704 1175 succedente
726 1133 791 1176 nou
807 1112 875 1175 fieri
892 1133 984 1196 posse
999 1113 1207 1175 manifestum
1229 1115 1288 1176 est.
1312 1111 1373 1176 Sed
1389 1134 1486 1196 quum

218 1238 327 1281 eorum
350 1216 448 1279 etiam
470 1213 653 1277 faciendum
675 1217 870 1277 memoratur
893 1214 1017 1296 adnisu,
1042 1214 1121 1278 satis
1144 1214 1307 1278 evidenter
1322 1216 1485 1277 ostensum

219 1321 283 1399 est,
313 1317 396 1400 quod
425 1316 496 1379 sine
523 1314 583 1377 hoc
612 1336 677 1378 non
721 1316 823 1398 possit
851 1315 987 1399 impleri.
1033 1314 1122 1379 Licet
1151 1336 1228 1399 ergo
1255 1315 1319 1398 illi,
1353 1337 1483 1400 quorum

218 1420 327 1483 deesse
348 1416 503 1503 probatur
525 1416 665 1500 adnisus,
697 1417 735 1480 de
758 1439 815 1480 sua
837 1417 902 1481 sint
925 1418 1142 1481 obstinatione
1163 1417 1347 1500 miserandi,
1375 1420 1485 1481 tamen

217 1522 293 1605 quia
315 1519 419 1601 deest,
454 1518 538 1582 sicut
569 1518 639 1581 sine
667 1540 704 1582 eo
732 1518 816 1581 effici
842 1540 906 1584 non
929 1523 1036 1603 potest
1069 1520 1152 1603 quod
1175 1541 1247 1582 cum
1269 1519 1379 1583 eodem
1401 1518 1485 1583 effici

217 1643 310 1707 posse
332 1623 573 1707 praesumptum
596 1623 654 1702 cst,
686 1621 733 1683 ita
755 1620 982 1684 desistentibus
1005 1609 1120 1703 causis',
1149 1642 1207 1704 per
1233 1642 1312 1705 quas
1334 1620 1387 1684 hic
1409 1621 1485 1685 arti-

218 1723 307 1788 culus
329 1724 454 1786 veniret
477 1722 517 1785 ad
539 1722 723 1802 terminum,
747 1721 961 1786 insolubiliter
983 1743 1047 1784 non
1071 1722 1190 1785 retinet
1212 1722 1400 1806 obligatum.

304 1825 353 1889 10.
383 1821 585 1907 Quapropter
606 1823 673 1887 lata
695 1824 858 1887 sententia
881 1845 946 1887 non
969 1823 1208 1905 exsistentibus
1233 1844 1290 1906 per
1311 1845 1392 1909 quae
1414 1846 1485 1907 pos-

216 1928 260 1991 sit
281 1947 380 2009 usque
409 1926 449 1988 ad
475 1925 523 1988 sui
552 1925 672 1988 exitum
700 1925 888 2009 deputatam
916 1926 1055 1989 retinere
1077 1946 1270 2007 mensuram,
1300 1925 1350 1989 his
1374 1947 1484 1990 consu·

216 2027 321 2110 leudi,
350 2027 405 2111 qui
413 2027 453 2110 ²⁷)
477 2026 597 2090 arctati
614 2026 823 2109 tenebantur,
852 2028 972 2091 tribuet
999 2027 1192 2091 libertatem.
1238 2026 1282 2089 Et
1310 2027 1494 2111 apostolica

217 2130 345 2214 quidem
367 2128 468 2210 sedes,
498 2131 535 2191 ut
562 2150 657 2212 saepe
679 2129 887 2212 repetendum
910 2129 1166 2212 est,·aeetimans
1189 2128 1371 2192 Orientales
1396 2129 1485 2193 nullo
1587 2200 1590 2210 ,

216 2231 310 2295 modo
331 2252 397 2294 non
426 2251 518 2313 posse
541 2251 690 2314 respuere
717 2231 800 2313 quod
829 2231 918 2294 sedes
948 2231 1123 2314 apostolica
1151 2231 1338 2312 refutasset,
1369 2252 1484 2316 eosque

216 2333 313 2396 saluti
344 2332 492 2415 propriae
526 2335 558 2394 et
586 2331 779 2414 apostolicae
808 2332 1022 2396 communioni
1052 2332 1171 2396 nullius
1199 2332 1361 2414 praeferre
1391 2353 1484 2415 posse

218 2446 397 2518 personam,
428 2434 508 2497 haec
537 2433 576 2497 de
606 2454 715 2497 eorum
742 2435 904 2497 mentibus
932 2434 1045 2497 melius
1073 2435 1270 2498 aestimarat.
1316 2433 1378 2498 Sed
1400 2435 1483 2519 quod

218 2528 336 2601 iterum¹
355 2556 421 2599 non
444 2516 616 2599 taeendum
638 2539 702 2617 est,
733 2536 869 2599 dolenda
891 2537 1049 2620 pernicies
1076 2557 1141 2599 non
1164 2536 1253 2599 velut
1274 2512 1484 2620 irirprovidam

217 2638 299 2702 bene
321 2637 360 2701 de
384 2636 603 2701 Orientalibus
625 2637 819 2701 sentientem
841 2641 948 2721 potest
969 2638 1154 2721 opinionem
1171 2637 1275 2722 magis
1291 2637 1484 2721 apostolicae

219 2740 302 2804 sedis
325 2760 472 2825 arguere,
496 2760 591 2822 quam
614 2760 690 2802 auae
712 2740 910 2823 pervicaciae
925 2739 1030 2823 potius
1047 2739 1211 2823 deputare,
1236 2739 1319 2823 quod
1341 2737 1484 2802 oblatum

218 2841 278 2905 sibi
299 2840 464 2905 tramitem
486 2840 634 2924 propriae
657 2840 940 2925 redintegrationis
963 2844 1073 2904 secuta
1095 2861 1159 2903 non
1181 2840 1298 2921 fuerit3
1326 2861 1386 2902 nec
1413 2840 1484 2903 ideo
1503 2828 1504 2832 ¹

218 2947 326 3006 tamen
353 2941 426 3005 aliis
455 2942 550 3005 debet
578 2942 800 3006 medicinalem
828 2942 1082 3006 desiderantibus
1114 2942 1268 3024 impedire
1301 2963 1359 3024 per
1393 2963 1484 3005 suam

218 3043 430 3127 pervicaciam
451 3042 650 3106 facultatem.
695 3044 786 3107 Tunc
814 3044 899 3107 enim
921 3043 1105 3106 dictasunt
1132 3043 1170 3106 de
1193 3042 1387 3106 Graecorum
1410 3064 1483 3106 con-

218 3146 366 3213 sensione
388 3143 534 3226 fidenter,
558 3144 638 3234 quia
656 3145 750 3209 simul
773 3146 859 3208 beati
875 3144 963 3208 Petri
983 3144 1168 3207 societatem
1184 3143 1378 3228 quibuslibet
1399 3144 1482 3207 vide-

218 3248 336 3311 bantur
357 3267 555 3330 praeponere
577 3268 670 3329 possc
691 3247 847 3330 personis,
878 3246 985 3329 etqui
1010 3245 1202 3309 exstiterant
1224 3249 1298 3308 aute
1322 3245 1482 3328 catholici,

220 3347 682 3411 aestimabanturaeconsensuri
703 3348 798 3411 facile
820 3347 959 3429 veritati,
984 3351 1079 3431 atque
1100 3347 1172 3411 ideo
1195 3346 1364 3429 cujuslibet
1384 3346 1483 3410 homi-

220 3450 269 3513 nis
291 3451 441 3513 affectum
469 3448 681 3534 desideriis²⁸)
710 3448 904 3534 apostolicae
933 3449 1164 3512 communionis
1192 3469 1258 3512 non
1280 3471 1372 3533 posse
1393 3470 1483 3532 prae-

219 3572 345 3634 ponere.
390 3549 478 3625 Quae
500 3573 597 3634 quam
624 3551 766 3614 nondum
789 3552 989 3635 susceperint
1010 3573 1067 3634 per
1094 3572 1172 3634 quas
1194 3550 1247 3614 hic
1275 3550 1352 3614 ordo
1375 3550 1483 3614 decur-

219 3656 302 3716 reret
334 3652 532 3733 voluntates,
568 3652 600 3715 id
634 3653 717 3736 quod
750 3675 807 3735 per
834 3674 888 3716 eas
920 3652 990 3716 fieri
1022 3674 1116 3736 posse
1148 3655 1390 3735 praesumptum
1423 3655 1482 3734 est,

219 3754 360 3818 cernitur
392 3752 589 3835 absolutum,
614 3754 765 3837 quoniam
794 3776 890 3837 quum
912 3756 1029 3818 desunt
1055 3754 1109 3837 qui
1139 3753 1342 3836 officiandi),
1376 3754 1483 3817 nullus

217 3854 384 3938 provenire
405 3855 491 3938 posit
514 3854 659 3918 effectus:
682 3855 779 3918 immo
794 3877 891 3939 quum
906 3855 1003 3919 iidem
1018 3856 1091 3939 ipsi,
1114 3876 1171 3938 per
1189 3876 1267 3937 quos
1279 3854 1484 3937 judicabatur

218 3978 286 4019 esse
306 3955 501 4037 faciendum,
525 3977 566 4019 ne
589 3957 749 4020 efficiatur
770 3957 939 4020 obsistrmt.

219 4114 313 4121 .--.Δ
326 4115 359 4120 .-.-
370 4114 520 4120 --·...-......-

284 4210 319 4278 ²⁵)
338 4211 364 4263 ο·
382 4209 487 4262 omittit
505 4229 568 4269 non,-
586 4209 712 4263 similiter
730 4226 793 4264 mox
812 4210 846 4264 G¹
860 4212 886 4262 a¹
900 4208 1033 4264 omittunt
1049 4215 1101 4262 riae
1120 4229 1169 4263 non
1187 4214 1363 4264 adnitentibus.

284 4295 316 4361 2⁰)
334 4296 360 4347 a¹
380 4301 541 4348 necessitate.

284 4381 316 4447 ¹⁷)
333 4380 392 4431 bc⁷
409 4394 485 4444 seqq.
505 4389 530 4431 et
547 4383 587 4432 ta
604 4385 648 4447 qni
663 4385 759 4432 arctati
775 4384 938 4445 tenebantur,
958 4379 992 4433 G'
1006 4381 1032 4432 a¹
1053 4385 1096 4448 qui
1112 4383 1306 4433 adtenetnntur.

284 4463 316 4525 2⁸]
335 4462 368 4516 (3¹
384 4463 413 4515 et
424 4461 491 4515 editi
509 4468 535 4516 in
548 4468 696 4523 desideriis,
717 4480 836 4530 moxque
855 4463 888 4516 G'
902 4465 929 4517 a¹
948 4483 1102 4531 proponere.
1132 4462 1240 4517 Deinde
1253 4463 1342 4532 magis
1359 4462 1483 4530 placeret

215 4550 265 4610 Qu·
281 4564 316 4601 sc.
337 4551 444 4605 Graeci:
462 4564 515 4601 vox
534 4550 603 4611 Quae
621 4550 714 4602 autem
734 4549 769 4602 ad
787 4554 923 4602 desideriis
939 4548 1086 4602 referenda
1103 4550 1151 4602 est.

283 4633 315 4696 ¹⁹)
332 4631 391 4684 bc⁷
408 4647 485 4698 seqq.
507 4639 645 4699 perficiunt
662 4636 690 4686 et
708 4634 744 4687 ad
762 4649 850 4700 marg.
870 4640 894 4685 si
910 4639 994 4687 desint
1014 4653 1063 4706 per
1085 4653 1147 4702 quoe
1170 4639 1197 4686 id
1219 4638 1345 4700 efficiant·
1368 4633 1397 4686 et
1418 4649 1481 4685 mox

213 4720 346 4772 obsistant.
376 4714 473 4769 Potior
491 4716 550 4769 visa
568 4717 610 4770 est
627 4717 709 4771 lectio
725 4719 759 4788 Gi
773 4720 814 4783 a¹,
832 4733 904 4784 quae
923 4716 1036 4785 quidem
1054 4717 1153 4771 clarius
1172 4716 1347 4771 ordinaretur
1363 4715 1393 4769 in
1410 4716 1482 4769 hunc

213 4799 340 4853 modum:
360 4806 477 4869 quondum
495 4823 567 4870 quum
585 4807 675 4856 desunt
693 4807 737 4872 qni
753 4806 873 4868 efficiant,
892 4809 963 4855 immo
980 4822 1052 4870 piram
1069 4808 1143 4855 iidem
1161 4807 1221 4870 ipsi,
1237 4822 1288 4869 per
1300 4819 1362 4870 qnos
1374 4804 1476 4867 judiea-

213 4888 292 4937 tatnr
305 4904 364 4968 eree
380 4889 536 4950 tirciendmn,
556 4906 587 4939 ne
605 4892 732 4954 efficiatur
750 4891 884 4948 obsistant,
904 4892 985 4940 niellus
1001 4892 1137 4954 provenire
1154 4892 1235 4953 potuit
1252 4890 1367 4953 effectae.
