3450 5678
451 340 596 388 uorrrm
618 341 728 426 eursu.
751 341 823 389 nou
845 341 1014 389 exsraur.
1037 343 1072 389 u.
1088 343 1242 391 v1-vu.
1421 331 1483 395 tat

214 505 349 573 principe
363 516 439 573 puae
453 504 482 556 in
492 501 634 573 praefato
650 504 761 574 nepotio
782 505 896 574 scriptu
911 508 985 570 sunt,
1008 504 1138 559 dicerent
1150 507 1299 576 postulatu
1315 504 1344 577 (l.
1358 522 1382 561 c.
1400 505 1482 578 982).

217 585 316 642 Deinde
331 585 403 659 stylo
419 585 636 659 splendidissimo
652 585 826 659 Symmachus
842 585 1014 661 arguebatur,
1031 604 1125 660 quare
1137 592 1350 646 conventionem
1360 607 1483 661 praeve·

216 676 297 727 niens
310 688 372 728 cum
386 668 558 742 populorum
570 672 695 728 caetibus
706 687 828 728 examen
841 675 1014 742 intravisset,
1031 680 1058 729 et
1068 680 1169 744 postea
1178 676 1305 745 judicia,
1321 692 1407 748 quum
1418 692 1482 733 evo·

217 765 301 811 ratus
312 763 417 829 quater
425 756 540 827 fuisset,
557 760 726 827 sprevisset:
741 758 878 830 imprimis,
895 759 971 830 quod
984 761 1133 814 mulierum
1149 759 1251 814 turbae
1266 776 1330 815 cum
1341 762 1483 833 praefato

217 843 256 896 art
263 842 379 912 judicia
396 844 608 902 conuenissent,
632 839 738 896 urbanis
754 840 890 896 coloribus
906 841 1138 915 persequebantur
1158 842 1186 914 (1.
1203 862 1227 899 c.
1243 842 1325 914 983).
1369 845 1483 901 indicta

216 942 317 994 creusa,
334 927 480 981 derelictis
494 925 696 996 defensoribus
708 944 790 998 papa
805 928 936 996 decessit,
954 925 1095 989 addebant,
1113 927 1163 982 iuri
1179 935 1206 982 et
1222 927 1370 1001 platearum
1385 929 1482 985 deiude

216 1010 336 1084 exempla
351 1019 545 1095 proponentes.
591 1009 661 1076 Qrais
681 1019 769 1067 autem
791 1027 867 1081 eum,
890 1010 1066 1086 perorabant,
1088 1014 1154 1068 vidit
1177 1007 1483 1071 aam'aaaasatartaus

216 1099 276 1150 suis
291 1102 395 1166 aperta
412 1103 442 1151 ut
457 1098 544 1167 ajunt
556 1113 656 1169 pupna
673 1099 848 1169 conflipere?
877 1096 1029 1165 Quomodo,
1047 1113 1080 1152 en
1095 1096 1145 1152 aha
1160 1103 1236 1169 parte
1252 1097 1370 1170 patribus
1386 1098 1482 1171 synodi

217 1178 430 1253 exprobrabant,
446 1182 481 1236 de
492 1197 584 1236 causa
600 1184 644 1237 vel
659 1183 798 1253 qualitate
812 1184 878 1253 ejus
888 1185 1025 1252 primitus
1045 1183 1232 1249 tractabatis,
1256 1200 1342 1254 quum
1362 1184 1482 1239 necdum

215 1265 335 1322 haberet
349 1266 475 1336 spnadus
488 1268 674 1336 firmitatem?
702 1265 794 1328 tmmo,
810 1265 980 1340 replicabant,
1006 1269 1084 1337 ipsos
1104 1267 1282 1322 venerabiles
1295 1266 1482 1323 Laurentium

216 1350 368 1405 etPetrum
384 1353 534 1421 episcopas
549 1369 567 1405 a
584 1354 778 1407 communione
788 1366 888 1423 papae
900 1367 931 1406 se
944 1352 1127 1422 suspendisse
1139 1350 1169 1422 (i.
1178 1367 1202 1407 c.
1211 1350 1292 1423 985).
1324 1350 1357 1406 Ut
1368 1351 1481 1425 amplius

217 1433 364 1489 refutarent
379 1434 512 1507 synnodum
528 1434 634 1490 ‹ierunm
650 1452 785 1491 coriscusu
800 1452 882 1510 papae
901 1434 1051 1491 firmitatem
1067 1435 1198 1509 adeptam,
1215 1452 1290 1509 erpa,
1316 1435 1481 1509 inquiebant,
1525 1475 1529 1493 .

216 1521 339 1575 concilia
361 1521 543 1575 sacerdotum
564 1523 770 1576 ecclesiasticis
791 1523 902 1594 lapibus
922 1525 1076 1593 quotannis
1096 1523 1214 1577 decreta
1234 1537 1291 1591 per
1301 1525 1479 1592 prouincias,
1507 1522 1518 1554 ⁰

216 1607 284 1676 quia
304 1607 500 1675 praesentium
513 1621 613 1676 papae
633 1624 689 1662 non
711 1606 832 1674 habent,
860 1608 1049 1662 valetudinem
1062 1607 1273 1677 perdiderunt?
1302 1606 1479 1679 Summopcre
1521 1606 1527 1641 ·¹

216 1697 353 1762 praeterea
367 1691 478 1745 laesum
492 1693 663 1761 principem,
681 1706 774 1764 quare
784 1699 876 1765 patres
892 1690 988 1764 synodi
1005 1692 1172 1748 attributum
1188 1693 1362 1746 visitatorem
1378 1699 1481 1746 contra

216 1776 432 1831 ecclesiasticas
446 1777 563 1848 reputas
573 1779 671 1846 prima
688 1779 842 1833 uoluissent
853 1776 953 1847 fronte
968 1778 1124 1846 discedere,
1148 1783 1175 1831 et
1190 1776 1260 1832 nihil
1276 1779 1399 1847 amplius
1413 1777 1481 1831 liee-

215 1866 261 1914 ret
275 1859 353 1915 hunc
369 1862 450 1929 vitiis,
468 1875 503 1915 ne
518 1862 687 1916 duresceret
700 1863 807 1930 lolium,
824 1877 861 1917 ne
868 1860 1001 1933 profana
1022 1865 1121 1918 messis
1133 1862 1214 1916 nulla
1229 1861 1400 1932 disciplinae
1415 1869 1482 1916 ante

215 1949 408 2000 maturitatem
422 1948 537 2001 succisa
542 1945 624 2018 falec
633 1947 822 2014 decumberet,
840 1951 867 2002 et
880 1952 1037 2017 putaretur
1046 1948 1137 2003 licere
1152 1947 1229 2018 quod
1232 1947 1352 2016 judiees
1362 1963 1418 2002 non
1434 1962 1480 2002 ve·

215 2030 316 2086 tab'ant
330 2027 359 2101 (l.
369 2047 393 2085 c.
410 2027 491 2102 986).
524 2030 597 2086 Nam
611 2034 673 2102 ipsc
689 2034 850 2087 visitatores
865 2039 892 2087 ct
908 2033 973 2087 aliis
988 2033 1131 2103 episcopis
1144 2031 1228 2099 dedit,
1253 2037 1280 2086 et
1293 2033 1407 2101 fastum
1428 2029 1498 2121 esti

216 2121 247 2171 ut
258 2115 337 2187 facti
350 2118 398 2171 sui
410 2116 472 2188 depe
488 2122 622 2172 teneatur
636 2114 663 2188 (i.
681 2133 704 2172 c.
722 2114 803 2186 988).
840 2115 938 2171 Deinde
954 2132 1080 2171 excessus
1095 2114 1246 2189 Symmachi
1268 2122 1387 2170 taxantes
1409 2115 1438 2188 d.
1455 2133 1498 2172 eu

215 2199 297 2272 989),
318 2198 413 2254 saltem
428 2208 458 2254 ut
474 2199 519 2256 dle
535 2200 567 2255 nd
583 2201 733 2274 exemplum
749 2198 843 2256 Eatatti
864 2207 891 2256 et
906 2199 1032 2256 bonifacii
1056 2218 1108 2256 una
1129 2216 1189 2257 cum
1204 2198 1348 2256 Laurentio
1364 2200 1480 2274 expelle·

215 2292 291 2357 retur
305 2284 458 2358 postulasse
474 2284 607 2340 sistentur.
639 2285 757 2358 lienique
772 2284 852 2340 fidem
867 2287 952 2359 ipsam
968 2285 1186 2364 patrum'synodi
1201 2300 1263 2340 vere
1278 2284 1390 2340 ridicule
1406 2302 1480 2340 arro·

214 2369 279 2425 dere
295 2368 441 2425 tentabant.
483 2368 560 2437 erod
576 2369 702 2426 dixerunt
717 2370 756 2425 ilii
771 2386 876 2425 eausam
893 2369 1044 2443 Symmachi
1063 2370 1109 2426 Dei
1130 2371 1214 2444 ipsius
1231 2368 1335 2439 judicio
1358 2372 1481 2427 commit·

215 2454 330 2518 tendam,
351 2457 422 2528 „qui
430 2462 526 2526 potest
541 2471 649 2527 corpus
664 2457 797 2513 occidere
819 2462 846 2511 et
861 2459 984 2511 artimam
999 2459 1110 2511 mittere
1130 2459 1159 2511 in
1174 2453 1364 2528 pehennam“,
1387 2473 1404 2510 a
1421 2457 1480 2527 fide

214 2542 326 2610 aliena,
348 2538 526 2614 objurgabant
546 2541 605 2603 isti,
629 2547 795 2610 tenuerunt,
823 2544 1064 2598 resurrectionem
1086 2544 1219 2612 eorporis
1238 2557 1295 2596 non
1317 2540 1476 2596 credentes.

213 2626 355 2681 lobannis
371 2628 455 2681 etiam
470 2628 594 2697 apostoli
606 2629 718 2697 scripta
731 2629 836 2683 violata
849 2643 918 2689 esse,
931 2624 1075 2697 jactabant,
1092 2627 1153 2699 quia
1163 2642 1195 2682 ex
1209 2624 1296 2681 verbis
1308 2624 1366 2695 ejus
1378 2624 1479 2679 dictum

213 2711 242 2765 iu
262 2709 384 2784 synodo:
415 2714 462 2781 „si
475 2713 618 2780 dicamus,
646 2714 713 2784 puio
732 2718 885 2783 peecatum
904 2728 960 2767 non
983 2712 1135 2781 habemus,
1157 2713 1311 2766 mendaces
1333 2725 1430 2765 summ
1452 2717 1480 2765 et

214 2799 322 2853 veritas
337 2799 364 2851 in
380 2797 460 2852 nobis
474 2813 531 2851 reon
547 2797 610 2852 est“
626 2795 694 2868 (scil.
709 2797 769 2852 loco
781 2795 923 2852 veniturum
938 2801 1105 2868 „nosipsos
1119 2794 1295 2869 decipimus“
1311 2793 1345 2850 ihi
1361 2796 1479 2868 positum

213 2882 389 2951 „mendaces
403 2881 535 2944 sumus“;
558 2881 577 2936 i.
590 2899 613 2937 c.
631 2880 712 2954 991).

299 2983 328 3040 5.
359 2981 432 3051 Quae
446 2984 616 3057 potissimum
631 2985 742 3039 erimina
754 2983 912 3057 Symmacho
928 2984 979 3057 ipsi
995 2982 1187 3058 impingebant,
1203 2980 1342 3038 Eunodius
1358 2983 1399 3037 rin
1415 2982 1479 3038 levi·

214 3076 257 3124 ter
270 3066 414 3143 significat.
455 3066 621 3124 decusabant
636 3067 695 3139 ejus
710 3071 861 3130 maltham,-
892 3068 1094 3124 fornicationem
1116 3069 1194 3123 etiam
1215 3066 1275 3123 idos
1297 3068 1321 3123 ei
1337 3066 1477 3138 objecisse,

213 3161 322 3227 praeter
337 3170 367 3209 ea
383 3170 451 3227 quae
467 3152 526 3209 n.2
543 3153 689 3216 attulimus,
706 3154 772 3210 haec
787 3171 896 3228 quoquc
910 3152 1035 3228 probant,
1056 3152 1129 3227 quod
1145 3152 1270 3209 docuisse
1286 3162 1478 3216 memorantur,
1578 3221 1582 3233 ι

210 3239 428 3310 fornicantibus
442 3243 580 3295 neminem
596 3254 659 3294 esse
673 3241 860 3301 miscendum·
874 3239 1038 3301 sacerdotes,
1054 3240 1100 3312 qui
1112 3237 1170 3309 ejus
1184 3238 1349 3293 consortium
1361 3236 1477 3299 subiere,

213 3327 299 3396 quasi
318 3326 444 3381 obsoleta
467 3331 652 3395 comparatos
673 3329 867 3381 communione
891 3332 918 3379 et
939 3340 1005 3381 reos
1025 3321 1167 3397 culpabant
1188 3322 1217 3395 (l.
1233 3341 1256 3379 c.
1275 3320 1356 3394 992).
1400 3322 1479 3463 Pypya

214 3407 396 3479 objectionum
411 3410 522 3464 istarum
538 3410 623 3482 capita
638 3407 774 3465 Ennodius
790 3412 901 3466 silentio
917 3408 1062 3465 damnanda
1082 3407 1191 3482 sepeliri
1206 3417 1299 3481 aperte
1314 3407 1389 3463 dixit.
1449 3426 1477 3464 o-
1494 3449 1505 3476 ,

202 3495 349 3561 ‘bilitatem
364 3494 449 3556 enim,
472 3496 522 3555 ait,
543 3496 593 3550 dat
605 3494 802 3566 facinoribus,
825 3498 875 3569 qui
893 3497 1102 3552 ventilationem
1122 3497 1249 3567 ipsarum
1271 3495 1421 3564 multiplici
1440 3493 1481 3548 ad

213 3595 303 3635 aures
315 3584 450 3650 posteras
465 3581 606 3635 relatione
627 3583 802 3636 transmittit.
838 3580 931 3636 Multa
953 3581 1023 3635 enim
1043 3582 1083 3636 ibi
1098 3581 1224 3652 fuerant
1245 3577 1340 3633 codem
1356 3576 1478 3632 Ennodio

213 3672 298 3726 teste,
319 3679 394 3737 quae
409 3667 449 3719 ita
462 3664 639 3737 faeculentis
655 3667 730 3721 ulnis
742 3667 887 3737 peccandi
905 3684 986 3722 amor
1002 3665 1243 3737 amplectebatur,
1267 3670 1298 3719 ut
1316 3665 1422 3735 fierent
1436 3665 1477 3717 in-

212 3750 299 3822 dipna
315 3756 481 3804 memoratu.
526 3749 619 3805 Plura
634 3753 738 3807 levitas
753 3751 928 3815 dehonestat,
950 3749 1023 3805 addit
1038 3750 1108 3806 idem
1124 3756 1231 3811 auctor,
1252 3750 1318 3804 dum
1332 3748 1479 3804 subductis

213 3837 415 3890 eviscerantur
429 3835 516 3890 aerha
532 3842 629 3891 vestra
640 3837 827 3907 ponderibus,
845 3843 872 3892 et
887 3837 922 3892 de
937 3837 1083 3909 relipionis
1105 3837 1204 3891 causis
1223 3836 1344 3890 elocutio
1360 3840 1477 3889 ventosa

214 3923 393 3993 componitur
408 3923 490 3975 auris
505 3937 662 3994 canpruam
678 3925 778 3977 sortita
793 3924 977 3995 pravitatem:
999 3937 1074 3994 qaue
1088 3923 1118 3976 in
1131 3922 1285 3992 palearum
1301 3919 1478 3975 abundantia

212 4005 283 4061 nihil
298 4011 341 4061 est
355 4004 470 4061 horreis
483 4007 602 4061 illatura
618 4008 653 4061 dc
669 4009 771 4073 tritico,
789 4008 855 4063 dum
870 4005 1073 4078 infoecundam
1086 4005 1221 4078 frupibus
1236 4006 1392 4060 culmorum
1404 4022 1477 4075 par-

213 4093 283 4146 turit
298 4092 464 4160 ubertatem,
482 4097 509 4146 et
524 4106 602 4162 spem
617 4093 652 4146 de
666 4092 775 4146 herbae
788 4095 909 4148 luxuria
926 4095 1062 4147 mentitur
1076 4093 1219 4164 apm'colis.
1242 4092 1277 4146 de
1292 4090 1394 4162 quibus
1409 4091 1479 4144 nihil

211 4177 290 4231 lucri
305 4176 465 4232 areretilabrn
481 4179 630 4248 reperiunt
645 4180 704 4249 ipni
717 4177 810 4232 debita
826 4178 1013 4249 incendioque
1026 4180 1161 4248 peritura
1178 4173 1206 4246 (i.
1224 4192 1247 4229 c.
1266 4173 1347 4246 991).
1391 4172 1478 4241 Quare

213 4277 296 4335 quum
312 4260 356 4316 alii
371 4259 459 4316 desint
475 4260 574 4324 iorrtes,
591 4260 704 4334 amplius
720 4260 772 4316 dici
787 4278 841 4316 non
857 4269 957 4334 potest.

802 4404 876 4470 VII.

213 4534 290 4574 anno
310 4514 382 4575 506.
425 4515 588 4589 Symmachi
612 4520 652 4574 ad
674 4517 880 4573 Theodericum
900 4533 995 4590 repam
1023 4519 1058 4573 de
1079 4517 1262 4573 restituendis
1288 4516 1476 4570 eeclesiarum

365 4604 454 4658 titulis
467 4605 575 4673 petitio.

298 4719 384 4789 Quum
400 4720 559 4776 Laurentius
575 4723 615 4776 ad
626 4721 726 4776 Urbem
742 4724 858 4776 vestiens
870 4737 926 4792 per
941 4736 1033 4778 annos
1048 4725 1166 4777 circiter
1181 4727 1306 4792 quatuor
1317 4718 1476 4773 Romanam

213 4811 350 4864 tenuisset
364 4808 532 4873 eeclesiam,
556 4808 595 4861 ad
615 4809 740 4862 ultimum
757 4806 944 4878 Symmachus
957 4810 1119 4878 petitionem
1135 4809 1198 4878 rapi
1212 4801 1402 4874 (Theoderico)
1422 4816 1478 4872 per

212 4893 383 4950 Dioscorum
398 4892 628 4948 Alexandrinum
649 4894 800 4948 diaconum
821 4894 986 4958 destinavit,
1009 4894 1148 4948 adserens
1169 4907 1300 4963 mapnum
1321 4888 1377 4943 sibi
1387 4902 1477 4958 proe-

245 5005 402 5040 aersronan
416 5006 519 5044 neuun,
535 5005 646 5040 ruurrr.
666 4991 687 5041 1.
1233 4990 1272 5046 47
