3412 5664
643 324 737 373 vrrn.
782 323 953 374 narrarent
978 316 1007 371 1.
1044 320 1046 324 ·
1376 285 1462 376 ΙΠὸ

191 510 238 553 ,ς
272 485 396 542 concessit
418 482 523 559 (Simpi.
546 486 625 559 epist.
643 485 662 541 2
685 503 710 541 n.
727 486 754 549 2.
778 486 797 543 3
818 503 844 542 n.
860 486 887 548 6.
910 485 938 549 5,
956 487 973 542 7
990 485 1049 542 ni
1065 504 1107 560 sq.
1136 485 1222 542 Gelas.
1245 488 1323 561 epist.
1343 488 1382 545 10
1398 488 1461 550 nb,

191 582 221 639 5
249 569 324 643 ml).
339 571 454 645 dataque
470 571 609 627 occasione
625 572 793 645 impatientes
811 573 1003 628 monachorum
1014 573 1242 627 incriminatioues
1255 572 1460 648 rejecit(Simpl.

191 684 235 739 p.
260 656 321 713 4n.
337 655 367 729 4)
388 664 416 712 et
438 655 635 713 ordinationem
656 659 776 731 episcopi
794 658 952 714 latioclreni
974 664 1068 714 eontra
1090 674 1205 713 canones
1227 657 1462 732 Constantinopoli

191 755 295 805 mun
312 741 416 798 admisit
437 741 542 815 (Simpi.
559 758 601 815 ep.
621 743 659 800 15
676 750 703 797 et
721 741 779 815 tu).
825 742 992 816 Verumque
1014 751 1070 798 erat
1086 742 1229 817 vigilantia,
1251 741 1325 799 brevi
1347 743 1462 799 advertit

191 829 295 889 oetam
306 829 439 902 ingenium
450 826 574 890 hominis,
591 829 637 901 qui
653 838 684 883 ut
699 830 815 883 animum
827 828 931 902 gloriae
943 827 1145 902 cupidissimum
1158 829 1286 903 expleret,
1301 828 1461 884 Orientalem

195 913 333 971 wetino
350 912 552 969 luctuosissimo
572 913 715 968 schismate
736 912 840 970 aidinit.
880 912 951 968 l'ons
967 921 995 969 et
1010 915 1088 987 origo
1105 914 1256 987 gravissimi
1271 914 1383 988 negotii.
1407 931 1461 986 quo

207 996 255 1055 diu
270 999 352 1072 agitata
374 1005 417 1053 ost
431 996 549 1054 Ecclesia
565 1006 592 1053 et
607 997 680 1071 quod
697 1000 739 1053 vir
756 999 861 1054 tandem
877 1007 940 1072 post
956 999 1055 1054 multos
1073 997 1179 1054 labores
1197 1015 1212 1053 a
1227 997 1323 1060 Felice.
1345 998 1460 1060 Gelasio.

217 1085 334 1140 munito
345 1082 363 1139 ll
379 1091 406 1138 ct
417 1083 576 1156 Symmacho
592 1082 742 1138 exantlatos
757 1082 807 1138 sub
820 1082 959 1138 Hormisda
975 1093 1015 1139 est
1031 1086 1219 1157 compositum,
1237 1083 1382 1139 inlaustum
1395 1083 1460 1139 illud

220 1161 313 1224 huonis
325 1167 473 1224 llenotioon
488 1167 593 1242 (Evagr.
610 1167 636 1222 ln.
654 1185 677 1223 e.
697 1168 738 1229 lll.
757 1169 806 1240 14)
822 1168 890 1231 dieo.
915 1184 946 1223 er
963 1168 1090 1242 Simplicii
1107 1168 1230 1242 epistolis
1245 1167 1370 1242 dignosci
1386 1169 1462 1224 iat-ile

231 1261 297 1321 notet
312 1252 350 1326 [cI.
364 1253 459 1328 Simpi.
476 1254 555 1327 epist.
575 1254 623 1315 17,
641 1253 688 1316 18,
709 1253 766 1325 19).
787 1285 821 1293 -
846 1252 980 1309 Ecclesiae
1002 1253 1161 1309 Ravennatis
1183 1252 1351 1328 presbytero,
1381 1270 1461 1327 quem

234 1332 331 1395 biennes
344 1337 464 1409 ejusdcm
484 1339 597 1394 civitatis
618 1340 761 1413 episeopus
783 1340 895 1394 inritum
917 1355 946 1393 ac
961 1338 1138 1394 reluctantem
1156 1341 1313 1414 episcopum
1329 1339 1461 1394 llutincn·

235 1436 275 1478 scn
285 1423 442 1486 ordinaverat,
458 1424 602 1479 ministrari
617 1423 650 1478 ad
666 1425 745 1480 vitam
757 1423 840 1495 jussit
856 1425 966 1497 triginta
982 1423 1131 1479 solidorum
1147 1424 1292 1480 liberorum
1310 1424 1412 1480 reditus
1428 1424 1461 1479 de

237 1510 313 1582 propte
324 1508 479 1565 Ravennatis
494 1509 624 1566 eeclesiae
639 1509 758 1582 praedio,
781 1509 902 1565 districte
918 1508 1072 1582 prohibens.
1089 1512 1198 1583 nequis
1215 1509 1341 1584 deinceps
1358 1512 1462 1584 episeo-

235 1608 277 1664 pus,
288 1594 410 1669 presbyter
424 1603 471 1650 aut
486 1596 566 1650 etiam
581 1594 709 1651 diaeonus
725 1596 824 1650 invitas
841 1594 1012 1650 declinaretur
1026 1594 1129 1668 (Simpl.
1145 1596 1222 1669 epist.
1243 1593 1301 1666 14).

295 1679 316 1737 3.
338 1680 468 1736 sororum
484 1680 563 1742 leret,
580 1679 653 1754 quod
669 1680 792 1736 observat
804 1680 951 1736 Amalarius
967 1679 1000 1735 tle
1016 1680 1081 1736 eccl.
1095 1679 1167 1737 eide.
1181 1679 1210 1742 ll,
1226 1680 1240 1735 1
1259 1682 1328 1736 cirea
1345 1689 1460 1755 tenipus.

231 1764 404 1838 propontidem
421 1764 533 1822 Romani
548 1783 639 1821 sacros
659 1766 784 1822 conterre
800 1766 909 1822 ordines
924 1765 996 1821 soliti
1013 1774 1097 1828 erant.
1119 1766 1274 1840 prestigiis
1295 1774 1322 1821 et
1345 1782 1460 1821 eonsue-

226 1849 299 1904 tudine
311 1852 539 1925 praedeeessorum
554 1868 666 1908 suorum
682 1851 832 1925 Simplicius
849 1850 991 1907 deflexisse
1007 1850 1197 1907 existimandus
1219 1858 1300 1906 essct.
1332 1851 1460 1906 Nimirum

216 1938 296 2008 prim
304 1939 445 2009 apostolici
458 1935 524 2010 (quo
540 1938 647 1993 nomine
663 1936 796 1993 ltoruanos
812 1935 953 2012 pontifices
969 1935 1104 2009 appellat),
1121 1940 1157 1993 ait
1172 1936 1226 1998 ille,
1242 1953 1356 2008 semper
1368 1940 1396 1991 in
1405 1936 1460 1992 Iic-

215 2022 311 2078 cenbn'
321 2038 418 2093 mense,
436 2027 468 2079 in
482 2040 538 2096 quo
553 2023 689 2079 nativitas
702 2024 818 2079 Domini
837 2027 929 2079 nostri
947 2023 1018 2078 lesu
1035 2022 1141 2079 Christi
1160 2022 1336 2092 celebratur,
1359 2037 1460 2077 consc-

211 2110 343 2164 crationes
360 2109 561 2165 ministrabunt
576 2125 667 2182 usque
682 2111 722 2165 dd
736 2107 919 2181 Simplicium,
942 2110 993 2181 qui
1008 2150 1014 2162 .
1032 2151 1038 2163 .
1057 2151 1064 2163 .
1084 2112 1196 2179 primus
1216 2111 1346 2164 secrevit
1361 2110 1389 2163 in
1406 2108 1460 2162 Fe·

207 2197 328 2251 bruerio.
362 2194 459 2250 Verum
481 2210 533 2250 una
555 2194 657 2267 vulgati
679 2195 810 2250 Anastasii
836 2195 900 2256 sire,
924 2201 953 2248 ut
975 2192 1139 2266 llicrologus
1161 2193 1293 2248 Amalario
1314 2193 1460 2249 concinens

202 2281 328 2353 loquitur.
342 2279 449 2336 Romani
466 2278 627 2353 pontificalis
649 2280 809 2336 auctoritate
825 2281 920 2335 nititur
936 2279 1001 2334 haec
1017 2276 1187 2336 observatio:
1209 2279 1271 2352 quia
1286 2280 1410 2334 nimirum
1426 2276 1461 2332 ibi

197 2363 346 2442 pontifices.
366 2366 410 2439 qui
426 2365 592 2439 Simplicium
613 2381 792 2438 praecessere,
815 2364 923 2420 ordines
944 2363 1005 2420 solo
1026 2358 1123 2421 mense
1137 2364 1292 2423 Decembri
1312 2363 1462 2419 contulisse

196 2461 385 2513 memorantur,
399 2452 422 2506 is
437 2466 534 2508 mense
546 2451 700 2508 Decembri
713 2467 749 2506 ne
765 2452 935 2507 Februario.
962 2448 1014 2506 Sed
1031 2452 1057 2506 in
1074 2451 1121 2506 hae
1136 2449 1244 2525 quidem
1260 2466 1289 2505 re
1306 2448 1385 2520 hujus
1402 2447 1462 2504 libri

194 2536 273 2593 uide
287 2535 401 2592 sublesta
422 2545 465 2592 est
480 2534 556 2593 tides.
592 2536 656 2592 Nam
676 2537 745 2592 idem
762 2538 813 2592 etsi
829 2535 886 2591 illas
902 2534 1005 2592 dierum
1028 2545 1105 2591 notas
1127 2552 1234 2609 semper
1254 2533 1351 2605 adjicit.
1375 2542 1462 2590 tannen

191 2621 368 2680 relatiombm
388 2623 445 2678 suis
466 2620 576 2696 probat.
598 2629 627 2677 ut
645 2620 698 2692 jam
715 2621 870 2676 Edonundus
886 2621 1003 2677 llarteue
1024 2622 1057 2677 de
1078 2623 1179 2696 antiqu.
1203 2622 1268 2676 eccl.
1286 2619 1357 2676 ritib.
1375 2619 1385 2674 l
1401 2637 1424 2674 c.
1442 2618 1461 2675 8

191 2718 244 2765 nrt.
258 2709 279 2764 4
295 2707 350 2765 nb
366 2707 487 2772 advertit,
504 2706 685 2764 ordinationes
701 2708 779 2763 etiam
796 2707 853 2763 aliis
870 2714 987 2781 quatuor
1003 2715 1153 2782 temporum
1166 2705 1275 2779 Jejuniis
1291 2714 1337 2761 aut
1349 2704 1380 2760 alr
1397 2706 1462 2778 ipsis

191 2792 368 2870 pontificibus
383 2801 429 2849 aut
445 2792 477 2848 alr
493 2793 550 2849 aliis
567 2810 661 2849 eorum
673 2792 754 2864 jussu
769 2794 903 2867 episcopis
919 2792 1067 2849 celebratas
1083 2793 1176 2849 luisse.
1210 2790 1287 2858 Quod
1299 2791 1354 2863 jam
1369 2791 1461 2865 primis

191 2879 361 2956 {emporibus
376 2878 505 2954 exemplis
520 2877 677 2953 pontificum
690 2877 796 2935 Eusebii
814 2887 841 2934 ct
853 2878 931 2934 llarci
948 2877 1076 2933 lirmatur.
1104 2877 1223 2946 Quorum
1236 2893 1319 2951 quum
1330 2876 1375 2932 ille
1387 2874 1462 2930 solos

191 2981 304 3024 remes
318 2966 370 3024 IV
382 2973 409 3023 et
423 2967 485 3022 dice
501 2966 580 3022 XVI
591 2963 694 3021 sedisse
710 2974 736 3020 et
749 2963 844 3036 [uisse
859 2984 877 3019 a
894 2964 941 3020 XI
950 2965 971 3020 V
976 2965 1045 3020 Kal.
1063 2963 1137 3036 IlIuj.
1155 2979 1245 3036 usquc
1261 2964 1301 3018 ad
1311 2963 1342 3017 X
1349 2961 1463 3017 VIlIal.

191 3055 279 3127 Sept,
298 3052 343 3107 liic
358 3051 460 3108 omlisse
474 3065 586 3108 menses
609 3051 684 3108 VIII
695 3052 757 3107 dies
771 3051 832 3106 XX
846 3093 852 3104 .
871 3092 877 3104 .
896 3093 902 3106 .
926 3065 965 3106 ear
985 3052 1031 3106 die
1052 3050 1114 3105 XV
1127 3050 1195 3105 Kal.
1212 3047 1298 3103 Febr.
1321 3061 1412 3119 usquc
1433 3049 1462 3100 in

191 3142 258 3197 liene
278 3137 358 3195 Non.
375 3136 491 3194 Octobr.
506 3144 639 3199 narretur,
662 3144 750 3192 tamen
772 3143 887 3209 uterque
902 3136 928 3190 in
946 3134 1055 3209 vulgato
1072 3136 1211 3190 Anastasio
1234 3131 1303 3205 (nam
1320 3133 1345 3187 iu
1362 3130 1460 3187 Chron.

191 3244 242 3301 eg.
258 3224 348 3280 Suco.
365 3221 480 3279 testibus
495 3221 678 3298 Papebreelnio
694 3230 721 3277 et
736 3221 928 3277 Sebelestratio
945 3221 988 3276 lrie
1003 3236 1080 3275 error
1095 3237 1149 3275 non
1166 3219 1263 3299 eistat)
1280 3217 1463 3273 ordinationes

191 3328 244 3368 uas
261 3323 368 3366 mee
382 3308 537 3365 Decembri
557 3307 651 3364 lecisse
671 3307 776 3363 dicitur.
804 3305 878 3362 Unde
894 3314 1011 3380 apparet.
1024 3314 1161 3361 auctorem
1177 3304 1238 3360 lilori
1253 3302 1414 3378 pontificalis
1430 3301 1463 3356 de

191 3395 324 3470 ius-odi
348 3393 561 3450 ordlnationilrus
582 3393 744 3450 referentem
762 3391 816 3464 jam
838 3399 939 3448 temere
960 3400 988 3449 et
1009 3392 1083 3465 quasi
1106 3391 1283 3447 dormitanter
1305 3389 1331 3444 id
1357 3397 1463 3461 tempus

191 3487 340 3560 migrare.
358 3479 430 3556 quod
446 3497 496 3554 pro
512 3480 647 3536 communi
663 3486 824 3536 consuetum
842 3495 902 3535 esse
917 3478 1051 3535 cernebat.

711 3814 893 3919 spissus
920 3815 950 3898 1.
983 3787 985 3794 '

259 3971 453 4056 Simplicii
477 3987 588 4055 papae
609 3971 654 4037 od
676 3970 918 4051 Florentium,
941 3967 1130 4050 Equitium
1152 3968 1191 4033 ct
1213 3963 1387 4033 Severum
1477 3953 1558 4002 “i-⁴⁷5
1571 3947 1597 4001 ‘¹-

734 4074 925 4157 episeopo&
1480 4016 1593 4070 lllNor.

198 4217 371 4273 baledin
383 4217 521 4267 ordinandi
530 4222 704 4280 postestatem,
723 4232 773 4279 pora
790 4215 883 4266 abusos
895 4221 942 4273 cst,
961 4212 1103 4278 Simplicius
1114 4213 1208 4284 arisel-t,
1228 4218 1253 4261 et
1264 4212 1350 4261 illicite
1362 4211 1431 4261 ordi·

201 4313 297 4358 ndu
316 4301 547 4353 abeeetestmn'rtr
560 4303 706 4352 ministeriis
718 4308 835 4353 removet.
864 4299 996 4349 Heditaum
1009 4300 1131 4349 ecclcsiae
1145 4298 1363 4371 ‹rdininistrotione
1377 4312 1430 4346 eam
1470 4280 1473 4301 '

198 4395 319 4462 pinei,
339 4394 458 4454 mutem
470 4396 551 4438 tamen
563 4404 648 4439 eonon
658 4393 759 4453 partem
777 4388 802 4437 ei
812 4388 958 4451 relinquens
975 4393 1000 4435 et
1012 4385 1098 4435 ablata
1115 4384 1147 4433 ub
1165 4400 1195 4434 eo
1213 4384 1314 4433 restitui
1325 4381 1429 4445 jubens.

348 4505 580 4608 Simplicius
615 4522 822 4607 episcopus
844 4518 1100 4605 Florentio¹)‚
1136 4517 1298 4602 Equitio
1333 4518 1371 4578 et
1404 4512 1463 4577 Se·

443 4647 534 4691 vero
557 4624 771 4710 episeopis.

272 4752 306 4815 l.
351 4744 479 4810 Relatio
501 4768 559 4811 nos
581 4749 706 4811 restrae
733 4743 912 4808 dilectionis
941 4743 1093 4808 irosiruxii
1121 4746 1154 4805 el
1181 4745 1351 4838 goslenum
1367 4736 1465 4801 series

191 4871 477 4887 —..-.--ae--—----
489 4874 495 4878 .

251 4926 276 4989 ¹)
298 4917 396 4972 0¹⁰it¹
417 4921 574 4974 Florentino.
