3412 5664
281 325 323 392 44
647 341 780 389 uestra
805 339 956 388 annuum
978 339 1014 388 rn
1037 340 1177 388 occasu

282 505 352 560 tiano
374 503 446 560 c.3l
471 505 499 559 C.
514 504 551 559 16
568 521 613 577 qu.
629 505 655 564 1,
676 501 797 577 pluribus
819 509 907 557 tamen
929 500 1050 573 ejusdem
1076 499 1214 558 codicibus
1235 498 1316 572 (teste
1332 499 1450 555 berardo
1467 497 1546 555 Grai.

281 608 339 645 can.
355 591 465 663 genuin.
481 589 504 645 ll
518 587 662 663 pag.408)
678 605 735 643 eam
756 594 802 643 aut
818 589 927 643 omnino
949 594 996 642 aut
1015 587 1111 643 saltem
1132 588 1158 642 iu
1175 594 1398 660 argumentorum
1413 591 1550 641 contextu

281 675 396 732 Gelasio
411 673 598 730 tribuentibus.
629 672 760 729 berardus
777 671 884 746 quidem
900 680 927 728 et
942 673 1027 747 ipsam
1043 671 1103 727 iaisi
1118 673 1217 745 arguit,
1233 688 1348 728 mercem
1364 671 1550 727 monasterio·

280 777 340 816 rum
360 777 464 815 causam
491 761 625 833 propriam
652 759 785 814 tuentium
806 774 972 832 nuncupans.
1003 756 1055 814 Sed
1080 759 1188 813 omnino
1209 773 1292 831 penes
1314 774 1363 812 nos
1384 764 1550 831 argumenta

282 862 354 901 mere
367 845 490 919 negativa
503 861 558 900 non
571 842 816 906 itavaleredebent,
825 850 856 898 ut
866 842 1028 899 indestatim
1034 842 1339 899 codicumauetoritates
1351 840 1548 916 relinquamus.

281 931 365 986 Porro
381 930 496 986 Gratiani
511 930 713 1004 inscriptionem
733 927 863 1005 Uglrellus
884 928 902 983 l.
919 945 942 983 c.
959 927 978 992 Ι,
997 927 1056 984 157
1072 928 1210 1002 arripiens,
1234 928 1346 984 Bonam
1362 927 1403 983 vel
1418 928 1549 984 Boreum

280 1032 350 1071 anno
370 1015 433 1072 580
453 1016 609 1089 episcopum
632 1013 783 1070 Sabinatem
803 1015 906 1068 statuit.
940 1013 994 1069 Nee
1015 1011 1095 1068 nobis
1117 1011 1225 1068 aliunde
1246 1010 1414 1087 temporibus
1437 1011 1549 1067 Gelasio

280 1102 384 1156 coaevis
400 1098 457 1170 ejus
472 1100 586 1155 nominis
607 1100 749 1173 episcopus
765 1100 890 1161 occurrit,
913 1100 964 1154 nisi
986 1099 1087 1154 Barrus
1104 1097 1242 1154 Ostiensis
1263 1099 1290 1151 in
1305 1097 1410 1170 synodo
1426 1095 1550 1152 Romana

213 1253 216 1258 Ι
280 1187 341 1241 anni
356 1185 428 1242 487.
460 1185 625 1241 Sabineasis
640 1191 729 1238 autern
745 1185 887 1257 episcopus
903 1185 930 1240 iu
946 1182 1039 1239 eadem
1054 1183 1160 1257 synodo
1175 1183 1379 1247 Felicissimae,
1395 1183 1422 1238 in
1438 1181 1550 1257 syuodo

280 1272 341 1327 anni
356 1270 416 1328 499
432 1271 575 1329 dulcitius
590 1267 781 1327 subscribitur.

424 1524 463 1585 In
485 1522 602 1585 Gelasii
622 1539 724 1601 papae
745 1522 907 1600 epistolem
928 1519 969 1584 42
990 1517 1121 1602 (Deerat.
1138 1527 1174 1582 aa
1187 1527 1270 1583 liaris
1284 1518 1400 1602 recipi

208 1659 265 1728 lui]
366 1664 392 1719 1.
424 1663 460 1719 lle
481 1665 610 1737 sequenti
626 1662 735 1718 decreto
756 1678 810 1717 non
832 1678 883 1717 arna
905 1669 947 1717 cst
968 1659 1135 1717 eruditorum
1157 1664 1300 1719 sententia.
1331 1658 1399 1716 illud
1421 1661 1550 1718 nonnulli

279 1752 366 1824 primo
381 1767 396 1804 a
411 1750 521 1804 Damaso
537 1749 668 1805 sancitum
683 1755 710 1803 et
725 1755 789 1820 post
809 1764 823 1802 a
839 1746 943 1803 Gelasio
965 1754 1081 1808 atratum,
1103 1746 1210 1820 quidam
1232 1746 1338 1802 Gelasio
1353 1753 1465 1801 auctore
1480 1763 1549 1802 con·

279 1836 408 1909 scriptum
424 1841 505 1907 atque
520 1833 552 1889 ab
563 1833 704 1889 llormisda
719 1840 813 1905 postea
828 1830 1013 1888 confirmatum
1029 1839 1140 1905 putaut;
1163 1831 1205 1887 alii
1228 1850 1292 1888 vero
1308 1838 1396 1888 totum
1418 1830 1452 1886 ad
1468 1830 1549 1886 Gela·

278 1922 355 1982 sium,
371 1919 414 1974 alii
430 1918 462 1974 ad
478 1918 645 1974 Hormisdam
661 1920 760 1991 pariter
774 1925 862 1973 totum
881 1917 1011 1973 referunt.
1041 1917 1114 1972 luter
1125 1933 1172 1973 eos
1185 1926 1283 1980 autern,
1299 1919 1345 1992 qui
1358 1916 1465 1972 Gelasio
1475 1914 1548 1972 illud

278 2005 418 2065 vindicant.
440 2021 494 2059 nou
509 2006 567 2059 sine
584 2000 660 2058 laude
676 2002 863 2059 memorandus
879 2011 921 2057 est
936 2003 1029 2058 lustus
1045 2001 1221 2067 Fontaninus
1244 2005 1291 2076 qui
1306 2002 1452 2058 novissime
1468 2005 1545 2057 anti-

277 2093 377 2164 quitat.
395 2090 533 2146 Hortcas.
556 2087 601 2144 lib.
617 2088 638 2143 ll
658 2105 716 2162 eap.
733 2089 752 2144 3
774 2087 886 2161 amplam
903 2103 931 2142 ea
947 2086 980 2142 de
998 2104 1026 2142 re
1042 2104 1072 2143 ae
1088 2087 1228 2161 multiplici
1243 2087 1398 2143 eruditione
1414 2086 1547 2142 relcrtam

277 2176 492 2230 dissertationem
507 2174 600 2229 edidit.
629 2172 704 2246 Circa
723 2173 794 2229 idem
811 2182 917 2246 tempus
933 2189 1041 2247 operam
1056 2172 1130 2228 dedit
1145 2174 1278 2229 Antonius
1293 2172 1367 2246 Pagi,
1390 2179 1419 2226 ut
1435 2170 1548 2227 diversa

277 2261 322 2317 illa
342 2259 448 2316 dissidia
468 2267 652 2333 componeret.
688 2257 770 2314 lmmo
793 2258 819 2312 id
840 2259 973 2312 invenisse
994 2274 1038 2320 se,
1060 2256 1132 2312 uude
1148 2258 1221 2314 litem
1237 2257 1387 2320 dirimeret,
1409 2265 1452 2312 est
1474 2255 1548 2312 arbi·

278 2353 373 2401 tratas.
404 2344 504 2418 Nempe
520 2362 569 2417 pro
584 2352 659 2400 certo
675 2345 760 2417 pouit,
777 2345 890 2417 primum
907 2341 965 2412 ejus
981 2349 1118 2398 auctorem
1135 2360 1194 2398 esse
1210 2342 1352 2404 Gelasium,
1378 2350 1460 2416 atque
1475 2341 1549 2398 llor-

279 2429 404 2492 nrisdaru,
432 2428 477 2485 ubi
499 2429 531 2484 dc
555 2428 645 2483 Fausti
668 2428 741 2483 libris
764 2446 779 2482 a
800 2428 961 2483 Possessore
985 2429 1113 2502 episcopo
1136 2428 1260 2484 Africano
1283 2429 1469 2502 interrogatus
1492 2434 1546 2491 est,

280 2531 381 2571 merum
401 2513 468 2570 illud
484 2514 579 2569 Gelasii
594 2514 741 2576 decretum,
763 2515 789 2568 in
807 2530 861 2586 quo
876 2514 947 2568 ulan
961 2515 998 2569 ab
1014 2514 1169 2570 Horrnisda
1191 2517 1367 2569 immutatum
1384 2513 1488 2586 suerit,
1512 2511 1546 2568 ad

279 2618 340 2656 eum
355 2601 472 2663 misisse;
489 2608 516 2654 et
531 2603 599 2673 quia
615 2600 652 2655 ab
668 2599 822 2654 Hormisda
836 2617 917 2669 papa
933 2602 1047 2655 missum
1060 2598 1164 2670 suerat
1179 2602 1302 2671 ejusque
1313 2601 1426 2655 nomine
1438 2599 1547 2672 ubique

277 2688 458 2760 dirrdputum,
482 2687 570 2741 eidem
591 2685 627 2739 ab
653 2684 796 2757 aliquibus
816 2687 952 2754 temporis
970 2700 1130 2758 propressu
1150 2686 1349 2756 imprudenter
1364 2685 1547 2755 adscriptum

278 2787 350 2828 esse.
380 2769 440 2838 Quo
455 2771 546 2844 posito
562 2770 707 2825 exsolvisse
723 2786 752 2823 se
768 2768 927 2843 gratulatur,
950 2769 1023 2842 quod
1045 2786 1072 2824 n.
1090 2769 1108 2824 3
1124 2768 1364 2833 demonstrandum
1380 2770 1407 2824 in
1424 2785 1454 2823 se
1469 2785 1546 2825 reee-

277 2862 366 2931 perat:
397 2856 540 2913 Gelasium
561 2857 689 2911 videlieet
711 2855 889 2909 celeberrimi
902 2854 992 2927 liujus
1005 2856 1117 2911 decretl
1130 2860 1278 2911 eructarem
1294 2869 1366 2923 esse,
1383 2861 1412 2911 et
1426 2858 1549 2911 nonnisi

272 2959 330 3014 per
345 2956 474 2998 errorem
489 2941 561 2997 illud
574 2939 748 2997 Hormisdac
763 2940 940 2995 attributum.
972 2939 1025 2995 Sed
1048 2939 1147 2995 irustra
1170 2947 1213 2994 est
1228 2940 1300 2995 illius
1316 2938 1350 2994 de
1365 2937 1481 2995 diremta
1496 2938 1546 2996 lite

278 3027 432 3101 gratulatio,
450 3043 532 3100 quum
548 3024 582 3086 id,
598 3025 632 3082 de
647 3042 702 3098 que
718 3024 892 3098 disceptatur,
908 3033 1046 3098 procerte
1061 3032 1152 3098 ponat,
1168 3041 1218 3080 nee
1233 3033 1304 3080 stare
1319 3026 1416 3098 possit,
1434 3032 1463 3080 ut
1475 3023 1545 3081 inira

279 3112 489 3168 demonstraturi
503 3127 605 3173 sumus,
629 3110 702 3184 quod
718 3110 751 3166 de
767 3126 840 3165 mero
862 3109 959 3166 Gelasii
975 3109 1084 3166 decreto
1100 3109 1132 3165 ab
1149 3109 1289 3165 Hormisda
1305 3100 1340 3165 ad
1352 3108 1544 3167 possessorem

279 3199 363 3253 misso
378 3196 428 3253 sibi
444 3198 587 3271 persuasit.

363 3281 392 3337 2.
422 3282 546 3355 Nuperus
561 3283 678 3355 scriptor
692 3279 761 3335 idern
778 3279 915 3336 decretum
932 3282 1010 3336 etiam
1027 3280 1135 3337 Leonil
1155 3279 1314 3337 attributum
1330 3298 1391 3337 esse
1406 3280 1543 3355 opinatur.

279 3366 332 3422 Sed
348 3383 402 3422 nori
418 3365 524 3421 aliurule
540 3368 636 3421 nititur
650 3365 708 3435 ejus
725 3367 825 3438 opinio,
842 3367 892 3421 nisi
908 3367 948 3422 iris
964 3365 1041 3421 bardi
1057 3365 1144 3421 verbis
1160 3367 1186 3422 in
1203 3367 1255 3421 vita
1271 3365 1390 3423 busciani
1403 3365 1544 3429 Lucensis,

279 3450 355 3521 eujus
371 3450 441 3506 idem
456 3450 556 3505 Bardus
576 3450 692 3524 aequalis
708 3450 821 3505 dieitur:
848 3452 918 3508 aila
938 3456 967 3506 iu
983 3454 1107 3507 ecclesia
1122 3455 1218 3525 tepere
1229 3455 1361 3522 permisit
1377 3449 1544 3524 (dirselmns)

273 3543 399 3608 praeter
414 3536 639 3592 orthodoxorum
654 3538 827 3607 scripturas.
858 3538 1035 3609 Apoerypba
1051 3540 1153 3606 omnio,
1176 3540 1252 3593 sicta
1267 3538 1448 3593 beatissimus
1458 3553 1545 3608 papa

279 3622 336 3677 Leo
352 3624 506 3689 constituit,
524 3624 551 3675 in
568 3623 710 3676 ccclesiae
725 3637 782 3676 uon
803 3625 914 3693 recepit
939 3622 1047 3694 officia.
1085 3621 1218 3689 Quantum
1238 3639 1302 3677 vero
1324 3623 1442 3697 scriptor
1462 3620 1509 3677 ille
1529 3638 1545 3677 a

278 3704 354 3761 bardi
370 3713 459 3761 mente
475 3704 644 3765 aberraverit.
661 3706 777 3779 ipsomet
792 3706 919 3762 dnselrno
936 3715 1006 3763 teste
1021 3708 1198 3763 convincitur.
1230 3707 1259 3762 ln
1275 3706 1334 3777 ejus
1350 3709 1452 3782 quippe
1468 3723 1543 3762 eom·
1585 3690 1590 3711 ¹

278 3790 415 3865 piatione,
436 3789 594 3862 (secundum
610 3790 816 3846 Germanensem
838 3791 956 3847 codicem
971 3792 1045 3849 iilud
1062 3790 1202 3866 capliil)
1223 3793 1376 3865 quaeritur:
1408 3792 1463 3860 Qui
1475 3793 1546 3849 libri

278 3882 345 3932 srarrt
358 3877 491 3949 lepeadi?
513 3876 580 3930 Tum
596 3875 789 3949 respondetur:
808 3877 939 3934 Gelasius
951 3895 1033 3949 papa
1048 3881 1077 3933 ia
1094 3880 1201 3951 syuodo
1213 3879 1413 3948 episcoporum
1426 3884 1544 3950 septua-

277 3965 356 4034 pr'nla
372 3965 513 4032 opuscula
530 3967 616 4051 atque
639 3967 784 4017 tractatus
804 3979 901 4018 omnes
920 3965 1098 4020 diuersorum
1111 3970 1229 4035 patrum
1245 3963 1472 4020 orthodoxorum
1487 3970 1544 4020 ete.

278 4045 353 4102 Unde
369 4045 523 4102 Ansetmum
544 4062 595 4102 nec
614 4045 750 4102 dubitasse
766 4046 860 4119 liquet.
884 4050 949 4120 quin
965 4047 1062 4104 Gelasii
1082 4049 1183 4122 reipsa
1204 4049 1240 4103 sit
1255 4046 1393 4103 decretum
1408 4046 1443 4102 de
1458 4047 1544 4110 libris,

279 4130 351 4205 quod
372 4132 422 4205 ipsi
444 4130 612 4186 adscribitur.
644 4130 712 4199 Quid
734 4133 820 4205 igitur
839 4131 890 4188 sibi
911 4133 997 4189 voluit
1014 4132 1134 4188 Bardus?
1163 4131 1195 4189 Et
1217 4133 1269 4187 hoc
1289 4133 1377 4206 ipsum
1400 4132 1546 4190 inselmus

278 4219 304 4274 in
328 4215 496 4272 antecedenti
517 4217 634 4290 capitulo
658 4217 717 4273 186
741 4219 909 4289 apertissime
930 4217 1056 4274 declarat.
1099 4217 1137 4273 lbi
1158 4220 1227 4274 eninr
1248 4215 1367 4293 praefixo
1388 4217 1470 4274 titulo
1501 4220 1545 4275 Be

275 4303 406 4375 falsart
421 4302 599 4374 apocryphis
613 4303 703 4365 libris,
721 4308 752 4357 ut
766 4305 794 4358 in
812 4319 865 4359 usu
880 4306 1011 4360 lectionis
1026 4322 1081 4360 aaa
1097 4305 1269 4365 debeantur,
1286 4305 1407 4376 proxime
1417 4301 1544 4375 subjicit:

277 4388 334 4444 Leo
350 4390 503 4459 episeopus
521 4388 653 4443 Turribio
668 4387 850 4443 asturicensi
870 4391 1005 4460 episcopa
1019 4392 1149 4445 saliatem.
1182 4389 1346 4445 Curandum
1362 4395 1390 4443 et
1405 4391 1544 4446 sacerdo·

278 4475 332 4529 tali
344 4474 489 4545 dilipentia
505 4476 629 4530 maxime
646 4474 864 4544 prouidendum,
883 4480 913 4530 ut
921 4473 996 4546 salsi
1011 4475 1124 4531 cedices
1139 4481 1166 4530 et
1181 4494 1199 4529 a
1215 4478 1332 4531 sincera
1348 4477 1470 4531 ventae
1485 4476 1543 4531 dis·

278 4559 380 4613 cordes
401 4560 430 4613 ia
451 4560 529 4614 nullo
545 4575 599 4613 casu
613 4560 744 4613 lectionis
762 4558 934 4628 habeantur,
952 4560 1141 4632 apocryphae
1157 4567 1252 4616 aulem
1268 4563 1443 4631 scripturae,
1467 4575 1544 4633 quae

277 4644 328 4698 sub
344 4642 503 4698 nominibus
524 4645 717 4713 apostolorum
732 4643 838 4698 babeat
859 4648 1013 4701 mediarum
1029 4649 1213 4701 seminarium
1227 4644 1390 4717 falsitatum
1407 4651 1462 4700 ete.
1494 4643 1543 4700 Ubi

277 4729 361 4801 igitur
376 4727 409 4783 de
425 4728 552 4784 dnselmo
568 4726 633 4782 dixit
649 4726 762 4782 Budas:
785 4731 956 4803 apocrypha
972 4734 1075 4799 amnia,
1097 4734 1172 4787 sieut
1194 4731 1374 4786 beatissimus
1385 4748 1468 4802 papa
1485 4731 1543 4786 Leo

278 4816 437 4875 constituit,
455 4816 483 4866 in
501 4815 643 4868 ecclcsiae
659 4831 715 4868 naa
732 4817 841 4884 recepit
857 4815 970 4887 officio:
985 4815 1044 4871 luce
1056 4815 1152 4871 clarius
1162 4824 1212 4876 est,
1228 4832 1290 4870 eum
1302 4815 1337 4870 ibi
1349 4832 1404 4870 non
1417 4823 1542 4870 nostrum

200 4931 203 4938 .
278 4896 311 4952 de
332 4895 491 4971 recipiendis
512 4906 559 4953 aut
575 4915 628 4953 nou
651 4893 808 4971 recipiendis
833 4899 908 4956 libris
929 4900 1076 4962 decretum,
1099 4901 1146 4957 sed
1168 4899 1265 4957 beorris
1287 4899 1427 4974 epistolam
1450 4900 1488 4956 15
1510 4898 1542 4956 ad
