3412 5664
733 329 904 383 emarcus
928 320 979 382 26.
1346 349 1349 354 ·
1427 321 1489 389 407

191 511 381 561 cenasse:
404 509 505 575 eaque
526 487 737 554 nihilominus
760 488 858 553 etiam
881 488 940 553 sub
962 492 1095 555 sanctae
1116 489 1290 556 memoriae
1306 511 1393 577 papa
1408 491 1488 558 Sim·
1501 508 1595 560 adon

191 594 316 664 eicio
333 593 478 678 legatum
499 591 583 656 sedis
603 590 796 676 apostilicae
816 595 948 657 sanctae
963 593 1135 658 memoriae
1149 592 1292 659 Probum
1307 592 1489 663 Canusinae

191 698 307 769 rbis
325 695 521 781 episcopum,
544 693 699 780 Leonelll
721 694 868 779 principe
891 698 970 759 tunc
993 698 1124 779 petente
1139 700 1320 781 praesente,
1344 698 1489 766 docuisse

191 801 398 871 [ullatenus
426 819 520 883 posse
541 796 678 880 tentari,
708 818 812 881 neque
840 797 891 861 his
917 819 1047 882 prorsus
1075 798 1261 883 praebuisse
1284 822 1486 868 consensum.

191 910 323 989 &tque
351 901 424 966 ideo
455 921 523 965 non
551 899 592 965 ad
619 898 759 965 civitatis
788 900 960 984 cujushbet
986 901 1162 984 respiciant
1188 900 1395 988 qualitatem,
1430 906 1485 970 sed
1534 892 1541 897 ⁹

191 1005 342 1076 modum
373 1003 625 1088 dispensationis
667 1002 904 1069 ecclesiasticae
942 1006 1079 1089 paterna
1115 1003 1289 1075 traditione
1325 1006 1488 1076 firmatum

191 1106 445 1180 convenienter
465 1105 646 1171 observent.

303 1211 350 1274 11.
393 1207 531 1274 Dicatur
558 1211 666 1273 autem
699 1209 738 1274 de
766 1209 988 1275 Alexandrino
1022 1212 1055 1273 et
1082 1209 1288 1276 Antiocheno
1317 1212 1485 1298 episcopis,

198 1312 312 1385 nortis
337 1332 375 1376 ex
396 1311 509 1395 ,causis
538 1310 718 1395 principem
745 1312 850 1397 magis
871 1312 938 1396 illa,
962 1334 1044 1398 quae
1066 1315 1160 1397 gesta
1182 1316 1273 1397 sunt,
1308 1337 1376 1380 non
1402 1316 1485 1382 Aca·

207 1419 305 1487 cium
323 1413 532 1498 praecepisse.
578 1412 640 1479 Sed
663 1413 802 1499 principi
826 1413 1010 1480 Christiano
1025 1416 1176 1481 decuerat
1191 1438 1365 1501 suggerere
1381 1440 1484 1484 sacer-

208 1521 331 1599 dotem,
352 1502 490 1581 maxime
514 1515 604 1600 cujus
625 1515 848 1581 familiaritate
878 1520 910 1581 et
931 1517 1040 1582 favore
1063 1517 1242 1601 fruebatur,
1271 1519 1393 1584 salvam
1415 1520 1484 1586 iore

215 1624 254 1688 do
278 1618 414 1702 ejusdem
428 1617 549 1702 injuria
572 1618 877 1704 contumeliaque⁷⁰)
899 1619 1087 1703 vindictam,
1111 1623 1239 1686 tantum
1261 1625 1298 1687 ut
1320 1622 1483 1689 Ecclesiae

219 1724 337 1790 unaret
357 1719 558 1788 Christianus
580 1721 730 1805 princeps
752 1723 881 1808 regulas
904 1723 1072 1805 custodiri,
1094 1724 1170 1807 quia
1195 1727 1228 1788 et
1248 1747 1331 1790 nova
1345 1725 1386 1789 in.
1399 1729 1484 1791 utro-

225 1845 283 1910 que
303 1823 443 1908 pontifice
466 1844 564 1888 cause
585 1826 671 1888 esset
692 1826 813 1906 exorta,
837 1828 870 1890 et
891 1847 1009 1890 novam
1033 1825 1262 1891 discussionem
1288 1849 1482 1914 consequen-

229 1930 274 1990 ter
294 1923 468 2012 inquireret,
498 1928 532 1990 et
553 1926 638 1991 sicut
659 1948 784 2009 semper
810 1929 895 1991 esset
917 1927 1076 2006 effectum,
1098 1927 1226 1992 divinae
1248 1929 1370 2014 pariter
1392 1930 1481 2016 leges

232 2025 429 2114 humanaeque
452 2031 631 2111 censerent,
655 2031 693 2092 ut
707 2029 894 2093 sacerdotali
918 2028 1053 2094 concilio
1068 2029 1107 2093 de
1122 2031 1340 2096 sacerdotibus
1358 2032 1482 2116 judicia

236 2130 424 2215 provenirent,
448 2151 515 2196 nen
537 2153 556 2195 a
578 2129 734 2195 saeculari
757 2131 942 2195 viderentur
956 2131 1193 2217 qualescunque
1204 2134 1395 2219 pontifices,
1419 2137 1480 2201 etsi

238 2246 324 2297 tuere
340 2232 520 2301 humanitus
543 2233 776 2321 aecedente⁷¹),
806 2255 872 2301 nou
900 2236 1010 2301 tamen
1032 2233 1221 2323 religionem
1244 2235 1405 2304 ullatenus
1429 2260 1480 2305 ex·

238 2398 510 2419 κ....-...-

235 2509 382 2594 infflbuvii,
401 2539 493 2582 contra
513 2531 788 2596 Genetaniimpoiiioui
809 2533 927 2598 epboepi
948 2533 1118 2591 ambitionem,
1145 2549 1195 2584 noa
1218 2540 1309 2585 contra
1330 2539 1480 2587 senientiam

232 2613 297 2665 “nr
309 2618 432 2679 amaran
451 2616 515 2667 Itae
530 2618 659 2682 melotam
678 2611 755 2667 dicte
772 2629 838 2667 osse.
875 2612 906 2666 Id
924 2629 990 2669 vero
1008 2631 1094 2667 unum
1111 2613 1207 2685 palam
1224 2615 1253 2668 et
1271 2616 1368 2686 aperte
1387 2615 1479 2685 reiicit

231 2676 283 2750 ¹⁴⁰⁰,
298 2696 364 2761 quod
379 2698 495 2769 praeter
505 2696 643 2752 Nieaenos
661 2712 780 2752 canones
797 2696 837 2752 ibi
855 2699 994 2753 tentatum
1003 2698 1072 2753 ‘fuit
1102 2699 1162 2753 Nec
1174 2698 1279 2768 aliquid
1297 2700 1416 2770 amplius
1432 2701 1478 2756 hic

228 2758 335 2836 Qus
352 2785 498 2838 memorat.
547 2781 602 2838 Sed
625 2798 658 2836 ex
680 2783 734 2837 hoc
756 2782 880 2838 Facundi
906 2782 968 2836 loco
1001 2783 1098 2837 confici
1126 2783 1271 2838 manifeste
1298 2784 1477 2851 arbitramur,

224 2852 318 2917 ’ΜΕΝ
333 2867 465 2939 epistolae
483 2869 565 2939 hujus
583 2868 725 2937 exemplar
743 2867 933 2922 authenticum
951 2868 1112 2923 habendum
1136 2884 1203 2923 esse.
1241 2867 1384 2937 Siquidem
1401 2869 1477 2924 testi-

221 2938 330 3007 ”ffllum
346 2952 524 3009 Galerianum
542 2953 618 3022 quod
634 2953 743 3020 laudat,
761 2954 903 3022 integrum
920 2952 950 3007 in
968 2969 1001 3007 eo
1020 2954 1122 3019 exstat,
1142 2971 1227 3022 quum
1245 2953 1289 3006 vix
1306 2952 1398 3024 prima
1416 2955 1475 3023 ojus

217 3017 294 3082 'uba
309 3038 430 3110 mesre
448 3037 485 3093 aa
501 3038 531 3092 in
548 3037 644 3094 aare.

270 3110 305 3183 ¹⁹)
322 3122 457 3179 Batonius
472 3123 556 3193 hujus
573 3122 628 3178 loci
645 3123 813 3179 auctoritate
831 3124 868 3178 ad
881 3140 985 3178 anuum
997 3129 1046 3177 467
1060 3123 1198 3190 observat,
1216 3122 1338 3178 Leonem
1356 3122 1474 3194 impera·
1585 3142 1588 3146 “
1641 3154 1644 3161 «

297 3244 305 3270 ,
332 3226 425 3278 quum·
439 3225 530 3279 neque
552 3209 678 3264 aheone
696 3227 772 3279 papa
794 3225 885 3279 noque
909 3210 945 3264 ab
968 3208 1028 3278 ejus
1050 3224 1205 3262 successore
1227 3207 1324 3262 Hilaro
1347 3207 1473 3265 obtinere

206 3266 347 3372 Quot,
371 3298 403 3350 nt
424 3295 488 3350 rata
509 3293 647 3349 haberent
664 3293 896 3350 Calchedonensis
918 3293 1016 3363 synodi
1034 3294 1069 3349 de
1088 3292 1412 3365 Constantinopolitanae
1431 3312 1484 3351 ec-.
1563 3275 1600 3373 Ἰ

203 3346 303 3428 deq,
321 3379 475 3452 privilegiis
493 3380 619 3446 decreta,
640 3379 729 3435 hoca
747 3379 897 3451 Simplicio,
915 3378 1010 3435 statim
1029 3380 1113 3449 atque
1132 3396 1227 3435 eorum
1245 3379 1336 3434 locum
1354 3379 1473 3451 adeptus

267 3466 402 3521 museum
420 3482 480 3521 ease
497 3464 661 3540 impetrare3
680 3482 769 3535 eaque
787 3466 822 3521 de
841 3483 925 3521 causa
943 3465 1055 3534 missum
1073 3480 1131 3520 esse
1150 3482 1244 3520 amox
1261 3464 1336 3521 dicto
1348 3467 1472 3537 papale·

198 3527 309 3615 ΜΠ),
326 3551 374 3621 qni
391 3550 488 3623 petitis
506 3567 668 3607 consensum
686 3551 817 3621 praeberi
834 3569 890 3608 non
906 3568 987 3623 posse
1006 3550 1143 3606 edoceret.

198 3686 203 3697 .
238 3626 301 3711 J)
320 3638 394 3693 Zeno
412 3639 442 3692 et
458 3636 614 3692 Johannem
632 3635 849 3692 Alexandrinum
871 3638 900 3691 et
918 3635 1115 3692 calendionem
1133 3635 1335 3691 Antiochenam
1358 3636 1409 3692 sibi
1433 3637 1472 3692 in·

195 3706 321 3789 ΨΜ
337 3725 367 3777 et
384 3722 597 3778 contumeliosos
615 3722 752 3777 exstitisse
772 3724 950 3791 querebatur,
973 3722 1091 3777 ethunc
1109 3720 1221 3790 quidem
1241 3724 1272 3775 ut
1287 3721 1424 3792 perfidum
1443 3726 1472 3778 et

197 3791 320 3869 lumini.
340 3808 397 3863 suis
419 3807 587 3875 devinctum,
608 3808 687 3863 illum
705 3825 771 3864 vcro
789 3811 820 3863 ut
836 3808 981 3879 perjurum
1003 3809 1033 3862 et
1049 3805 1224 3875 sacramenti,
1247 3823 1302 3876 quo
1324 3825 1353 3861 ao
1376 3825 1470 3863 coram

198 3878 259 3933 ’Μ
278 3891 429 3965 obligarat
447 3892 619 3950 violatorem.
655 3894 728 3949 Num
752 3911 843 3964 acqua
864 3895 937 3949 esset
959 3893 1031 3947 illius
1049 3892 1242 3964 expostulatio,
1266 3909 1321 3948 non
1339 3894 1471 3964 expendit

201 3946 337 4107 wli
354 3981 404 4036 au
421 3980 493 4036 ime
511 3980 610 4054 synon
628 3979 789 4050 cognitioni,
811 3981 843 4034 ue
860 3977 998 4034 auresue
1017 3978 1131 4048 regua
1148 3979 1337 4049 postulabant,
1360 3997 1468 4036 arvan-

269 4144 303 4215 '¹)
320 4151 350 4206 ln
367 4151 535 4222 quibusdam
551 4170 614 4208 maa.
634 4157 774 4207 accidente.
814 4149 921 4205 Deinde
938 4149 968 4205 in
984 4149 1074 4207 altero
1092 4170 1143 4206 non
1160 4161 1243 4207 tuneo
1260 4161 1351 4206 contra
1368 4158 1468 4222 reiipio·

215 4232 269 4319 Ψ,-
300 4236 461 4294 dmeaeione
483 4237 637 4310 pfflculae
659 4249 750 4293 contra
771 4238 909 4293 renuntia
935 4235 1053 4292 efficitur
1075 4233 1180 4292 Gelani
1205 4236 1293 4292 menti
1319 4237 1465 4293 contraria.

219 4298 325 4377 it¹⁴¹¹u1u
341 4323 415 4379 enim
432 4323 538 4392 amerii,
555 4324 714 4380 sacerdotes
732 4322 950 4379 assecularibue
960 4321 1073 4378 minime
1080 4321 1248 4393 judicandos
1260 4340 1328 4378 osae.
1361 4322 1467 4377 Deinde

226 4402 391 4493 uanum
408 4409 546 4482 adjungit,
571 4410 655 4466 modo
673 4427 769 4466 eorum
787 4410 869 4482 eulpa
887 4409 1049 4480 religionem
1066 4425 1123 4463 non
1140 4409 1265 4476 excedat,
1288 4408 1341 4464 hoc
1358 4410 1409 4475 est,
1425 4424 1466 4463 re-

228 4474 315 4553 ims
328 4496 427 4552 limbus
444 4495 627 4552 contineatur.
663 4496 700 4553 Et
716 4497 787 4552 haec
804 4496 916 4565 quidem
943 4494 1086 4566 conceptio
1105 4497 1291 4551 consentanea
1308 4495 1351 4549 est
1366 4493 1465 4565 princi-

231 4584 280 4639 ΡΜ
293 4580 389 4637 meur.
424 4583 498 4638 Nam
516 4581 688 4638 Theodosium
702 4582 798 4652 junior
816 4583 891 4653 apud
903 4580 1080 4636 Sirmondum
1098 4580 1236 4654 append.
1251 4580 1356 4634 Theod.
1370 4588 1465 4650 capa,

232 4653 266 4713 lli
278 4664 364 4723 elisit:
383 4673 474 4724 tabeat
493 4674 530 4723 iili
541 4674 646 4738 judicer
662 4688 729 4733 auor,
749 4690 794 4724 nec
812 4674 945 4740 quidquam
963 4673 1002 4723 uu
1016 4672 1125 4738 publicis
1143 4687 1338 4723 commeruerunt
1356 4670 1465 4735 lapibus,-

226 4743 324 4813 arta,
341 4766 459 4825 quantem
475 4761 512 4811 ad
528 4776 619 4811 rumne
637 4769 718 4811 tamen
731 4762 916 4811 ecclesiasticas
926 4760 1048 4825 pertinet,
1067 4774 1131 4825 quaa
1143 4759 1217 4809 decet
1227 4759 1370 4822 episcopali
1380 4763 1465 4808 micio·

224 4840 285 4891 riade
298 4843 386 4895 dudi.
423 4841 467 4896 lia
484 4839 703 4912 intelligendum,
721 4843 751 4898 et
768 4842 843 4912 quod
860 4860 880 4896 s.
895 4839 1031 4897 Martinus
1048 4840 1124 4912 apud
1142 4838 1272 4894 Treviros
1290 4836 1464 4906 constitutus,

218 4924 305 4982 Seiano
315 4922 437 4998 Sulpicio
448 4928 511 4983 hist.
522 4927 556 4996 11,
567 4935 603 4984 60
613 4929 692 4997 teste
711 4928 831 4985 Maximo
848 4924 1013 4999 imperatori
1029 4927 1135 4998 ajebat,
1154 4945 1241 4983 meum
1252 4943 1309 4980 erse
1321 4935 1347 4979 ei
1363 4929 1465 5009 laudi:
