3412 5664
610 344 808 393 PRAEFATIO
832 345 1009 395 sorrecis.
1404 348 1440 394 Xl

164 507 254 580 dem
287 506 332 578 ad
366 506 541 601 epistolas
573 503 781 599 pontificias
812 503 993 598 pertinet,
1034 504 1151 575 solum
1186 502 1369 578 Sirmondi
1402 512 1441 580 et

164 625 378 698 Constantii
394 625 520 698 studia
538 623 707 696 adhibita
725 645 803 695 esse
820 623 1004 711 videntur,
1025 624 1096 695 etsi
1113 624 1191 717 ipse
1210 628 1340 698 auctor
1352 649 1439 699 non·

164 744 279 816 nullis
301 744 389 817 locis
409 768 494 818 cum
518 741 710 823 Sirmondo
728 745 892 836 repetat,
929 742 1137 815 etiamtunc
1161 744 1309 829 aliorum
1331 769 1440 818 cacai-

157 865 360 955 plarioram
377 887 472 954 opem
490 864 756 935 desiderandam
776 863 885 952 faisse
908 859 1016 950 (conf.
1036 861 1059 932 l.
1085 886 1114 933 c.
1134 860 1167 949 Ι,
1189 863 1289 952 59ῖ).
1333 862 1439 938 Certe

156 983 243 1071 jam
271 982 311 1053 in
334 982 565 1076 praefatione
589 980 752 1076 generali
778 1003 862 1074 pag.
881 978 916 1048 H
943 981 1071 1072 aperte
1092 981 1273 1071 declarat,
1305 982 1375 1055 sibi
1400 983 1438 1055 in

161 1101 235 1174 hac
253 1124 293 1172 re
311 1098 519 1173 Constantii
547 1099 813 1172 annotationes
833 1099 917 1170 usui
943 1098 1070 1186 fuisse,
1099 1099 1268 1193 idemque
1295 1102 1333 1172 in
1361 1102 1439 1196 ipso

159 1243 275 1314 opere
301 1220 367 1293 col.
395 1221 468 1290 305
501 1219 644 1313 plenius
678 1219 734 1290 ita
760 1217 913 1311 repetit:
951 1218 1064 1305 Qiliim
1089 1221 1238 1309 scriptas
1266 1223 1312 1292 ad
1335 1226 1437 1313 septi-

161 1365 257 1410 mum
286 1361 390 1431 usqae
416 1340 588 1411 calecatum
611 1363 633 1410 a
646 1338 870 1429 pontificibus
888 1338 1058 1407 Roaeaais
1075 1338 1235 1426 epistolas
1253 1340 1299 1411 acl
1316 1364 1437 1412 orana-

157 1461 311 1549 scriptos
337 1467 368 1530 et
395 1460 502 1531 editos
528 1458 630 1530 libros
656 1457 698 1527 ali
724 1458 837 1528 codem»
858 1456 1055 1528 Constantio
1082 1456 1219 1528 collatas
1244 1458 1436 1547 assicamus,

159 1581 343 1649 rariaates
368 1577 525 1649 lectiones
551 1585 583 1649 et
601 1577 674 1648 ralia·
691 1578 765 1665 tero
783 1578 910 1658 ostiaria,
938 1597 1024 1666 parrae
1051 1577 1145 1645 circu
1165 1577 1348 1649 decretales
1366 1582 1437 1669 epi-

157 1696 269 1767 stolas
301 1696 421 1767 alatari·
453 1717 588 1779 sciaris,
625 1695 819 1765 Coirstaalii
846 1695 1085 1764 (incantationes
1118 1698 1192 1766 lani
1225 1697 1337 1767 editae
1364 1704 1437 1768 tum

159 1815 319 1885 ineditae
344 1815 620 1905 aappalitahuat.
665 1812 718 1885 Ac
744 1835 873 1883 revera
899 1809 1019 1882 nullas
1046 1835 1112 1882 nos
1139 1813 1302 1904 ejusdem
1328 1817 1436 1887 notas

156 1932 314 2004 criticas
338 1955 406 2004 nec
433 1932 649 2027 ampliorem
668 1931 834 2004 codicum
852 1952 961 2001 usum
979 1928 1295 2024 deprehendimus,
1323 1956 1432 2026 quam

157 2052 199 2121 in
227 2051 361 2143 quibus
388 2049 626 2123 Coustantius
661 2050 926 2144 antesignanus
959 2050 1115 2123 exstitit.
1169 2049 1292 2124 Nihilo
1318 2053 1435 2126 secius

154 2193 278 2263 quum
311 2170 419 2264 hujus
451 2169 623 2257 schedae,
664 2192 759 2262 quae
798 2168 901 2241 nobis
935 2169 1133 2262 patebant,
1180 2169 1308 2242 iisdem
1347 2171 1434 2245 locis

152 2289 309 2383 saepius
335 2289 557 2376 deieceramt
586 2287 722 2360 Labati
741 2310 831 2382 opus
851 2288 1033 2382 plurimae
1051 2288 1155 2360 nobis
1174 2288 1332 2361 utilitati
1350 2290 1433 2364 fuit.

266 2411 301 2479 4.
334 2406 511 2479 Similiter
536 2389 766 2479 Bibliothecae
795 2408 959 2492 Petram,
985 2431 1081 2499 quae
1108 2406 1155 2478 ab
1181 2407 1243 2478 illo
1269 2412 1434 2503 tempore

153 2527 367 2600 adornatae
393 2530 492 2614 sunt,
519 2526 618 2598 inter
645 2527 769 2598 cetera
795 2525 910 2596 etiam
939 2525 1113 2619 epistolas
1140 2526 1348 2619 pontificias
1373 2550 1432 2614 ex·

152 2644 352 2718 hibebant.
406 2643 625 2738 intorques
653 2667 741 2737 prae
768 2642 937 2716 omnibus
964 2644 1226 2716 nominandae:

266 2764 477 2836 Bibliotheca
499 2771 648 2836 acierum
664 2765 811 2834 Petram
837 2766 1123 2856 (antiquorumque
1150 2767 1358 2855 scriptorum
1382 2789 1433 2838 ec-

152 2884 431 2955 clesiasticorum
447 2905 505 2976 op.
521 2881 729 2955 Andreae
743 2880 979 2953 Gallandii
999 2879 1164 2954 Venetiis
1184 2884 1226 2952 17
1232 2885 1430 2957 65-1788

154 3004 196 3072 in
233 3004 280 3072 14
306 3004 395 3073 tom.

266 3120 482 3212 Patrolopiac
498 3122 629 3192 Cursus
645 3120 836 3212 Uoluptatis
862 3141 981 3191 accur.
1003 3118 1038 3190 J.
1053 3118 1092 3190 P.
1108 3117 1255 3214 Migne
1282 3119 1432 3195 Parisiis

157 3239 262 3310 1843
278 3260 350 3332 seq.
378 3237 523 3329 (Patres
549 3238 659 3311 latini
685 3238 733 3310 ad
758 3236 1013 3312 Innocentium
1039 3235 1093 3307 HI
1118 3259 1233 3330 usque
1259 3239 1328 3311 vol.
1346 3241 1429 3326 217,

153 3357 287 3453 graeci
314 3356 501 3451 usquead
529 3356 703 3429 Photium
729 3358 798 3430 vol.
825 3359 921 3447 104).

265 3470 385 3560 Quum
411 3478 539 3548 autem
566 3478 691 3550 textus
718 3476 769 3548 ibi
796 3475 1022 3549 solummodo
1057 3475 1104 3548 ad
1135 3476 1304 3551 litteram
1336 3479 1430 3573 prio·

152 3618 245 3668 rum
273 3594 477 3667 editionum
502 3599 705 3683 revocatus,
735 3618 799 3690 pro
826 3595 956 3668 critica
982 3595 1218 3668 restitutione
1245 3619 1314 3668 sna
1340 3598 1430 3671 nihil

153 3717 353 3809 promotus
379 3716 446 3788 est.

265 3835 299 3904 5.
334 3829 480 3905 Novam
497 3832 737 3927 epistolarum
755 3833 1028 3927 pontificiarum
1046 3834 1212 3928 ipsarum
1231 3833 1429 3909 editionem

152 3950 292 4024 deinde
310 3948 586 4025 schoenemann
611 3953 772 4046 suscepit
797 3954 865 4025 hoc
892 3953 1020 4024 titulo:
1051 3953 1290 4044 Epistularum
1308 3954 1429 4028 Ponti

154 4074 266 4162 &am
284 4071 519 4144 Romanorum
536 4095 558 4142 a
575 4093 600 4142 s.
622 4071 791 4144 Oleaccate
810 4073 837 4142 Ι
861 4095 963 4165 iisque
986 4073 1032 4143 ad
1049 4071 1430 4166 salamancella

166 4189 309 4261 roma
337 4190 397 4261 Ea
422 4192 616 4261 emensioae
645 4190 743 4277 Petri
772 4192 966 4264 Coristoatii
997 4216 1074 4261 cara
1099 4191 1249 4278 ejusdam
1275 4193 1428 4296 adrioni-

155 4307 312 4379 tionihus
336 4315 369 4380 ct
395 4308 513 4380 eleae
541 4309 760 4381 adnotatione
787 4312 922 4381 cirraait
948 4311 1159 4402 aliorumque
1186 4310 1371 4382 iioauullas
1397 4320 1429 4385 at

155 4448 243 4497 suas
268 4427 583 4500 antonomasiae
606 4429 743 4500 addidit
764 4429 842 4499 Car.
865 4429 992 4521 Tra-up.
1015 4429 1146 4501 alitia
1166 4429 1427 4506 Saliocacuaraa.

162 4545 350 4637 Gottiapae
369 4548 481 4615 1796.
526 4542 605 4631 Sed,
634 4549 677 4616 ut
699 4546 778 4639 jam
807 4547 996 4641 inscriptio
1013 4547 1129 4634 docet,
1157 4569 1304 4618 summa
1330 4548 1427 4622 illius

156 4685 253 4735 cura
278 4663 316 4734 in
342 4663 576 4758 excerpendis
593 4664 801 4737 Constantii
829 4666 924 4738 notis
947 4666 1026 4759 jam
1049 4667 1157 4740 editis
1183 4670 1332 4738 velsata
1358 4672 1427 4757 est,

154 4781 294 4875 quibus
326 4782 510 4875 quaedam
548 4806 668 4876 pauca
703 4807 746 4855 ex
780 4783 1061 4857 Balleriniorum
1101 4786 1232 4857 studiis
1273 4784 1424 4877 adjecit;

157 4900 263 4972 ultra
293 4901 351 4972 vix
378 4901 452 4973 ullo
479 4902 585 4975 modo
613 4926 824 4998 progressus
852 4906 918 4976 est.
