3412 5664
209 353 270 400 XIV
644 349 842 398 PRAEFATIO
865 349 1041 399 annolus.

207 516 308 584 lector,
333 517 359 569 ci
378 531 435 587 quo
458 515 535 569 irlrr
556 515 706 586 leqerrdnm
727 514 898 586 quandoque
918 515 1104 569 occurrerint
1125 520 1234 581 errato,
1259 514 1475 585 qrrcchrmono

208 607 316 655 naiuro
340 615 446 655 <rovere
468 616 525 654 non
543 603 682 670 potuerit.

817 804 824 821 .
854 750 886 820 3.

251 880 469 963 Prospectus
490 878 601 962 hnjns
622 895 733 946 norae
755 749 937 945 oddtionis.
971 878 1147 967 Quomodo
1171 880 1374 946 Constantii
1397 881 1434 945 ot

295 980 460 1048 Durandi
483 981 535 1046 lbi
557 979 679 1047 studia
701 997 873 1046 connexa.
917 980 1105 1063 Principio
1128 982 1274 1063 critica,
1297 998 1389 1063 quoe

656 1083 695 1148 in
717 1081 838 1148 eodem
860 1080 1035 1148 adhibito.

315 1226 345 1297 l.
390 1214 626 1319 Cognovisti‚¹
648 1225 764 1297 lector
790 1222 1061 1313 candidissime,
1102 1224 1167 1318 qui
1192 1247 1257 1319 pro
1283 1248 1323 1298 re
1349 1228 1477 1298 nostra

210 1347 351 1418 fructus
378 1366 421 1418 ex
448 1343 580 1416 studiis
606 1343 868 1416 sollertissimis
894 1342 1188 1417 doctissimorum
1214 1344 1361 1418 illorum
1386 1344 1475 1417 filio·

207 1488 291 1537 rum
323 1487 351 1536 s.
376 1462 566 1537 Benedicti
598 1463 721 1558 parati
754 1466 872 1535 erant.
931 1461 1092 1547 Quonnn
1125 1463 1234 1558 plena
1265 1463 1402 1558 species
1436 1464 1475 1535 in

208 1586 310 1656 tomo
328 1582 446 1677 primo
463 1582 703 1676 epistolarum
720 1581 994 1676 pontificiarum
1011 1585 1165 1677 prostat,
1185 1583 1247 1676 qui
1267 1581 1475 1655 Constantii

208 1702 322 1797 ipsius
348 1724 464 1774 manu
490 1701 625 1796 prodiit
652 1704 691 1774 et
708 1701 811 1795 eujus
829 1704 1022 1794 sequentes
1046 1701 1139 1774 tomi
1157 1700 1366 1775 fidelissime
1383 1702 1474 1774 ima·

209 1821 332 1917 ginem
358 1820 582 1897 retulissent.
626 1818 749 1914 Atque
774 1821 814 1892 in
840 1820 1004 1914 pluribus
1030 1821 1179 1914 quidem
1206 1820 1384 1916 partibus
1414 1821 1475 1892 ubi

208 1941 376 2036 integrae
407 1938 569 2032 ejusdem
603 1939 670 2011 viri
704 1939 895 2012 clarissimi
929 1939 1083 2013 schedae
1121 1964 1199 2013 sese
1233 1939 1474 2033 excipiebant,

209 2058 288 2132 fieri
313 2061 474 2153 poterat,
500 2062 545 2131 ut
570 2059 700 2132 eadem
725 2058 848 2155 imago
874 2059 944 2132 hac
971 2059 1050 2154 ipsa
1073 2059 1233 2132 editione
1251 2058 1474 2153 redderetur.

209 2176 292 2251 Non
318 2200 422 2273 nego,
450 2201 510 2251 mc
536 2178 665 2273 perdiu
692 2179 800 2251 anxie
817 2178 1030 2266 haesitasse,
1057 2201 1132 2272 qua
1157 2177 1391 2272 potissimum
1417 2201 1476 2250 ra·

208 2297 309 2370 tione
335 2296 417 2369 illas
444 2297 671 2369 venerandas
697 2297 871 2391 reliquias
897 2282 1110 2387 tractarem,
1138 2321 1253 2392 quum
1280 2296 1381 2368 aliud
1404 2296 1477 2391 pie·

209 2415 302 2489 tatis
328 2414 428 2487 aliud
455 2415 624 2488 veritatis
652 2439 756 2489 amor
773 2417 956 2490 suaderet.
1000 2415 1045 2488 In
1062 2417 1227 2511 pluribus
1245 2417 1355 2505 eninr,
1382 2439 1478 2510 quae

64 2594 68 2602 .
209 2534 352 2628 optima
384 2533 434 2606 ibi
468 2534 752 2623 exhibebantur,
787 2559 860 2608 non
893 2535 1047 2609 deerant
1080 2558 1238 2629 quoque,
1275 2535 1312 2606 in
1345 2534 1478 2628 quibus

210 2653 349 2726 codices
381 2652 539 2726 Romani
572 2652 788 2727 Constantio
820 2678 967 2749 prorsus
994 2654 1128 2751 ignoti,
1163 2654 1288 2727 studia
1321 2654 1478 2726 aliorum

209 2771 373 2845 virorum
390 2771 721 2846 eruditissimorum
739 2774 970 2869 (praeprimis
987 2773 1134 2866 Maiieji,
1161 2771 1367 2861 Blanchini‚
1393 2770 1478 2844 Bal·

64 2978 67 2986 ,
209 2891 435 2979 leriniorum,
464 2890 608 2981 Mansii,
636 2891 736 2986 Maji,
764 2891 869 2966 Rossi
896 2893 969 2983 al),
998 2896 1037 2965 et
1064 2915 1168 2965 meae
1195 2891 1310 2985 ipsius
1335 2891 1477 2986 quales-

210 3033 352 3105 cunque
375 3010 651 3085 lucubrationes
677 3012 845 3106 supplere
877 3011 964 3105 quid
996 3015 1064 3084 aut
1090 3011 1270 3107 corrigere
1291 3011 1477 3105 juberent.

209 3129 252 3202 In
278 3129 361 3203 aliis
387 3129 598 3203 deterrebat
623 3131 800 3204 sermonis
833 3129 1041 3225 prolixitas3
1087 3133 1200 3225 atque
1234 3129 1298 3203 illa
1316 3130 1479 3239 ‚omnino

211 3248 376 3322 codicum
402 3269 506 3341 mera
532 3249 747 3344 appellati0,
780 3273 855 3344 qua
885 3271 952 3323 nec
979 3251 1084 3321 aetas
1111 3271 1177 3322 nec
1203 3247 1290 3320 ordo
1316 3248 1479 3342 ipsorum

211 3367 436 3460 proderetur,
464 3390 539 3440 non
564 3368 686 3441 minus
712 3368 943 3442 incommoda
968 3391 1082 3462 quam
1099 3366 1319 3440 stabiliendo
1340 3366 1480 3461 judicio

211 3485 339 3560 critico
364 3485 523 3560 difficilis
550 3509 628 3560 esse
643 3488 869 3583 ,apparebat
936 3487 1100 3581 Denique
1126 3487 1289 3582 ipsorum
1316 3487 1479 3560 virorum

212 3628 355 3679 summe
393 3606 684 3680 venerandorum
723 3605 931 3680 Constantii
974 3609 1012 3680 et
1056 3627 1305 3680 successorum
1343 3606 1478 3695 studia,

211 3725 487 3819 quanticunque
512 3748 578 3820 per
604 3749 643 3799 sc
661 3727 893 3800 aestimanda
920 3729 959 3800 et
976 3725 1233 3821 praedicanda,
1262 3728 1389 3798 tamen
1407 3747 1481 3798 non

212 3843 269 3915 ita
293 3843 441 3939 publica
466 3842 689 3918 documenta
714 3849 782 3919 aut
808 3845 952 3919 aeterni
979 3844 1171 3939 cujusdam
1192 3844 1287 3939 juris
1305 3866 1383 3917 esse
1400 3843 1481 3916 visa

212 3964 310 4050 sunt,
329 3961 383 4034 ¹ut
402 3963 485 4056 jam
511 3963 661 4036 omnino
687 3965 936 4038 mutationem
962 3986 1036 4036 non
1062 3966 1246 4058 saperent,
1275 3965 1343 4036 aut
1361 3985 1406 4035 ea
1423 3964 1479 4034 at·

212 4081 356 4177 tingere
381 4080 565 4155 diceretur
591 4082 705 4156 nefas
746 4082 813 4156 His
840 4084 955 4180 igitur
978 4082 1098 4157 causis
1124 4082 1217 4155 nihil
1233 4081 1479 4154 dubitandum

212 4200 310 4288 duri,
338 4201 426 4294 quin
444 4203 590 4274 textum
608 4199 817 4276 Constantii
842 4205 880 4277 et
897 4201 1074 4289 Durendi,
1102 4201 1255 4274 tametsi
1279 4199 1481 4296 plurimum

212 4319 421 4408 retinerem,
449 4323 578 4394 tomen
602 4324 786 4416 quantum
812 4321 974 4395 rationes
1000 4344 1092 4415 quas
1122 4321 1229 4394 modo
1255 4319 1371 4394 extuli
1398 4341 1480 4391 sua·

213 4438 354 4527 derent,
387 4439 592 4514 desererem
618 4444 658 4514 ct
683 4462 765 4514 meo
791 4441 898 4537 genio
925 4440 1135 4513 formarem.
1189 4436 1226 4511 Si
1253 4441 1382 4511 autem
1408 4439 1481 4509 sin·

212 4557 322 4653 gulae
350 4557 528 4651 ejusmodi
554 4559 780 4633 mutationes
808 4559 962 4655 singulis
994 4559 1081 4634 locis
1113 4557 1249 4631 litteris
1282 4560 1350 4630 aut
1383 4558 1481 4630 notis

214 4676 444 4772 significatae
471 4681 602 4767 essent,
631 4678 694 4750 vix
710 4681 835 4751 ortum
853 4678 936 4751 inde
954 4677 1227 4751 incommodum
1244 4699 1359 4772 aeque
1377 4676 1481 4748 tulis·

214 4799 272 4868 set
305 4795 547 4890 aequissimus
572 4796 698 4869 lector.
756 4794 986 4892 Quapropter
1018 4799 1078 4885 ut,
1112 4799 1293 4891 quantum
1325 4819 1390 4890 per
1422 4818 1481 4866 me

215 4917 351 5005 staret,
386 4937 453 4990 nec
479 4914 617 4989 veritas
650 4938 717 4991 nec
738 4915 892 5011 justitia
924 4916 1117 5013 pietasque
1146 4915 1373 5005 laederetur,
1415 4937 1482 4989 nec
