3450 5678
678 338 869 388 nersronns
891 328 1036 388 40-61,

402 515 439 576 ln
459 513 647 575 Hormisdss
668 531 770 593 papae
791 513 956 591 epistolem
977 514 1017 573 45
1040 513 1072 594 (,,
1084 513 1305 598 5555555155).

319 633 386 694 lianc
409 636 550 693 llormisda
571 637 686 693 seorsim
708 635 740 692 ad
762 638 930 711 superiorem
952 637 1050 692 lustini
1077 637 1218 712 epistolam
1239 636 1278 692 41
1300 637 1448 695 rescribere
1461 657 1491 695 se

232 715 369 793 signifieat,
383 724 501 799 quamvis
517 722 705 779 alteramenta
721 722 778 778 aliis
794 721 826 778 ab
842 723 936 779 eodem
953 710 1115 797 imperatore
1127 740 1176 797 per
1188 722 1298 779 Gratum
1310 727 1490 780 transmissam

227 819 277 859 ase
297 815 432 884 acceptam
448 826 503 865 non
520 815 616 864 taceat.
663 809 744 882 litqni
766 810 815 864 bae
831 826 879 883 per
895 807 1005 863 Gratum
1024 808 1126 864 delatae
1142 809 1175 864 ad
1190 808 1287 865 orleem
1304 809 1434 884 epistolae
1450 810 1489 867 43

223 901 368 965 acceptae
382 895 464 951 XIII
475 894 627 951 Kalendas
641 894 781 950 Jnnrtarr'r‘
800 901 938 949 notantur.
976 893 1011 948 Ex
1036 912 1090 968 quo
1107 896 1239 969 sequitur,
1263 904 1293 950 nt
1314 912 1402 970 neque
1426 896 1491 952 baec

221 977 425 1054 epistola‘aute
447 978 655 1038 nascentiis
676 978 746 1034 diem
767 980 866 1053 scripta
886 981 931 1035 sit.
964 980 1055 1055 Neque
1071 982 1151 1036 etium
1167 979 1250 1055 iunge
1265 990 1328 1055 post
1344 981 1489 1039 dilierenda

218 1072 258 1121 est.
306 1063 387 1123 Certe
400 1065 600 1140 subsequentes
616 1064 760 1121 antecedit.
1119 1058 1130 1085 ⁸

349 1200 384 1262 Iti
404 1199 590 1261 Hormisdao
611 1214 712 1278 papae
734 1198 881 1277 epistolas
902 1198 1041 1259 46-48
1064 1195 1269 1280 (,ζ8151155155“
1285 1197 1363 1283 etc).

303 1321 402 1380 Tribus
416 1321 550 1398 epistolis,
568 1338 633 1396 quas
649 1320 789 1376 llormisda
807 1339 854 1396 per
870 1321 979 1378 Gratum
996 1323 1164 1378 transmissas
1177 1340 1247 1378 auuo
1263 1323 1324 1381 518
1338 1323 1488 1381 Decembris

217 1412 246 1470 ⁸20
257 1407 328 1466 itio
338 1416 472 1483 acceperat
487 1406 556 1480 (scil.
574 1405 754 1482 5515511542,
768 1406 843 1463 4351
854 1406 915 1479 lt),
933 1407 1000 1463 banc
1016 1417 1043 1463 ct
1059 1407 1124 1463 duas
1140 1406 1338 1482 subsequentes
1354 1409 1487 1466 rescribit.

219 1497 256 1554 115
276 1495 378 1551 eidem
393 1495 484 1556 Grato,
502 1492 730 1567 quemadmodum
745 1493 772 1548 in
788 1493 904 1567 epistola
920 1495 1039 1567 proxima
1056 1495 1225 1568 premiserat,
1242 1512 1323 1568 qnum
1342 1513 1401 1552 eum
1418 1496 1486 1569 apud

221 1579 460 1655 seriiqnantispcr
475 1578 646 1641 detinuisset,
677 1577 849 1652 perferendas
871 1577 953 1642 dedit,
979 1587 1009 1634 nt
1030 1596 1061 1634 ea
1084 1580 1175 1652 primis
1198 1580 1328 1652 epistolae
1346 1582 1382 1639 til
1401 1579 1488 1637 verbis

224 1668 367 1723 timemus.
397 1665 478 1739 Atqui
499 1680 555 1721 non
574 1665 663 1719 serius
679 1663 760 1719 Grato
778 1662 938 1719 Germanum
954 1664 1075 1738 aliosque
1097 1664 1350 1738 apostolicaesedis
1373 1665 1487 1740 legatos,
1594 1665 1603 1671 ’

229 1749 365 1827 55155351
378 1750 471 1827 plnres
487 1748 618 1824 epistolae
634 1766 695 1805 moa
708 1747 889 1821 subjiciendae
902 1750 1018 1806 creditae
1032 1757 1104 1812 snut,
1123 1749 1240 1806 directos
1256 1751 1488 1808 inisscllormisda

232 1837 303 1911 epist.
325 1835 361 1895 ts
381 1843 473 1912 aperte
495 1841 620 1891 testatur.
663 1834 717 1891 llos
741 1843 830 1890 antean
851 1852 921 1890 anno
943 1835 1003 1892 519
1026 1834 1119 1891 Nartio
1144 1837 1254 1891 iucintte
1276 1835 1418 1911 Liguidnm
1439 1854 1487 1892 seu

237 1919 389 1996 indiuiduas
402 1920 572 1978 Macedoniae
588 1921 722 1977 civitatem
738 1922 901 1994 pervenisse,
925 1923 1001 1976 testis
1019 1922 1069 1976 erit
1085 1920 1199 1994 epistola
1216 1921 1265 1979 60.
1298 1922 1408 1978 Gratum
1425 1909 1487 1978 vero

240 2003 307 2081 paulo
320 2016 384 2071 aute,
400 2015 474 2064 certe
484 2024 539 2063 uon
553 2006 782 2080 postGermanum
795 2006 918 2081 aliosque
930 2006 1048 2081 legatos.-
1058 2005 1319 2080 Constantinopolim
1333 2008 1439 2070 rediise,
1456 2025 1487 2063 es

246 2090 322 2165 primis
333 2092 379 2165 jam
396 2094 493 2150 citatae
509 2091 641 2167 epistolae
657 2092 694 2149 61
718 2090 804 2146 veritis
821 2093 993 2166 perspicuum
1011 2100 1061 2148 est.
1094 2091 1129 2147 Nx
1146 2109 1200 2166 qno
1222 2101 1249 2147 et
1265 2110 1349 2167 prope
1365 2110 1486 2168 comper-

250 2185 289 2230 155
304 2176 431 2241 babemus.
448 2195 543 2235 omnes
558 2177 618 2234 illas
633 2177 772 2252 epistolas,
788 2195 854 2251 quas
870 2179 926 2233 sire
943 2178 1039 2233 Gratus
1055 2179 1110 2233 sire
1127 2177 1207 2251 legati
1224 2178 1354 2252 praedicti
1369 2179 1488 2254 pertule-

255 2268 306 2324 551.
321 2281 380 2322 auno
399 2264 460 2322 519
477 2281 570 2320 mense
585 2264 710 2320 ianuario
725 2264 795 2320 circu
810 2262 869 2335 ejus
885 2265 985 2319 exitum
1002 2263 1085 2319 inisse
1101 2263 1220 2320 traditas.

271 2393 475 2461 isflomisdtte
496 2414 598 2477 papas
620 2397 767 2476 epistolas
782 2396 819 2458 57
834 2401 866 2458 et
878 2396 917 2456 58
940 2393 1202 2477 (‚,dlapniiudinis“
1219 2410 1246 2456 ct
1261 2401 1328 2472 „Ea
1345 2396 1464 2482 quae“).

320 2519 442 2578 85555155
457 2521 602 2576 lnstiuiani
622 2519 736 2583 litterae,
755 2537 816 2576 cnm
833 2519 988 2576 muneribus
1007 2520 1086 2576 abeo
1103 2519 1134 2575 ad
1150 2519 1257 2576 beatum
1272 2521 1381 2576 Petrum
1398 2523 1486 2577 missis

266 2603 498 2682 1515555555
515 2605 580 2662 urbe
596 2605 744 2662 discessum
759 2614 895 2681 acceptae,
912 2608 1079 2662 occasionem
1098 2606 1228 2681 epistolae
1241 2607 1280 2664 57
1299 2605 1486 2663 rescribeudae

266 2684 366 2756 1515551,
385 2691 831 2768 555511551151555551155511515
853 2692 886 2747 de
908 2692 1008 2748 directa
1029 2692 1164 2766 legatione
1181 2695 1325 2749 certiorem
1346 2692 1419 2749 iacit.
1449 2692 1487 2748 Es

267 2763 354 2844 55515
367 2795 417 2835 nou
433 2778 516 2853 longe
531 2786 594 2853 post
609 2777 805 2852 profectionem
822 2778 974 2851 legatorum
990 2780 1116 2852 scriptam
1132 2795 1192 2833 esse
1208 2777 1360 2835 coniicitur.
1402 2778 1486 2834 Simul

266 2855 466 2924 ibidlobsnnem
483 2865 622 2937 rescripsit
637 2862 728 2938 (epist.
745 2861 805 2936 58),
828 2865 873 2937 qui
890 2866 1119 2938 opportunitatem
1136 2873 1229 2919 nactus
1247 2863 1382 2925 tabellarii.
1406 2880 1486 2937 quem

265 2940 387 3034 1151115555
401 2967 461 3008 cum
478 2949 633 3007 muneribus
648 2948 758 3006 Romam
774 2949 934 3012 desumunt,
960 2949 1064 3006 litteras
1085 2948 1116 3003 ad
1138 2951 1225 3023 ipsum
1242 2949 1390 3012 direxerat,
1419 2965 1486 3022 quae

263 3042 350 3095 11555
361 3045 471 3095 exstant.
506 3081 509 3084 <
740 3036 744 3047 ’

409 3171 448 3233 In
468 3169 653 3233 Homisdao
673 3185 774 3248 papae
797 3168 958 3248 epistolam
979 3169 1017 3230 59
1041 3164 1112 3250 (,,Ι5
1130 3165 1290 3250 5151151511).

325 3290 447 3370 tingatis.
464 3304 494 3350 nt
511 3293 579 3350 inira
595 3300 753 3356 memorant,
771 3310 802 3349 eo
815 3294 874 3367 ipso
887 3292 939 3355 die,
956 3309 1010 3366 qno
1027 3291 1169 3366 bignidrnn
1186 3299 1365 3366 perventuros
1380 3310 1410 3348 se
1425 3309 1486 3367 spe-

263 3369 338 3439 51551,
354 3383 497 3456 conscripta
518 3387 569 3443 est,
592 3378 714 3453 adeoque
729 3378 823 3434 Martio
841 3380 958 3441 ineunte,
976 3395 1058 3452 quum
1073 3394 1190 3451 sequens
1207 3379 1331 3452 epistola,
1350 3395 1402 3455 qna
1418 3395 1486 3453 quae

264 3452 497 3539 burdgensem
513 3472 663 3527 narrantur.
680 3463 855 3521 Nonisblartii
871 3466 1028 3539 consignata
1043 3466 1087 3521 sit.
1116 3463 1216 3538 Nempe
1231 3464 1258 3520 iu
1275 3463 1368 3521 urbem
1384 3466 1485 3539 regiam

264 3557 405 3617 5555555155,
426 3570 482 3609 555
498 3550 608 3609 multam
624 3552 651 3606 in
665 3551 781 3626 singulis
797 3541 898 3606 moram
915 3550 1052 3615 iaciebant,
1070 3568 1119 3607 nec
1131 3549 1288 3606 differebant
1303 3551 1336 3606 de
1351 3551 1393 3615 iis,
1417 3566 1486 3625 qnae

264 3626 285 3682 11
296 3644 422 3714 ι55555555
437 3640 544 3696 civitate
558 3654 689 3712 prospere
704 3635 877 3711 gerebantur,
891 3636 1059 3693 llormisdam
1074 3638 1218 3693 certiorem
1235 3636 1331 3693 155555.

431 3772 470 3834 15
490 3770 677 3834 Hormisdss
698 3787 798 3850 papae
822 3770 984 3850 epistolem
1005 3769 1040 3831 61
1062 3765 1272 3853 (‚‚Reddiu·s“).

327 3885 371 3948 Non
387 3904 488 3953 tantum
509 3898 535 3952 in
556 3895 670 3952 laudatis
692 3894 831 3950 vaticanae
852 3893 1030 3951 bibliothecae
1052 3893 1189 3951 codicibus
1211 3902 1306 3958 exstat,
1328 3893 1376 3950 sed
1397 3902 1424 3951 ct
1442 3893 1486 3951 lli·

263 3983 336 4040 ³l²i⁸t
347 3975 483 4058 isidorique
505 3980 711 4039 collectionibus
732 3982 833 4036 inserta
854 3989 904 4036 est.
942 3980 972 4035 Ei
994 3982 1019 4035 iu
1036 3980 1155 4036 editione
1171 3978 1288 4036 Numana
1303 3983 1486 4055 praemittitur

263 4051 298 4147 bic
314 4059 397 4122 titulus:
424 4069 599 4140 Exemplum
619 4069 707 4124 libelli
725 4068 868 4123 lobannis
890 4067 1035 4123 Constant.
1075 4064 1253 4121 Praelerimns
1275 4083 1335 4122 cum
1357 4084 1411 4123 uno
1433 4085 1482 4123 rus.

263 4136 328 4198 11115
343 4148 490 4228 Exemplar
514 4156 664 4210 relationis
683 4154 826 4210 Jobanrnis
847 4153 1167 4225 Corrstmtlinopolitani,
1190 4153 1300 4208 maxime
1323 4170 1406 4226 qnnrn
1431 4170 1484 4208 non

264 4240 332 4283 5555
342 4231 431 4296 libellus
446 4256 495 4297 seu
511 4237 594 4295 libelli
609 4238 641 4294 ab
657 4238 797 4295 Normisrla
813 4239 886 4293 missi
902 4238 971 4294 unda
987 4237 1149 4312 subscriptio
1167 4237 1208 4293 bie
1224 4237 1389 4295 exhibeatur.
1422 4239 1484 4309 Ejrns

263 4306 678 4389 1555555555,5555555
693 4332 745 4382 etc.
761 4325 932 4398 eallispanae
947 4324 1116 4380 collectionis
1128 4331 1208 4397 atque
1222 4324 1381 4380 isidorianae
1396 4340 1484 4380 caem-

195 4468 198 4473 ,
263 4392 351 4465 1111115
371 4408 454 4486 legere
481 4419 538 4468 est:
570 4413 700 4483 Epistola
722 4415 781 4468 sive
799 4412 914 4467 libellus
933 4412 1002 4483 fidei
1020 4412 1163 4467 lubainais
1179 4410 1485 4483 Corrsiantitiopolitani

264 4484 399 4560 (1111155155
411 4514 520 4572 praeco
541 4501 570 4554 in
584 4500 705 4554 latinum
720 4500 865 4554 translata
881 4498 992 4553 directa
1009 4497 1237 4553 adHermisdnm
1246 4514 1364 4569 papam,
1381 4499 1409 4551 in
1425 4512 1483 4567 qua
1567 4483 1574 4499 ⁸

263 4572 447 4640 medendum
463 4584 626 4642 Nestorium
655 4590 741 4657 nique
763 4583 915 4656 Eutychen
935 4586 1168 4657 reliquorumque
1188 4582 1401 4638 baereticorum
1423 4583 1482 4637 bla-

263 4651 378 4723 11115155.
406 4669 472 4726 Tum
493 4670 593 4725 omissa
612 4670 774 4726 salutatione
789 4671 926 4743 seqnitur:
957 4669 1086 4726 Redditis
1106 4677 1157 4724 etc.
1189 4669 1225 4724 115
1241 4669 1293 4724 boc
1307 4669 1408 4740 scripto
1424 4667 1483 4722 llio·

263 4751 334 4835 Q
345 4748 436 4826 legatus
452 4755 522 4812 inira
537 4757 616 4830 epist.
635 4755 675 4813 65
691 4774 717 4812 u.
735 4755 754 4811 ¹l
770 4756 807 4811 ita
822 4755 957 4828 loquitur:
974 4756 1137 4828 Episcopus
1153 4755 1484 4825 Corrsluntinopolitauas

263 4833 380 4924 ’5551555
397 4846 578 4916 consuscepit
599 4861 617 4898 a
638 4843 719 4899 uobis
740 4844 865 4899 libellum
886 4849 913 4898 el
928 4846 956 4898 iu
973 4846 1077 4915 parisinis
1097 4846 1181 4916 5555·
1201 4844 1318 4897 tenluuil
1334 4843 1483 4913 epistolam

262 4917 432 4993 muliare
445 4948 532 5004 quam
545 4929 680 4999 libellum,
697 4930 750 4986 sed
763 4946 820 4986 uon
833 4935 899 5000 post
914 4930 1002 4985 mrdta
1019 4932 1177 4985 cerlamr'na
1194 4929 1248 4984 boc
1261 4931 1399 4998 contenuit,
1413 4946 1482 5000 pro·
