3450 5678
222 217 285 282 366
698 233 726 281 s.
744 231 884 280 causan
906 232 1020 280 aaran

113 401 208 454 a.494.
222 389 390 454 diaconum
413 390 471 452 aut
493 386 676 470 acolythmn
694 387 749 470 jus
771 386 889 452 habere
909 385 1067 470 faciendi3
1088 406 1149 450 nec
1171 404 1301 469 prorsus
1315 383 1496 466 addubitet,

222 493 249 556 si
275 478 454 576 'quidquam
487 489 528 554 ad
561 488 741 572 episcopale
774 489 989 554 ministerium
1022 487 1204 573 specialiter
1236 487 1407 571 pertinens
1441 508 1498 551 suo

145 654 149 659 .
222 597 310 658 motu
331 592 494 677 putaverit
515 590 761 675 exsequendmn‚
786 591 986 677 continuo⁵²)
1010 613 1044 655 se
1063 589 1254 674 presbyterii
1277 589 1443 676 dignitate
1465 593 1500 654 et

222 718 313 760 saera
341 695 561 759 communione
590 693 721 777 privari.
777 693 867 769 Quod
893 694 962 770 fieri
990 713 1120 757 neeesse
1148 696 1198 756 est
1226 712 1434 775 censeamus,
1470 692 1499 757 si

224 800 292 882 ejus
320 797 466 882 praesule
494 796 659 860 deferente
686 795 869 879 hujusmodi
897 796 996 859 fuerit
1017 794 1250 879 praevaricatio
1273 795 1498 880 comprobata,

222 923 283 964 nee
304 901 373 984 ipso
395 899 463 982 ejus
487 899 635 982 episcopo
663 921 682 962 a
711 898 804 981 culpa
827 897 1051 963 conniventiae
1075 902 1108 963 et
1129 895 1251 961 ultione
1274 894 1444 981 vacaturoj
1471 899 1499 962 si

222 1002 433 1066 immoderata
455 1001 630 1065 facientem
654 1000 901 1066 dissimulaverit
922 1000 1075 1065 indicare.

135 1103 210 1173 Vll.
307 1106 337 1169 l.
354 1103 515 1168 Diaconos
527 1126 650 1188 quoque
665 1105 829 1187 propriam
845 1103 1068 1167 oonst'tuimus
1084 1126 1210 1171 servare
1222 1123 1420 1187 mensuram,
1438 1123 1500 1168 nec

50 1256 58 1263 .
158 1264 164 1270 .
223 1206 307 1271 ultra
328 1210 472 1270 tenorem
495 1206 638 1290 paternis
662 1207 838 1270 canonibus
866 1206 1055 1289 deputatum
1082 1207 1248 1291 quidpiam
1275 1209 1405 1270 tentare
1427 1228 1500 1290 per-

222 1309 396 1373 mittimus:
420 1307 502 1372 nihil
525 1330 634 1372 corum
656 1330 713 1372 suo
735 1308 913 1372 ministerio
935 1309 1065 1392 penitus
1081 1308 1254 1393 applicare,
1278 1331 1361 1393 quae
1384 1308 1501 1392 primis

222 1411 386 1474 ordinibus
410 1411 537 1495 proprie
560 1410 701 1475 decrevit
728 1411 915 1496 antiquitas
964 1411 1096 1495 Absque
1119 1412 1269 1496 episcopo
1291 1410 1343 1474 vel
1365 1412 1501 1496 presby·

222 1517 291 1577 tero
314 1513 477 1596 baptizare
500 1535 565 1577 non
588 1514 742 1595 audeant,
772 1513 833 1576 nisi
862 1513 1034 1596 praedietis
1056 1513 1203 1577 fortassis
1226 1514 1342 1578 officiis
1365 1513 1501 1599 longius

224 1617 408 1681 oonst'tntis
430 1617 606 1680 necessitas
629 1619 772 1680 extrema
800 1615 988 1699 compellat:
1017 1616 1101 1700 quod
1128 1620 1161 1680 et
1187 1614 1279 1697 laicis
1301 1615 1503 1682 Christianis

222 1719 329 1784 facere
351 1718 538 1803 plerumque
562 1720 747 1783 conceditur
755 1719 813 1804 ⁵³);

120 1821 210 1889 Vlll.
307 1822 338 1886 8.
376 1820 450 1885 Νοιι
471 1822 506 1885 in
527 1821 772 1906 presbyterae)
794 1821 942 1904 residere,
969 1843 1067 1906 quum
1088 1821 1197 1886 divina
1219 1820 1428 1888 celebrantur
1450 1822 1504 1887 vel

223 1923 459 1988 ecclesiasticus
481 1923 618 1987 babetur
645 1923 826 2008 quicemque
854 1927 1023 1988 tractatus.
1078 1924 1167 1989 Sacri
1198 1925 1340 2009 corporis
1367 1946 1504 2009 praeto

223 2026 435 2112 gationem⁵⁵)
459 2027 518 2089 sub
541 2030 715 2110 conspectu
736 2026 897 2109 pontificis
920 2048 975 2090 scu
997 2027 1194 2112 presbyteri,
1222 2028 1286 2092 nisi
1306 2025 1359 2092 his
1382 2027 1504 2095 aboen-

222 2128 319 2211 tibus,
339 2128 393 2212 jus
415 2151 481 2193 non
503 2127 647 2192 habeant
668 2128 847 2193 exercendi.

308 2230 412 2306 Quum
426 2232 512 2295 eninr
528 2232 655 2296 decreta
671 2230 901 2295 venerabilimu
924 2232 1127 2297 sanctionum
1149 2255 1208 2298 nos
1223 2254 1348 2318 quoque
1361 2254 1504 2320 magno-

223 2356 298 2418 pore
321 2335 480 2398 custodire
502 2335 654 2418 nitamur,
679 2357 716 2399 ac
738 2335 807 2398 sine
830 2357 939 2398 eorum
954 2335 1121 2420 dispendio
1136 2335 1234 2400 etiarn
1249 2334 1315 2418 illa,
1340 2358 1427 2421 quae
1442 2358 1505 2423 pro

224 2437 359 2520 alicujus
382 2436 532 2500 utilitatis
554 2436 689 2502 fortasse
712 2437 900 2522 compendio
924 2437 1092 2502 videantur
1106 2438 1255 2523 laxanda,
1279 2438 1505 2525 oedamns⁵⁶);

223 2761 309 2817 verba
326 2763 530 2832 expendantur,
553 2761 593 2816 ita
613 2761 653 2816 ibi
676 2761 847 2832 preshyteris
864 2761 1030 2832 prohibetur
1047 2762 1276 2833 prosbyterorum
1294 2765 1381 2831 atque
1403 2763 1502 2820 diaco

223 2864 321 2902 norma
339 2848 525 2913 consecratio,
549 2850 580 2900 ut
598 2847 784 2902 subdiaconos
803 2851 832 2902 et
849 2848 993 2916 acolythos
1011 2848 1131 2903 faciendi
1147 2849 1274 2918 potestas
1291 2865 1349 2904 nen
1365 2853 1500 2919 negetur.

289 2935 321 3002 ὃ1)
340 2932 367 2985 d¹
392 2933 479 2987 addit.
497 2939 538 2986 ain
561 2939 633 2987 olias.
670 2934 776 2988 Deinde
794 2933 830 2986 D⁶
843 2934 872 2986 d²
889 2939 1029 2999 referente.
1064 2933 1185 3002 Moxque
1202 2933 1231 2987 (1Ι
1244 2933 1274 2988 d'
1291 2954 1309 2988 a
1325 2941 1406 3004 culpa
1427 2940 1502 2991 roti-

222 3023 295 3071 beale
313 3030 339 3072 el
360 3024 397 3073 ud
419 3026 535 3074 ultionem
552 3030 684 3080 vocancro,
712 3021 837 3073 nostram
855 3019 1003 3073 lectionem
1020 3021 1080 3072 tum
1102 3018 1244 3089 plerisque
1261 3036 1325 3074 mss.
1344 3019 1446 3087 (etiam
1464 3020 1500 3074 B¹

223 3104 256 3157 Ε*
268 3103 317 3169 11·;
336 3104 384 3156 Η15
395 3103 431 3156 F¹¹
449 3106 628 3172 cohibentiae),
647 3106 706 3158 turn
725 3104 845 3173 vulgatis
862 3105 1014 3159 tuentibus.
1029 3136 1061 3145 -
1073 3104 1179 3159 Deinde
1191 3104 1228 3158 D‘
1244 3110 1269 3160 al
1284 3110 1311 3158 ia
1328 3110 1502 3161 ἰηαοιὶσναει

220 3194 357 3256 facientem
369 3196 563 3244 dissinndaaeril
579 3195 721 3255 uindieore3
740 3207 773 3244 ac
791 3196 921 3244 uindicare
933 3189 1039 3244 habent
1051 3189 1136 3243 etiam
1153 3190 1281 3259 plerique
1293 3188 1342 3245 alii
1352 3207 1419 3245 msa
1433 3208 1498 3246 olam

222 3274 303 3328 editis
316 3274 413 3343 (etiam
425 3275 473 3343 dl).
505 3274 560 3329 Sed
577 3275 668 3344 magis
680 3276 774 3345 placet
786 3293 848 3329 cum
859 3275 891 3328 ΒΙ
907 3274 936 3328 0¹
952 3275 992 3327 pn
1005 3281 1130 3330 indicare.
1157 3275 1312 3344 Postquam
1324 3272 1401 3329 enim
1413 3274 1498 3330 Gela

221 3358 278 3412 sius
300 3360 496 3428 presbytenrm
517 3368 638 3428 praesule
661 3366 794 3427 deferente
817 3364 877 3428 (sea
899 3362 1040 3429 referente)
1064 3378 1127 3415 aso
1149 3359 1322 3431 puniendum
1338 3359 1498 3431 praemisit,

223 3446 297 3497 recte
316 3447 409 3510 cavet,
431 3463 466 3500 ne
484 3445 595 3515 praesul
612 3445 771 3514 hujusmodi
790 3447 885 3515 culpas
904 3452 1019 3502 indicare
1036 3463 1086 3500 seu
1104 3446 1212 3501 deferre
1229 3444 1283 3500 sibi
1298 3445 1428 3517 negligat
1445 3449 1500 3503 aut

126 3518 139 3529 ’
222 3528 385 3583 dissimulet.
413 3530 492 3584 Unde
508 3531 561 3586 hoe
573 3531 716 3585 decretum
735 3532 769 3586 ad
790 3549 857 3585 unas
876 3531 973 3586 ltaliae
991 3531 1148 3601 provincias
1165 3531 1285 3587 attinere
1302 3530 1497 3586 confirmator.

290 3617 323 3684 5³)
346 3614 479 3671 Similiter
501 3617 562 3686 jam
586 3616 773 3670 Tertullianus
795 3616 830 3669 do
853 3616 930 3687 bapt.
956 3634 1016 3687 cap.
1040 3623 1068 3671 17
1091 3616 1253 3687 scripserat:
1282 3620 1372 3671 Danda·
1393 3621 1499 3687 quide·

223 3699 377 3770 (baptismi)
395 3705 470 3756 babel
486 3707 534 3769 jas
550 3721 658 3756 suranus
674 3707 809 3765 sacerdos,
834 3709 877 3772 qul
893 3715 933 3757 eal
950 3709 1097 3772 epitomum
1120 3707 1210 3757 (latim
1226 3705 1376 3773 metauri
1391 3712 1419 3757 et
1434 3707 1498 3758 dta-

222 3792 290 3849 corn',
310 3807 358 3841 non
377 3794 530 3842 tarvennae
548 3793 664 3856 episcopi
680 3793 835 3842 auctoritate
853 3799 963 3858 propter
976 3791 1108 3843 Ecclesiae
1125 3793 1257 3853 bonorem,
1276 3793 1499 3858 qwaalsouln

218 3891 278 3939 parc
295 3883 340 3926 cal.
378 3877 500 3943 Alioquin
518 3879 591 3928 eliam
609 3879 682 3926 laicis
693 3879 741 3940 jus
759 3886 805 3930 est.

290 3959 322 4026 Μ)
341 3962 501 4028 Presbyterii
517 3958 628 4012 nornine
647 3975 730 4028 saepe
749 3958 824 4028 apud
841 3963 949 4016 veteres
964 3961 1074 4015 coetum
1092 3959 1212 4029 intelligi
1223 3958 1303 4021 cleri,
1320 3958 1350 4013 in
1367 3976 1423 4031 qno
1435 3959 1499 4032 epi·

222 4043 299 4114 scopi
318 4044 581 4114 compresbyteris,
600 4042 723 4098 &seems
741 4046 825 4113 atque
843 4045 983 4099 interdum
1001 4063 1063 4099 cnm
1075 4044 1182 4112 reliquo
1194 4045 1268 4099 clero
1281 4043 1500 4113 conveniebant,

222 4128 381 4198 saepissime
400 4129 511 4184 obviam
529 4131 571 4196 aa
591 4129 661 4183 conf.
681 4128 788 4184 Cornel.
808 4131 889 4199 epist.
903 4138 919 4186 6
931 4149 957 4183 n.
972 4138 1001 4196 2,
1019 4129 1097 4185 Sirio.
1113 4130 1192 4200 epist.
1207 4136 1261 4185 ln.
1274 4136 1298 4187 3.
1330 4128 1381 4185 His
1398 4132 1500 4187 artem

221 4216 250 4268 in
268 4215 393 4269 coetibus
413 4215 557 4285 episcopos
575 4232 607 4269 ae
624 4215 805 4284 presbyteros
823 4216 985 4283 consedere,
1004 4216 1136 4271 bannim
1154 4215 1265 4270 adstare
1283 4230 1344 4269 mos
1361 4220 1432 4273 erat
1448 4218 1498 4286 (es.

222 4319 281 4369 syn.
295 4301 408 4355 Nicaea.
424 4318 446 4354 c.
463 4304 512 4367 18).
527 4331 559 4340 -
572 4300 637 4354 Mox
654 4300 690 4353 D⁹
703 4299 733 4354 d¹
750 4305 793 4354 ubi
809 4307 902 4359 deluo.

289 4392 320 4452 55)
340 4385 471 4455 Corporis
493 4385 594 4440 Christi
620 4389 686 4456 post
707 4403 848 4442 sacrorum
869 4387 1063 4456 mysteriorum
1088 4386 1305 4441 celebrationem
1331 4388 1501 4445 reservandi

222 4489 285 4526 ersus
307 4470 372 4525 bino
399 4471 545 4525 manifeste
568 4471 774 4540 eonrprobatur.
815 4473 946 4541 Alioquin
964 4472 1100 4538 diaconis,
1128 4473 1228 4539 quibus
1247 4472 1372 4542 cometis
1390 4472 1502 4530 cariati

222 4555 384 4609 conficiendi
401 4557 526 4626 potestas
544 4572 599 4609 non
618 4560 690 4624 erat,
709 4560 811 4613 {revetra
828 4559 1051 4628 permitteretur,
1070 4560 1101 4612 ut
1118 4558 1186 4611 illud
1198 4558 1336 4628 episeopis
1353 4558 1400 4613 vel
1417 4576 1501 4629 prea-

222 4642 326 4709 bytcris
344 4642 505 4697 absentibus
523 4641 720 4696 ministrarent.

289 4733 322 4793 ³¹⁰)
341 4729 382 4782 lta
401 4728 435 4781 pa
454 4745 514 4781 cum
539 4727 600 4781 aliis
620 4735 646 4780 11
669 4746 732 4783 niso.
752 4745 785 4783 ac
803 4727 975 4784 Fallere.
1000 4732 1038 4784 nt
1055 4729 1092 4783 H5
1109 4736 1244 4792 aiacem,
1263 4728 1312 4784 Η15
1322 4729 1352 4784 h¹
1371 4735 1500 4798 dicam,

221 4815 247 4865 a*
262 4831 276 4864 c
289 4811 309 4864 i²
327 4820 467 4870 credamne.
