<?xml version="1.0" encoding="UTF-8"?>
<!DOCTYPE html PUBLIC "-//W3C//DTD XHTML 1.0 Transitional//EN"
    "http://www.w3.org/TR/xhtml1/DTD/xhtml1-transitional.dtd">
<html xmlns="http://www.w3.org/1999/xhtml" xml:lang="en" lang="en">
 <head>
  <title>
</title>
<meta http-equiv="Content-Type" content="text/html;charset=utf-8" />
  <meta name='ocr-system' content='tesseract 3.04.00' />
  <meta name='ocr-capabilities' content='ocr_page ocr_carea ocr_par ocr_line ocrx_word'/>
</head>
<body>
  <div class='ocr_page' id='page_1' title='image "./epistolaeromano00cousgoog/epistolaeromano00cousgoog_0910.png"; bbox 0 0 3450 5678; ppageno 0'>
   <div class='ocr_carea' id='block_1_1' title="bbox 696 334 1505 409">
    <p class='ocr_par' dir='ltr' id='par_1_1' title="bbox 696 334 1505 409">
     <span class='ocr_line' id='line_1_1' title="bbox 696 334 1505 409; baseline 0.004 -15"><span class='ocrx_word' id='word_1_1' title='bbox 696 341 890 394; x_wconf 73' lang='lat' dir='ltr'><strong>saissonis</strong></span> <span class='ocrx_word' id='word_1_2' title='bbox 914 336 964 394; x_wconf 80' lang='grc'><strong>14.</strong></span> <span class='ocrx_word' id='word_1_3' title='bbox 989 336 1040 395; x_wconf 80' lang='lat'><strong>75.</strong></span> <span class='ocrx_word' id='word_1_4' title='bbox 1215 404 1218 409; x_wconf 55' lang='grc'>,</span> <span class='ocrx_word' id='word_1_5' title='bbox 1442 334 1505 397; x_wconf 80' lang='grc'><strong>869</strong></span> 
     </span>
    </p>
   </div>
   <div class='ocr_carea' id='block_1_2' title="bbox 223 499 1612 2421">
    <p class='ocr_par' dir='ltr' id='par_1_2' title="bbox 231 499 1612 1096">
     <span class='ocr_line' id='line_1_2' title="bbox 232 499 1612 584; baseline 0.002 -21"><span class='ocrx_word' id='word_1_6' title='bbox 232 522 320 563; x_wconf 92' lang='lat' dir='ltr'><strong>mum</strong></span> <span class='ocrx_word' id='word_1_7' title='bbox 348 500 551 584; x_wconf 88' lang='lat' dir='ltr'><strong>imperatoris</strong></span> <span class='ocrx_word' id='word_1_8' title='bbox 578 500 762 564; x_wconf 89' lang='lat' dir='ltr'><strong>testimonio</strong></span> <span class='ocrx_word' id='word_1_9' title='bbox 790 500 1030 584; x_wconf 89' lang='lat' dir='ltr'><strong>comprobatum</strong></span> <span class='ocrx_word' id='word_1_10' title='bbox 1058 503 1117 565; x_wconf 90' lang='lat' dir='ltr'><strong>est.</strong></span> <span class='ocrx_word' id='word_1_11' title='bbox 1169 499 1351 566; x_wconf 86' lang='lat' dir='ltr'><strong>Voluerunt</strong></span> <span class='ocrx_word' id='word_1_12' title='bbox 1380 506 1413 565; x_wconf 89' lang='lat' dir='ltr'><strong>ct</strong></span> <span class='ocrx_word' id='word_1_13' title='bbox 1434 506 1503 567; x_wconf 91' lang='lat' dir='ltr'><strong>ten-</strong></span> <span class='ocrx_word' id='word_1_14' title='bbox 1517 536 1541 573; x_wconf 75' lang='lat' dir='ltr'><strong>n,</strong></span> <span class='ocrx_word' id='word_1_15' title='bbox 1554 526 1612 574; x_wconf 76' lang='lat' dir='ltr'><strong>sto.</strong></span> 
     </span>
     <span class='ocr_line' id='line_1_3' title="bbox 232 601 1504 687; baseline 0.003 -21"><span class='ocrx_word' id='word_1_16' title='bbox 232 605 383 666; x_wconf 81' lang='lat' dir='ltr'><strong>taverunt</strong></span> <span class='ocrx_word' id='word_1_17' title='bbox 404 602 457 666; x_wconf 92' lang='lat' dir='ltr'><strong>hic</strong></span> <span class='ocrx_word' id='word_1_18' title='bbox 465 602 491 687; x_wconf 86' lang='lat'><strong>²)</strong></span> <span class='ocrx_word' id='word_1_19' title='bbox 520 624 592 666; x_wconf 85' lang='lat' dir='ltr'><strong>curn</strong></span> <span class='ocrx_word' id='word_1_20' title='bbox 614 602 773 666; x_wconf 89' lang='lat' dir='ltr'><strong>ordinare.</strong></span> <span class='ocrx_word' id='word_1_21' title='bbox 822 601 894 687; x_wconf 87' lang='lat' dir='ltr'><strong>Ego</strong></span> <span class='ocrx_word' id='word_1_22' title='bbox 917 602 1072 685; x_wconf 90' lang='lat' dir='ltr'><strong>jussionis</strong></span> <span class='ocrx_word' id='word_1_23' title='bbox 1095 605 1220 667; x_wconf 87' lang='lat' dir='ltr'><strong>vestrae</strong></span> <span class='ocrx_word' id='word_1_24' title='bbox 1248 625 1315 667; x_wconf 92' lang='lat' dir='ltr'><strong>non</strong></span> <span class='ocrx_word' id='word_1_25' title='bbox 1337 603 1504 670; x_wconf 90' lang='lat' dir='ltr'><strong>immemor</strong></span> 
     </span>
     <span class='ocr_line' id='line_1_4' title="bbox 233 705 1504 787; baseline 0.003 -19"><span class='ocrx_word' id='word_1_26' title='bbox 233 705 428 787; x_wconf 74' lang='lat' dir='ltr'><strong>contradixi,</strong></span> <span class='ocrx_word' id='word_1_27' title='bbox 460 705 585 769; x_wconf 64' lang='lat' dir='ltr'><strong>iliacus:</strong></span> <span class='ocrx_word' id='word_1_28' title='bbox 612 710 709 770; x_wconf 83' lang='lat' dir='ltr'><strong>Jassit</strong></span> <span class='ocrx_word' id='word_1_29' title='bbox 731 711 869 769; x_wconf 84' lang='lat' dir='ltr'><strong>daminus</strong></span> <span class='ocrx_word' id='word_1_30' title='bbox 896 715 997 769; x_wconf 83' lang='lat' dir='ltr'><strong>noster</strong></span> <span class='ocrx_word' id='word_1_31' title='bbox 1023 711 1212 771; x_wconf 76' lang='lat' dir='ltr'><strong>beatissimis</strong></span> <span class='ocrx_word' id='word_1_32' title='bbox 1229 727 1318 786; x_wconf 82' lang='lat' dir='ltr'><strong>papa</strong></span> <span class='ocrx_word' id='word_1_33' title='bbox 1340 714 1504 773; x_wconf 86' lang='lat' dir='ltr'><strong>secandam</strong></span> 
     </span>
     <span class='ocr_line' id='line_1_5' title="bbox 232 806 1502 893; baseline 0.002 -23"><span class='ocrx_word' id='word_1_34' title='bbox 232 814 389 885; x_wconf 76' lang='lat' dir='ltr'><strong>(antiquam</strong></span> <span class='ocrx_word' id='word_1_35' title='bbox 422 814 664 872; x_wconf 76' lang='lat' dir='ltr'><strong>consuetudinem</strong></span> <span class='ocrx_word' id='word_1_36' title='bbox 697 813 740 870; x_wconf 83' lang='lat' dir='ltr'><strong>ibi</strong></span> <span class='ocrx_word' id='word_1_37' title='bbox 764 829 830 870; x_wconf 80' lang='lat' dir='ltr'><strong>cunr</strong></span> <span class='ocrx_word' id='word_1_38' title='bbox 858 814 1032 886; x_wconf 79' lang='lat' dir='ltr'><strong>episcopam</strong></span> <span class='ocrx_word' id='word_1_39' title='bbox 1061 815 1211 872; x_wconf 85' lang='lat' dir='ltr'><strong>ordinari.</strong></span> <span class='ocrx_word' id='word_1_40' title='bbox 1257 806 1328 872; x_wconf 92' lang='lat' dir='ltr'><strong>Hoc</strong></span> <span class='ocrx_word' id='word_1_41' title='bbox 1350 807 1502 893; x_wconf 87' lang='lat' dir='ltr'><strong>obtinuit,</strong></span> 
     </span>
     <span class='ocr_line' id='line_1_6' title="bbox 231 908 1502 994; baseline 0.002 -22"><span class='ocrx_word' id='word_1_42' title='bbox 231 909 314 993; x_wconf 90' lang='lat' dir='ltr'><strong>quod</strong></span> <span class='ocrx_word' id='word_1_43' title='bbox 335 909 553 993; x_wconf 89' lang='lat' dir='ltr'><strong>praecepistis.</strong></span> <span class='ocrx_word' id='word_1_44' title='bbox 600 909 714 993; x_wconf 88' lang='lat' dir='ltr'><strong>Orate,</strong></span> <span class='ocrx_word' id='word_1_45' title='bbox 737 911 775 972; x_wconf 91' lang='lat' dir='ltr'><strong>ut</strong></span> <span class='ocrx_word' id='word_1_46' title='bbox 796 908 882 972; x_wconf 89' lang='lat' dir='ltr'><strong>Deus</strong></span> <span class='ocrx_word' id='word_1_47' title='bbox 903 909 1051 993; x_wconf 84' lang='lat' dir='ltr'><strong>precibus</strong></span> <span class='ocrx_word' id='word_1_48' title='bbox 1075 910 1211 993; x_wconf 90' lang='lat' dir='ltr'><strong>apostoli</strong></span> <span class='ocrx_word' id='word_1_49' title='bbox 1233 909 1322 974; x_wconf 92' lang='lat' dir='ltr'><strong>Petri</strong></span> <span class='ocrx_word' id='word_1_50' title='bbox 1345 913 1378 973; x_wconf 90' lang='lat' dir='ltr'><strong>et</strong></span> <span class='ocrx_word' id='word_1_51' title='bbox 1398 911 1502 994; x_wconf 87' lang='lat' dir='ltr'><strong>ipsam</strong></span> 
     </span>
     <span class='ocr_line' id='line_1_7' title="bbox 231 1009 1286 1096; baseline 0 -21"><span class='ocrx_word' id='word_1_52' title='bbox 231 1009 394 1075; x_wconf 89' lang='lat' dir='ltr'><strong>civitatem</strong></span> <span class='ocrx_word' id='word_1_53' title='bbox 418 1033 591 1096; x_wconf 91' lang='lat' dir='ltr'><strong>cumpace</strong></span> <span class='ocrx_word' id='word_1_54' title='bbox 613 1010 714 1075; x_wconf 86' lang='lat' dir='ltr'><strong>faciat</strong></span> <span class='ocrx_word' id='word_1_55' title='bbox 736 1011 872 1074; x_wconf 89' lang='lat' dir='ltr'><strong>electum</strong></span> <span class='ocrx_word' id='word_1_56' title='bbox 896 1011 1055 1094; x_wconf 82' lang='lat' dir='ltr'><strong>suscipere</strong></span> <span class='ocrx_word' id='word_1_57' title='bbox 1078 1011 1286 1075; x_wconf 74' lang='lat' dir='ltr'><strong>sacerdotem.</strong></span> 
     </span>
    </p>

    <p class='ocr_par' dir='ltr' id='par_1_3' title="bbox 223 1112 1580 2421">
     <span class='ocr_line' id='line_1_8' title="bbox 314 1112 1502 1198; baseline 0.003 -23"><span class='ocrx_word' id='word_1_58' title='bbox 314 1112 344 1176; x_wconf 71' lang='lat'><strong>2.</strong></span> <span class='ocrx_word' id='word_1_59' title='bbox 388 1113 433 1177; x_wconf 85' lang='lat' dir='ltr'><strong>Et</strong></span> <span class='ocrx_word' id='word_1_60' title='bbox 460 1113 535 1197; x_wconf 89' lang='lat' dir='ltr'><strong>quia</strong></span> <span class='ocrx_word' id='word_1_61' title='bbox 564 1114 628 1176; x_wconf 86' lang='lat' dir='ltr'><strong>ista</strong></span> <span class='ocrx_word' id='word_1_62' title='bbox 656 1116 797 1198; x_wconf 87' lang='lat' dir='ltr'><strong>aguntur</strong></span> <span class='ocrx_word' id='word_1_63' title='bbox 830 1117 862 1176; x_wconf 90' lang='lat' dir='ltr'><strong>et</strong></span> <span class='ocrx_word' id='word_1_64' title='bbox 888 1113 922 1176; x_wconf 92' lang='lat' dir='ltr'><strong>in</strong></span> <span class='ocrx_word' id='word_1_65' title='bbox 951 1112 1002 1177; x_wconf 90' lang='lat' dir='ltr'><strong>his</strong></span> <span class='ocrx_word' id='word_1_66' title='bbox 1031 1113 1171 1197; x_wconf 80' lang='lat' dir='ltr'><strong>quotidie</strong></span> <span class='ocrx_word' id='word_1_67' title='bbox 1200 1113 1328 1196; x_wconf 91' lang='lat' dir='ltr'><strong>proficit</strong></span> <span class='ocrx_word' id='word_1_68' title='bbox 1355 1112 1502 1179; x_wconf 82' lang='lat' dir='ltr'><strong>Ecclesia</strong></span> 
     </span>
     <span class='ocr_line' id='line_1_9' title="bbox 229 1213 1501 1299; baseline 0.001 -19"><span class='ocrx_word' id='word_1_69' title='bbox 229 1215 403 1298; x_wconf 88' lang='lat' dir='ltr'><strong>catholica,</strong></span> <span class='ocrx_word' id='word_1_70' title='bbox 426 1215 595 1280; x_wconf 82' lang='lat' dir='ltr'><strong>insidiator</strong></span> <span class='ocrx_word' id='word_1_71' title='bbox 617 1215 767 1299; x_wconf 90' lang='lat' dir='ltr'><strong>antiquus</strong></span> <span class='ocrx_word' id='word_1_72' title='bbox 789 1215 956 1278; x_wconf 87' lang='lat' dir='ltr'><strong>suscitavit</strong></span> <span class='ocrx_word' id='word_1_73' title='bbox 976 1214 1150 1278; x_wconf 91' lang='lat' dir='ltr'><strong>monachos</strong></span> <span class='ocrx_word' id='word_1_74' title='bbox 1166 1215 1204 1278; x_wconf 93' lang='lat' dir='ltr'><strong>de</strong></span> <span class='ocrx_word' id='word_1_75' title='bbox 1220 1213 1368 1298; x_wconf 79' lang='lat' dir='ltr'><strong>Scythia,</strong></span> <span class='ocrx_word' id='word_1_76' title='bbox 1393 1216 1501 1299; x_wconf 90' lang='lat' dir='ltr'><strong>quide</strong></span> 
     </span>
     <span class='ocr_line' id='line_1_10' title="bbox 228 1315 1580 1401; baseline 0 -20"><span class='ocrx_word' id='word_1_77' title='bbox 228 1318 321 1382; x_wconf 91' lang='lat' dir='ltr'><strong>domo</strong></span> <span class='ocrx_word' id='word_1_78' title='bbox 343 1317 491 1401; x_wconf 79' lang='lat' dir='ltr'><strong>magistri</strong></span> <span class='ocrx_word' id='word_1_79' title='bbox 512 1317 650 1380; x_wconf 89' lang='lat' dir='ltr'><strong>militum</strong></span> <span class='ocrx_word' id='word_1_80' title='bbox 673 1316 830 1380; x_wconf 88' lang='lat' dir='ltr'><strong>Vitaliani</strong></span> <span class='ocrx_word' id='word_1_81' title='bbox 853 1320 943 1399; x_wconf 90' lang='lat' dir='ltr'><strong>sunt,</strong></span> <span class='ocrx_word' id='word_1_82' title='bbox 974 1316 1117 1380; x_wconf 90' lang='lat' dir='ltr'><strong>omnium</strong></span> <span class='ocrx_word' id='word_1_83' title='bbox 1139 1315 1396 1381; x_wconf 82' lang='lat' dir='ltr'><strong>Christianorum</strong></span> <span class='ocrx_word' id='word_1_84' title='bbox 1418 1319 1500 1382; x_wconf 84' lang='lat' dir='ltr'><strong>votis</strong></span> <span class='ocrx_word' id='word_1_85' title='bbox 1577 1392 1580 1397; x_wconf 48' lang='lat'><strong>,</strong></span> 
     </span>
     <span class='ocr_line' id='line_1_11' title="bbox 228 1417 1501 1504; baseline 0.001 -22"><span class='ocrx_word' id='word_1_86' title='bbox 228 1419 440 1504; x_wconf 75' lang='lat' dir='ltr'><strong>artrersamos,</strong></span> <span class='ocrx_word' id='word_1_87' title='bbox 471 1441 604 1504; x_wconf 90' lang='lat' dir='ltr'><strong>quorum</strong></span> <span class='ocrx_word' id='word_1_88' title='bbox 626 1418 813 1503; x_wconf 88' lang='lat' dir='ltr'><strong>inquietudo</strong></span> <span class='ocrx_word' id='word_1_89' title='bbox 835 1439 901 1481; x_wconf 92' lang='lat' dir='ltr'><strong>non</strong></span> <span class='ocrx_word' id='word_1_90' title='bbox 923 1439 1038 1502; x_wconf 86' lang='lat' dir='ltr'><strong>parvas</strong></span> <span class='ocrx_word' id='word_1_91' title='bbox 1063 1440 1168 1482; x_wconf 90' lang='lat' dir='ltr'><strong>moras</strong></span> <span class='ocrx_word' id='word_1_92' title='bbox 1191 1417 1360 1503; x_wconf 72' lang='lat' dir='ltr'><strong>generarit</strong></span> <span class='ocrx_word' id='word_1_93' title='bbox 1381 1419 1501 1501; x_wconf 90' lang='lat' dir='ltr'><strong>unitati</strong></span> 
     </span>
     <span class='ocr_line' id='line_1_12' title="bbox 227 1520 1499 1606; baseline -0.001 -20"><span class='ocrx_word' id='word_1_94' title='bbox 227 1522 434 1587; x_wconf 89' lang='lat' dir='ltr'><strong>ecelesiarum</strong></span> <span class='ocrx_word' id='word_1_95' title='bbox 457 1525 489 1585; x_wconf 89' lang='lat' dir='ltr'><strong>et</strong></span> <span class='ocrx_word' id='word_1_96' title='bbox 511 1541 705 1606; x_wconf 83' lang='lat' dir='ltr'><strong>magnopere</strong></span> <span class='ocrx_word' id='word_1_97' title='bbox 728 1520 767 1584; x_wconf 91' lang='lat' dir='ltr'><strong>de</strong></span> <span class='ocrx_word' id='word_1_98' title='bbox 789 1520 971 1604; x_wconf 82' lang='lat' dir='ltr'><strong>praedictae</strong></span> <span class='ocrx_word' id='word_1_99' title='bbox 996 1520 1149 1584; x_wconf 90' lang='lat' dir='ltr'><strong>ecclesiae</strong></span> <span class='ocrx_word' id='word_1_100' title='bbox 1172 1520 1395 1584; x_wconf 80' lang='lat' dir='ltr'><strong>Antiochense</strong></span> <span class='ocrx_word' id='word_1_101' title='bbox 1418 1521 1499 1586; x_wconf 91' lang='lat' dir='ltr'><strong>ordi-</strong></span> 
     </span>
     <span class='ocr_line' id='line_1_13' title="bbox 226 1621 1498 1705; baseline -0.001 -16"><span class='ocrx_word' id='word_1_102' title='bbox 226 1624 369 1689; x_wconf 88' lang='lat' dir='ltr'><strong>natione.</strong></span> <span class='ocrx_word' id='word_1_103' title='bbox 414 1623 473 1687; x_wconf 91' lang='lat' dir='ltr'><strong>Isti</strong></span> <span class='ocrx_word' id='word_1_104' title='bbox 500 1623 667 1705; x_wconf 87' lang='lat' dir='ltr'><strong>monachi,</strong></span> <span class='ocrx_word' id='word_1_105' title='bbox 696 1623 782 1686; x_wconf 89' lang='lat' dir='ltr'><strong>inter</strong></span> <span class='ocrx_word' id='word_1_106' title='bbox 809 1643 887 1705; x_wconf 93' lang='lat' dir='ltr'><strong>quos</strong></span> <span class='ocrx_word' id='word_1_107' title='bbox 917 1625 965 1684; x_wconf 90' lang='lat' dir='ltr'><strong>cst</strong></span> <span class='ocrx_word' id='word_1_108' title='bbox 987 1621 1156 1705; x_wconf 83' lang='lat' dir='ltr'><strong>Leontius,</strong></span> <span class='ocrx_word' id='word_1_109' title='bbox 1190 1622 1244 1704; x_wconf 87' lang='lat' dir='ltr'><strong>qui</strong></span> <span class='ocrx_word' id='word_1_110' title='bbox 1272 1643 1306 1685; x_wconf 92' lang='lat' dir='ltr'><strong>se</strong></span> <span class='ocrx_word' id='word_1_111' title='bbox 1329 1622 1407 1686; x_wconf 90' lang='lat' dir='ltr'><strong>dicit</strong></span> <span class='ocrx_word' id='word_1_112' title='bbox 1429 1645 1498 1688; x_wconf 84' lang='lat' dir='ltr'><strong>esse</strong></span> 
     </span>
     <span class='ocr_line' id='line_1_14' title="bbox 225 1722 1499 1811; baseline -0.001 -21"><span class='ocrx_word' id='word_1_113' title='bbox 225 1726 426 1811; x_wconf 78' lang='lat' dir='ltr'><strong>parentem³)</strong></span> <span class='ocrx_word' id='word_1_114' title='bbox 449 1724 597 1808; x_wconf 80' lang='lat' dir='ltr'><strong>magistri</strong></span> <span class='ocrx_word' id='word_1_115' title='bbox 619 1723 774 1807; x_wconf 91' lang='lat' dir='ltr'><strong>militum,</strong></span> <span class='ocrx_word' id='word_1_116' title='bbox 797 1722 935 1786; x_wconf 86' lang='lat' dir='ltr'><strong>Romam</strong></span> <span class='ocrx_word' id='word_1_117' title='bbox 949 1723 1124 1807; x_wconf 89' lang='lat' dir='ltr'><strong>festinant,</strong></span> <span class='ocrx_word' id='word_1_118' title='bbox 1149 1726 1316 1807; x_wconf 86' lang='lat' dir='ltr'><strong>sperantes</strong></span> <span class='ocrx_word' id='word_1_119' title='bbox 1333 1723 1499 1808; x_wconf 87' lang='lat' dir='ltr'><strong>aliquanta</strong></span> 
     </span>
     <span class='ocr_line' id='line_1_15' title="bbox 226 1824 1495 1912; baseline -0.002 -20"><span class='ocrx_word' id='word_1_120' title='bbox 226 1826 366 1912; x_wconf 88' lang='lat' dir='ltr'><strong>capitula</strong></span> <span class='ocrx_word' id='word_1_121' title='bbox 389 1850 408 1889; x_wconf 89' lang='lat' dir='ltr'><strong>a</strong></span> <span class='ocrx_word' id='word_1_122' title='bbox 430 1826 629 1890; x_wconf 88' lang='lat' dir='ltr'><strong>beatitudine</strong></span> <span class='ocrx_word' id='word_1_123' title='bbox 652 1829 758 1889; x_wconf 89' lang='lat' dir='ltr'><strong>vestra</strong></span> <span class='ocrx_word' id='word_1_124' title='bbox 786 1824 978 1888; x_wconf 91' lang='lat' dir='ltr'><strong>confirmari.</strong></span> <span class='ocrx_word' id='word_1_125' title='bbox 1023 1825 1084 1889; x_wconf 82' lang='lat' dir='ltr'><strong>Est</strong></span> <span class='ocrx_word' id='word_1_126' title='bbox 1112 1825 1147 1888; x_wconf 91' lang='lat' dir='ltr'><strong>in</strong></span> <span class='ocrx_word' id='word_1_127' title='bbox 1168 1824 1248 1908; x_wconf 85' lang='lat' dir='ltr'><strong>ipsis</strong></span> <span class='ocrx_word' id='word_1_128' title='bbox 1270 1825 1356 1889; x_wconf 90' lang='lat' dir='ltr'><strong>inter</strong></span> <span class='ocrx_word' id='word_1_129' title='bbox 1379 1830 1495 1910; x_wconf 90' lang='lat' dir='ltr'><strong>cetera,</strong></span> 
     </span>
     <span class='ocr_line' id='line_1_16' title="bbox 224 1927 1496 2011; baseline -0.002 -16"><span class='ocrx_word' id='word_1_130' title='bbox 224 1931 279 1994; x_wconf 93' lang='lat' dir='ltr'><strong>ubi</strong></span> <span class='ocrx_word' id='word_1_131' title='bbox 307 1929 420 1994; x_wconf 88' lang='lat' dir='ltr'><strong>volunt</strong></span> <span class='ocrx_word' id='word_1_132' title='bbox 447 1928 551 1991; x_wconf 89' lang='lat' dir='ltr'><strong>dicere</strong></span> <span class='ocrx_word' id='word_1_133' title='bbox 579 1949 671 1992; x_wconf 78' lang='grc'>101010</span> <span class='ocrx_word' id='word_1_134' title='bbox 697 1934 734 1991; x_wconf 86' lang='lat' dir='ltr'><strong>de</strong></span> <span class='ocrx_word' id='word_1_135' title='bbox 765 1931 915 1991; x_wconf 80' lang='lat' dir='ltr'><strong>Trinitatc</strong></span> <span class='ocrx_word' id='word_1_136' title='bbox 941 1933 1138 2002; x_wconf 80' lang='lat' dir='ltr'><strong>crucifixum:</strong></span> <span class='ocrx_word' id='word_1_137' title='bbox 1171 1927 1256 2011; x_wconf 91' lang='lat' dir='ltr'><strong>quod</strong></span> <span class='ocrx_word' id='word_1_138' title='bbox 1291 1930 1340 1990; x_wconf 89' lang='lat' dir='ltr'><strong>cst</strong></span> <span class='ocrx_word' id='word_1_139' title='bbox 1372 1949 1432 1992; x_wconf 91' lang='lat' dir='ltr'><strong>nec</strong></span> <span class='ocrx_word' id='word_1_140' title='bbox 1461 1930 1496 1992; x_wconf 92' lang='lat' dir='ltr'><strong>in</strong></span> 
     </span>
     <span class='ocr_line' id='line_1_17' title="bbox 224 2027 1496 2115; baseline -0.002 -18"><span class='ocrx_word' id='word_1_141' title='bbox 224 2033 345 2097; x_wconf 90' lang='lat' dir='ltr'><strong>sanctis</strong></span> <span class='ocrx_word' id='word_1_142' title='bbox 368 2030 497 2115; x_wconf 88' lang='lat' dir='ltr'><strong>synodis</strong></span> <span class='ocrx_word' id='word_1_143' title='bbox 521 2030 641 2093; x_wconf 89' lang='lat' dir='ltr'><strong>dictum</strong></span> <span class='ocrx_word' id='word_1_144' title='bbox 669 2051 729 2094; x_wconf 91' lang='lat' dir='ltr'><strong>nee</strong></span> <span class='ocrx_word' id='word_1_145' title='bbox 755 2030 790 2092; x_wconf 93' lang='lat' dir='ltr'><strong>in</strong></span> <span class='ocrx_word' id='word_1_146' title='bbox 813 2027 956 2112; x_wconf 90' lang='lat' dir='ltr'><strong>epistolis</strong></span> <span class='ocrx_word' id='word_1_147' title='bbox 979 2029 1082 2093; x_wconf 89' lang='lat' dir='ltr'><strong>sancti</strong></span> <span class='ocrx_word' id='word_1_148' title='bbox 1105 2051 1209 2113; x_wconf 88' lang='lat' dir='ltr'><strong>papae</strong></span> <span class='ocrx_word' id='word_1_149' title='bbox 1231 2028 1347 2093; x_wconf 86' lang='lat' dir='ltr'><strong>Leonis</strong></span> <span class='ocrx_word' id='word_1_150' title='bbox 1375 2051 1435 2094; x_wconf 89' lang='lat' dir='ltr'><strong>nec</strong></span> <span class='ocrx_word' id='word_1_151' title='bbox 1461 2031 1496 2094; x_wconf 91' lang='lat' dir='ltr'><strong>in</strong></span> 
     </span>
     <span class='ocr_line' id='line_1_18' title="bbox 224 2130 1497 2214; baseline -0.002 -15"><span class='ocrx_word' id='word_1_152' title='bbox 224 2133 454 2199; x_wconf 89' lang='lat' dir='ltr'><strong>consuetudine</strong></span> <span class='ocrx_word' id='word_1_153' title='bbox 482 2131 707 2195; x_wconf 88' lang='lat' dir='ltr'><strong>ecclesiastica.</strong></span> <span class='ocrx_word' id='word_1_154' title='bbox 753 2130 843 2205; x_wconf 81' lang='lat' dir='ltr'><strong>Quod</strong></span> <span class='ocrx_word' id='word_1_155' title='bbox 871 2131 897 2194; x_wconf 89' lang='lat' dir='ltr'><strong>si</strong></span> <span class='ocrx_word' id='word_1_156' title='bbox 923 2130 1123 2214; x_wconf 85' lang='lat' dir='ltr'><strong>permittitur</strong></span> <span class='ocrx_word' id='word_1_157' title='bbox 1150 2131 1235 2214; x_wconf 89' lang='lat' dir='ltr'><strong>fieri,</strong></span> <span class='ocrx_word' id='word_1_158' title='bbox 1269 2130 1349 2195; x_wconf 89' lang='lat' dir='ltr'><strong>mihi</strong></span> <span class='ocrx_word' id='word_1_159' title='bbox 1371 2132 1497 2197; x_wconf 88' lang='lat' dir='ltr'><strong>videtur</strong></span> 
     </span>
     <span class='ocr_line' id='line_1_19' title="bbox 223 2230 1494 2301; baseline -0.002 -1"><span class='ocrx_word' id='word_1_160' title='bbox 223 2237 438 2301; x_wconf 88' lang='lat' dir='ltr'><strong>dissensiones</strong></span> <span class='ocrx_word' id='word_1_161' title='bbox 461 2237 517 2298; x_wconf 92' lang='lat' dir='ltr'><strong>aut</strong></span> <span class='ocrx_word' id='word_1_162' title='bbox 539 2232 691 2296; x_wconf 87' lang='lat' dir='ltr'><strong>scandala</strong></span> <span class='ocrx_word' id='word_1_163' title='bbox 712 2254 778 2296; x_wconf 90' lang='lat' dir='ltr'><strong>non</strong></span> <span class='ocrx_word' id='word_1_164' title='bbox 801 2230 973 2296; x_wconf 84' lang='lat' dir='ltr'><strong>mediocria</strong></span> <span class='ocrx_word' id='word_1_165' title='bbox 994 2232 1084 2296; x_wconf 87' lang='lat' dir='ltr'><strong>nasci</strong></span> <span class='ocrx_word' id='word_1_166' title='bbox 1106 2233 1193 2296; x_wconf 89' lang='lat' dir='ltr'><strong>inter</strong></span> <span class='ocrx_word' id='word_1_167' title='bbox 1208 2232 1370 2296; x_wconf 86' lang='lat' dir='ltr'><strong>ecclesias.</strong></span> <span class='ocrx_word' id='word_1_168' title='bbox 1404 2233 1494 2299; x_wconf 86' lang='lat' dir='ltr'><strong>Istud</strong></span> 
     </span>
     <span class='ocr_line' id='line_1_20' title="bbox 223 2332 1494 2421; baseline -0.002 -19"><span class='ocrx_word' id='word_1_169' title='bbox 223 2332 448 2421; x_wconf 61' lang='lat' dir='ltr'><strong>Anastasiust)</strong></span> <span class='ocrx_word' id='word_1_170' title='bbox 481 2336 655 2419; x_wconf 89' lang='lat' dir='ltr'><strong>imperator</strong></span> <span class='ocrx_word' id='word_1_171' title='bbox 685 2355 880 2418; x_wconf 88' lang='lat' dir='ltr'><strong>magnopere</strong></span> <span class='ocrx_word' id='word_1_172' title='bbox 915 2332 1080 2398; x_wconf 90' lang='lat' dir='ltr'><strong>catholicis</strong></span> <span class='ocrx_word' id='word_1_173' title='bbox 1113 2335 1278 2418; x_wconf 89' lang='lat' dir='ltr'><strong>imponere</strong></span> <span class='ocrx_word' id='word_1_174' title='bbox 1310 2335 1494 2400; x_wconf 82' lang='lat' dir='ltr'><strong>festinarit:</strong></span> 
     </span>
    </p>
   </div>
   <div class='ocr_carea' id='block_1_3' title="bbox 213 2518 1494 4972">
    <p class='ocr_par' dir='ltr' id='par_1_4' title="bbox 219 2518 1494 3015">
     <span class='ocr_line' id='line_1_21' title="bbox 289 2518 1494 2591; baseline 0 -15"><span class='ocrx_word' id='word_1_175' title='bbox 289 2527 311 2591; x_wconf 87' lang='lat'><strong>²)</strong></span> <span class='ocrx_word' id='word_1_176' title='bbox 330 2523 392 2577; x_wconf 87' lang='lat' dir='ltr'><strong>Scit.</strong></span> <span class='ocrx_word' id='word_1_177' title='bbox 416 2521 663 2590; x_wconf 86' lang='lat' dir='ltr'><strong>Constantinopoli.</strong></span> <span class='ocrx_word' id='word_1_178' title='bbox 705 2519 843 2574; x_wconf 84' lang='lat' dir='ltr'><strong>Molitioni</strong></span> <span class='ocrx_word' id='word_1_179' title='bbox 865 2518 929 2573; x_wconf 91' lang='lat' dir='ltr'><strong>huic</strong></span> <span class='ocrx_word' id='word_1_180' title='bbox 946 2520 1103 2574; x_wconf 85' lang='lat' dir='ltr'><strong>intercessit</strong></span> <span class='ocrx_word' id='word_1_181' title='bbox 1120 2519 1268 2574; x_wconf 89' lang='lat' dir='ltr'><strong>Dioscorus</strong></span> <span class='ocrx_word' id='word_1_182' title='bbox 1288 2521 1368 2590; x_wconf 89' lang='lat' dir='ltr'><strong>jussu</strong></span> <span class='ocrx_word' id='word_1_183' title='bbox 1385 2522 1494 2576; x_wconf 87' lang='lat' dir='ltr'><strong>Horrui-</strong></span> 
     </span>
     <span class='ocr_line' id='line_1_22' title="bbox 222 2603 1493 2677; baseline -0.002 -14"><span class='ocrx_word' id='word_1_184' title='bbox 222 2609 301 2675; x_wconf 84' lang='lat' dir='ltr'><strong>sdae,</strong></span> <span class='ocrx_word' id='word_1_185' title='bbox 320 2608 368 2677; x_wconf 91' lang='lat' dir='ltr'><strong>qui</strong></span> <span class='ocrx_word' id='word_1_186' title='bbox 386 2607 520 2677; x_wconf 86' lang='lat' dir='ltr'><strong>Simplicii</strong></span> <span class='ocrx_word' id='word_1_187' title='bbox 538 2605 672 2675; x_wconf 87' lang='lat' dir='ltr'><strong>epistolae</strong></span> <span class='ocrx_word' id='word_1_188' title='bbox 686 2612 717 2660; x_wconf 80' lang='lat'><strong>15</strong></span> <span class='ocrx_word' id='word_1_189' title='bbox 735 2625 761 2658; x_wconf 92' lang='lat' dir='ltr'><strong>n.</strong></span> <span class='ocrx_word' id='word_1_190' title='bbox 775 2613 803 2671; x_wconf 86' lang='lat'><strong>3,</strong></span> <span class='ocrx_word' id='word_1_191' title='bbox 822 2621 906 2673; x_wconf 87' lang='lat' dir='ltr'><strong>qnam</strong></span> <span class='ocrx_word' id='word_1_192' title='bbox 921 2604 1062 2658; x_wconf 89' lang='lat' dir='ltr'><strong>consulere</strong></span> <span class='ocrx_word' id='word_1_193' title='bbox 1077 2605 1195 2672; x_wconf 85' lang='lat' dir='ltr'><strong>juverit,</strong></span> <span class='ocrx_word' id='word_1_194' title='bbox 1213 2620 1269 2658; x_wconf 91' lang='lat' dir='ltr'><strong>non</strong></span> <span class='ocrx_word' id='word_1_195' title='bbox 1287 2603 1445 2673; x_wconf 85' lang='lat' dir='ltr'><strong>immernor,</strong></span> <span class='ocrx_word' id='word_1_196' title='bbox 1464 2608 1493 2661; x_wconf 88' lang='lat' dir='ltr'><strong>id</strong></span> 
     </span>
     <span class='ocr_line' id='line_1_23' title="bbox 222 2687 1494 2763; baseline -0.001 -16"><span class='ocrx_word' id='word_1_197' title='bbox 222 2695 246 2748; x_wconf 91' lang='lat' dir='ltr'><strong>ci</strong></span> <span class='ocrx_word' id='word_1_198' title='bbox 264 2710 299 2747; x_wconf 91' lang='lat' dir='ltr'><strong>ne</strong></span> <span class='ocrx_word' id='word_1_199' title='bbox 323 2695 468 2763; x_wconf 89' lang='lat' dir='ltr'><strong>pateretur</strong></span> <span class='ocrx_word' id='word_1_200' title='bbox 489 2693 681 2761; x_wconf 84' lang='lat' dir='ltr'><strong>praeceperat.</strong></span> <span class='ocrx_word' id='word_1_201' title='bbox 721 2691 828 2759; x_wconf 88' lang='lat' dir='ltr'><strong>Nempe</strong></span> <span class='ocrx_word' id='word_1_202' title='bbox 852 2692 884 2741; x_wconf 89' lang='lat' dir='ltr'><strong>ut</strong></span> <span class='ocrx_word' id='word_1_203' title='bbox 905 2687 1206 2758; x_wconf 71' lang='lat' dir='ltr'><strong>constantinopolitani</strong></span> <span class='ocrx_word' id='word_1_204' title='bbox 1230 2689 1370 2744; x_wconf 84' lang='lat' dir='ltr'><strong>antistites</strong></span> <span class='ocrx_word' id='word_1_205' title='bbox 1392 2689 1494 2746; x_wconf 88' lang='lat' dir='ltr'><strong>intenti</strong></span> 
     </span>
     <span class='ocr_line' id='line_1_24' title="bbox 221 2773 1493 2847; baseline -0.002 -14"><span class='ocrx_word' id='word_1_206' title='bbox 221 2781 314 2844; x_wconf 88' lang='lat' dir='ltr'><strong>erant,</strong></span> <span class='ocrx_word' id='word_1_207' title='bbox 334 2780 364 2832; x_wconf 90' lang='lat' dir='ltr'><strong>ut</strong></span> <span class='ocrx_word' id='word_1_208' title='bbox 378 2779 424 2847; x_wconf 89' lang='lat' dir='ltr'><strong>jus</strong></span> <span class='ocrx_word' id='word_1_209' title='bbox 443 2777 518 2845; x_wconf 87' lang='lat' dir='ltr'><strong>quod</strong></span> <span class='ocrx_word' id='word_1_210' title='bbox 535 2775 644 2830; x_wconf 88' lang='lat' dir='ltr'><strong>actione</strong></span> <span class='ocrx_word' id='word_1_211' title='bbox 659 2781 689 2828; x_wconf 88' lang='grc'><strong>16</strong></span> <span class='ocrx_word' id='word_1_212' title='bbox 703 2773 934 2828; x_wconf 88' lang='lat' dir='ltr'><strong>Calchedonensis</strong></span> <span class='ocrx_word' id='word_1_213' title='bbox 953 2773 1061 2827; x_wconf 90' lang='lat' dir='ltr'><strong>concilii</strong></span> <span class='ocrx_word' id='word_1_214' title='bbox 1077 2773 1145 2843; x_wconf 88' lang='lat' dir='ltr'><strong>ipsis</strong></span> <span class='ocrx_word' id='word_1_215' title='bbox 1163 2773 1331 2827; x_wconf 88' lang='lat' dir='ltr'><strong>attributum</strong></span> <span class='ocrx_word' id='word_1_216' title='bbox 1350 2778 1419 2842; x_wconf 88' lang='lat' dir='ltr'><strong>erat,</strong></span> <span class='ocrx_word' id='word_1_217' title='bbox 1437 2794 1493 2831; x_wconf 88' lang='lat' dir='ltr'><strong>nou</strong></span> 
     </span>
     <span class='ocr_line' id='line_1_25' title="bbox 219 2858 1493 2928; baseline -0.001 -11"><span class='ocrx_word' id='word_1_218' title='bbox 219 2864 309 2917; x_wconf 86' lang='lat' dir='ltr'><strong>solum</strong></span> <span class='ocrx_word' id='word_1_219' title='bbox 326 2881 378 2916; x_wconf 91' lang='lat' dir='ltr'><strong>usu</strong></span> <span class='ocrx_word' id='word_1_220' title='bbox 396 2864 550 2927; x_wconf 85' lang='lat' dir='ltr'><strong>firmarent,</strong></span> <span class='ocrx_word' id='word_1_221' title='bbox 568 2861 617 2913; x_wconf 85' lang='lat' dir='ltr'><strong>scd</strong></span> <span class='ocrx_word' id='word_1_222' title='bbox 636 2862 664 2914; x_wconf 87' lang='lat' dir='ltr'><strong>et</strong></span> <span class='ocrx_word' id='word_1_223' title='bbox 681 2860 709 2913; x_wconf 93' lang='lat' dir='ltr'><strong>iu</strong></span> <span class='ocrx_word' id='word_1_224' title='bbox 728 2859 831 2914; x_wconf 86' lang='lat' dir='ltr'><strong>alienas</strong></span> <span class='ocrx_word' id='word_1_225' title='bbox 851 2859 979 2912; x_wconf 89' lang='lat' dir='ltr'><strong>ccclesias</strong></span> <span class='ocrx_word' id='word_1_226' title='bbox 1000 2859 1214 2928; x_wconf 87' lang='lat' dir='ltr'><strong>pretenderent,</strong></span> <span class='ocrx_word' id='word_1_227' title='bbox 1238 2859 1279 2913; x_wconf 90' lang='lat' dir='ltr'><strong>ita</strong></span> <span class='ocrx_word' id='word_1_228' title='bbox 1296 2858 1366 2913; x_wconf 91' lang='lat' dir='ltr'><strong>nihil</strong></span> <span class='ocrx_word' id='word_1_229' title='bbox 1384 2863 1493 2916; x_wconf 92' lang='lat' dir='ltr'><strong>emitte·</strong></span> 
     </span>
     <span class='ocr_line' id='line_1_26' title="bbox 220 2943 1198 3015; baseline -0.001 -16"><span class='ocrx_word' id='word_1_230' title='bbox 220 2949 290 3002; x_wconf 90' lang='lat' dir='ltr'><strong>bant</strong></span> <span class='ocrx_word' id='word_1_231' title='bbox 306 2946 426 3001; x_wconf 89' lang='lat' dir='ltr'><strong>Romani</strong></span> <span class='ocrx_word' id='word_1_232' title='bbox 443 2945 599 3015; x_wconf 89' lang='lat' dir='ltr'><strong>pontifices,</strong></span> <span class='ocrx_word' id='word_1_233' title='bbox 618 2962 673 3014; x_wconf 91' lang='lat' dir='ltr'><strong>qno</strong></span> <span class='ocrx_word' id='word_1_234' title='bbox 690 2946 741 2998; x_wconf 90' lang='lat' dir='ltr'><strong>hos</strong></span> <span class='ocrx_word' id='word_1_235' title='bbox 760 2961 855 2999; x_wconf 91' lang='lat' dir='ltr'><strong>eorum</strong></span> <span class='ocrx_word' id='word_1_236' title='bbox 874 2945 989 2996; x_wconf 89' lang='lat' dir='ltr'><strong>conatus</strong></span> <span class='ocrx_word' id='word_1_237' title='bbox 1006 2943 1198 3013; x_wconf 81' lang='lat' dir='ltr'><strong>infringerent.</strong></span> 
     </span>
    </p>

    <p class='ocr_par' dir='ltr' id='par_1_5' title="bbox 216 3018 1492 3358">
     <span class='ocr_line' id='line_1_27' title="bbox 287 3018 1492 3099; baseline 0 -15"><span class='ocrx_word' id='word_1_238' title='bbox 287 3036 308 3099; x_wconf 72' lang='lat'><strong>³)</strong></span> <span class='ocrx_word' id='word_1_239' title='bbox 326 3031 360 3084; x_wconf 89' lang='lat' dir='ltr'><strong>H.</strong></span> <span class='ocrx_word' id='word_1_240' title='bbox 384 3048 408 3085; x_wconf 92' lang='lat' dir='ltr'><strong>e.</strong></span> <span class='ocrx_word' id='word_1_241' title='bbox 427 3030 567 3084; x_wconf 77' lang='lat' dir='ltr'><strong>Vitaliauo</strong></span> <span class='ocrx_word' id='word_1_242' title='bbox 590 3029 709 3083; x_wconf 88' lang='lat' dir='ltr'><strong>militum</strong></span> <span class='ocrx_word' id='word_1_243' title='bbox 731 3028 879 3098; x_wconf 81' lang='lat' dir='ltr'><strong>magistro,</strong></span> <span class='ocrx_word' id='word_1_244' title='bbox 903 3018 987 3096; x_wconf 78' lang='lat' dir='ltr'><strong>quem</strong></span> <span class='ocrx_word' id='word_1_245' title='bbox 1011 3027 1143 3097; x_wconf 76' lang='lat' dir='ltr'><strong>scytham</strong></span> <span class='ocrx_word' id='word_1_246' title='bbox 1165 3028 1342 3084; x_wconf 87' lang='lat' dir='ltr'><strong>Marcellinus</strong></span> <span class='ocrx_word' id='word_1_247' title='bbox 1363 3028 1392 3082; x_wconf 91' lang='lat' dir='ltr'><strong>in</strong></span> <span class='ocrx_word' id='word_1_248' title='bbox 1415 3031 1492 3084; x_wconf 89' lang='lat' dir='ltr'><strong>chre·</strong></span> 
     </span>
     <span class='ocr_line' id='line_1_28' title="bbox 217 3112 1492 3183; baseline -0.002 -12"><span class='ocrx_word' id='word_1_249' title='bbox 217 3116 281 3172; x_wconf 92' lang='lat' dir='ltr'><strong>nico</strong></span> <span class='ocrx_word' id='word_1_250' title='bbox 300 3115 385 3171; x_wconf 85' lang='lat' dir='ltr'><strong>semel</strong></span> <span class='ocrx_word' id='word_1_251' title='bbox 403 3118 432 3170; x_wconf 88' lang='lat' dir='ltr'><strong>et</strong></span> <span class='ocrx_word' id='word_1_252' title='bbox 448 3116 549 3168; x_wconf 88' lang='lat' dir='ltr'><strong>iterum</strong></span> <span class='ocrx_word' id='word_1_253' title='bbox 561 3116 654 3180; x_wconf 88' lang='lat' dir='ltr'><strong>vocat,</strong></span> <span class='ocrx_word' id='word_1_254' title='bbox 673 3115 839 3183; x_wconf 85' lang='lat' dir='ltr'><strong>cognatione</strong></span> <span class='ocrx_word' id='word_1_255' title='bbox 853 3112 1038 3181; x_wconf 89' lang='lat' dir='ltr'><strong>conjunctum.</strong></span> <span class='ocrx_word' id='word_1_256' title='bbox 1066 3113 1137 3167; x_wconf 89' lang='lat' dir='ltr'><strong>Hinc</strong></span> <span class='ocrx_word' id='word_1_257' title='bbox 1149 3113 1305 3179; x_wconf 88' lang='lat' dir='ltr'><strong>Dioscorus,</strong></span> <span class='ocrx_word' id='word_1_258' title='bbox 1318 3114 1393 3182; x_wconf 91' lang='lat' dir='ltr'><strong>quod</strong></span> <span class='ocrx_word' id='word_1_259' title='bbox 1405 3115 1492 3170; x_wconf 90' lang='lat' dir='ltr'><strong>Leon-</strong></span> 
     </span>
     <span class='ocr_line' id='line_1_29' title="bbox 217 3197 1491 3268; baseline -0.002 -13"><span class='ocrx_word' id='word_1_260' title='bbox 217 3202 259 3257; x_wconf 88' lang='lat' dir='ltr'><strong>tio</strong></span> <span class='ocrx_word' id='word_1_261' title='bbox 279 3200 474 3266; x_wconf 89' lang='lat' dir='ltr'><strong>convcniebat,</strong></span> <span class='ocrx_word' id='word_1_262' title='bbox 493 3200 578 3254; x_wconf 87' lang='lat' dir='ltr'><strong>etiam</strong></span> <span class='ocrx_word' id='word_1_263' title='bbox 597 3198 677 3253; x_wconf 88' lang='lat' dir='ltr'><strong>sociis</strong></span> <span class='ocrx_word' id='word_1_264' title='bbox 695 3200 753 3268; x_wconf 88' lang='lat' dir='ltr'><strong>ejus</strong></span> <span class='ocrx_word' id='word_1_265' title='bbox 773 3198 940 3264; x_wconf 86' lang='lat' dir='ltr'><strong>attribuens,</strong></span> <span class='ocrx_word' id='word_1_266' title='bbox 957 3198 1108 3252; x_wconf 88' lang='lat' dir='ltr'><strong>monachos</strong></span> <span class='ocrx_word' id='word_1_267' title='bbox 1126 3197 1188 3251; x_wconf 91' lang='lat' dir='ltr'><strong>illos</strong></span> <span class='ocrx_word' id='word_1_268' title='bbox 1207 3198 1241 3252; x_wconf 89' lang='lat' dir='ltr'><strong>de</strong></span> <span class='ocrx_word' id='word_1_269' title='bbox 1260 3198 1342 3253; x_wconf 89' lang='lat' dir='ltr'><strong>demo</strong></span> <span class='ocrx_word' id='word_1_270' title='bbox 1356 3198 1491 3254; x_wconf 68' lang='lat' dir='ltr'><strong>vitaliani</strong></span> 
     </span>
     <span class='ocr_line' id='line_1_30' title="bbox 216 3285 1202 3358; baseline -0.006 -16"><span class='ocrx_word' id='word_1_271' title='bbox 216 3287 344 3358; x_wconf 81' lang='lat' dir='ltr'><strong>proxime</strong></span> <span class='ocrx_word' id='word_1_272' title='bbox 363 3285 439 3339; x_wconf 85' lang='lat' dir='ltr'><strong>dixit.</strong></span> <span class='ocrx_word' id='word_1_273' title='bbox 457 3316 490 3322; x_wconf 93' lang='lat'><em>-</em></span> <span class='ocrx_word' id='word_1_274' title='bbox 507 3285 573 3338; x_wconf 85' lang='lat' dir='ltr'><strong>Mox</strong></span> <span class='ocrx_word' id='word_1_275' title='bbox 591 3285 633 3338; x_wconf 84' lang='lat' dir='ltr'><strong>ed.</strong></span> <span class='ocrx_word' id='word_1_276' title='bbox 653 3291 738 3353; x_wconf 75' lang='lat' dir='ltr'><strong>artique</strong></span> <span class='ocrx_word' id='word_1_277' title='bbox 756 3289 870 3352; x_wconf 84' lang='lat' dir='ltr'><strong>capitula</strong></span> <span class='ocrx_word' id='word_1_278' title='bbox 941 3290 1121 3350; x_wconf 82' lang='lat' dir='ltr'><strong>permittantur</strong></span> <span class='ocrx_word' id='word_1_279' title='bbox 1135 3289 1202 3351; x_wconf 80' lang='lat' dir='ltr'><strong>fieri.</strong></span> 
     </span>
    </p>

    <p class='ocr_par' dir='ltr' id='par_1_6' title="bbox 213 3367 1491 4972">
     <span class='ocr_line' id='line_1_31' title="bbox 285 3367 1491 3441; baseline 0.001 -17"><span class='ocrx_word' id='word_1_280' title='bbox 285 3374 307 3439; x_wconf 75' lang='lat'><strong>⁴)</strong></span> <span class='ocrx_word' id='word_1_281' title='bbox 326 3372 357 3424; x_wconf 91' lang='lat' dir='ltr'><strong>lu</strong></span> <span class='ocrx_word' id='word_1_282' title='bbox 375 3371 493 3424; x_wconf 89' lang='lat' dir='ltr'><strong>Zenonis</strong></span> <span class='ocrx_word' id='word_1_283' title='bbox 512 3369 655 3435; x_wconf 87' lang='lat' dir='ltr'><strong>henotico,</strong></span> <span class='ocrx_word' id='word_1_284' title='bbox 673 3369 749 3438; x_wconf 89' lang='lat' dir='ltr'><strong>quod</strong></span> <span class='ocrx_word' id='word_1_285' title='bbox 760 3368 922 3422; x_wconf 85' lang='lat' dir='ltr'><strong>Anastasius</strong></span> <span class='ocrx_word' id='word_1_286' title='bbox 936 3367 1073 3437; x_wconf 88' lang='lat' dir='ltr'><strong>pertinaci</strong></span> <span class='ocrx_word' id='word_1_287' title='bbox 1085 3368 1177 3422; x_wconf 89' lang='lat' dir='ltr'><strong>animo</strong></span> <span class='ocrx_word' id='word_1_288' title='bbox 1189 3371 1397 3439; x_wconf 85' lang='lat' dir='ltr'><strong>propugnabat,</strong></span> <span class='ocrx_word' id='word_1_289' title='bbox 1415 3372 1491 3441; x_wconf 88' lang='lat' dir='ltr'><strong>apud</strong></span> 
     </span>
     <span class='ocr_line' id='line_1_32' title="bbox 216 3456 1491 3526; baseline 0 -15"><span class='ocrx_word' id='word_1_290' title='bbox 216 3457 369 3526; x_wconf 80' lang='lat' dir='ltr'><strong>Evagrium</strong></span> <span class='ocrx_word' id='word_1_291' title='bbox 389 3457 439 3522; x_wconf 91' lang='lat' dir='ltr'><strong>lll,</strong></span> <span class='ocrx_word' id='word_1_292' title='bbox 459 3462 490 3508; x_wconf 83' lang='lat'><strong>14</strong></span> <span class='ocrx_word' id='word_1_293' title='bbox 508 3456 602 3523; x_wconf 80' lang='lat' dir='ltr'><strong>legere</strong></span> <span class='ocrx_word' id='word_1_294' title='bbox 622 3456 675 3507; x_wconf 87' lang='lat' dir='ltr'><strong>cst:</strong></span> <span class='ocrx_word' id='word_1_295' title='bbox 704 3459 817 3507; x_wconf 76' lang='lat' dir='ltr'><strong>Trinitas</strong></span> <span class='ocrx_word' id='word_1_296' title='bbox 834 3473 934 3522; x_wconf 81' lang='lat' dir='ltr'><strong>seraper</strong></span> <span class='ocrx_word' id='word_1_297' title='bbox 952 3460 1042 3506; x_wconf 75' lang='lat' dir='ltr'><strong>transit</strong></span> <span class='ocrx_word' id='word_1_298' title='bbox 1063 3457 1189 3516; x_wconf 82' lang='lat' dir='ltr'><strong>Trinitas,</strong></span> <span class='ocrx_word' id='word_1_299' title='bbox 1209 3461 1283 3508; x_wconf 82' lang='lat' dir='ltr'><strong>etiarn</strong></span> <span class='ocrx_word' id='word_1_300' title='bbox 1301 3461 1358 3508; x_wconf 86' lang='lat' dir='ltr'><strong>dum</strong></span> <span class='ocrx_word' id='word_1_301' title='bbox 1376 3478 1438 3510; x_wconf 77' lang='lat' dir='ltr'><strong>arius</strong></span> <span class='ocrx_word' id='word_1_302' title='bbox 1456 3478 1491 3511; x_wconf 75' lang='lat' dir='ltr'><strong>ex</strong></span> 
     </span>
     <span class='ocr_line' id='line_1_33' title="bbox 219 3534 1490 3609; baseline 0.002 -14"><span class='ocrx_word' id='word_1_303' title='bbox 219 3547 346 3596; x_wconf 83' lang='lat' dir='ltr'><strong>Trinitate</strong></span> <span class='ocrx_word' id='word_1_304' title='bbox 368 3547 436 3594; x_wconf 71' lang='lat' dir='ltr'><strong>nens</strong></span> <span class='ocrx_word' id='word_1_305' title='bbox 462 3546 572 3594; x_wconf 81' lang='lat' dir='ltr'><strong>Vertnrn</strong></span> <span class='ocrx_word' id='word_1_306' title='bbox 593 3546 741 3593; x_wconf 69' lang='grc'>1000100010</span> <span class='ocrx_word' id='word_1_307' title='bbox 769 3550 806 3593; x_wconf 87' lang='lat' dir='ltr'><strong>cst</strong></span> <span class='ocrx_word' id='word_1_308' title='bbox 829 3540 889 3607; x_wconf 85' lang='grc'>(001</span> <span class='ocrx_word' id='word_1_309' title='bbox 913 3538 1113 3607; x_wconf 67' lang='lat' dir='ltr'><strong>supradictos</strong></span> <span class='ocrx_word' id='word_1_310' title='bbox 1136 3541 1187 3595; x_wconf 86' lang='grc' dir='ltr'><strong>τοῦ</strong></span> <span class='ocrx_word' id='word_1_311' title='bbox 1211 3534 1275 3602; x_wconf 71' lang='lat' dir='ltr'><strong>iric</strong></span> <span class='ocrx_word' id='word_1_312' title='bbox 1297 3543 1348 3609; x_wconf 77' lang='grc' dir='ltr'><strong>τῆς</strong></span> <span class='ocrx_word' id='word_1_313' title='bbox 1372 3538 1490 3609; x_wconf 80' lang='grc' dir='ltr'><em>τριάδος</em></span> 
     </span>
     <span class='ocr_line' id='line_1_34' title="bbox 216 3622 1489 3697; baseline -0.002 -15"><span class='ocrx_word' id='word_1_314' title='bbox 216 3629 292 3682; x_wconf 79' lang='grc' dir='ltr'><strong><em>θεοῦ</em></strong></span> <span class='ocrx_word' id='word_1_315' title='bbox 305 3622 424 3697; x_wconf 78' lang='grc' dir='ltr'>Λόγου),</span> <span class='ocrx_word' id='word_1_316' title='bbox 443 3626 487 3679; x_wconf 89' lang='lat' dir='ltr'><strong>vel</strong></span> <span class='ocrx_word' id='word_1_317' title='bbox 506 3627 536 3678; x_wconf 93' lang='lat' dir='ltr'><strong>ut</strong></span> <span class='ocrx_word' id='word_1_318' title='bbox 554 3624 640 3679; x_wconf 87' lang='lat' dir='ltr'><strong>latine</strong></span> <span class='ocrx_word' id='word_1_319' title='bbox 658 3623 782 3679; x_wconf 89' lang='lat' dir='ltr'><strong>reddidit</strong></span> <span class='ocrx_word' id='word_1_320' title='bbox 798 3624 945 3678; x_wconf 86' lang='lat' dir='ltr'><strong>Liberatus</strong></span> <span class='ocrx_word' id='word_1_321' title='bbox 965 3642 986 3677; x_wconf 94' lang='lat' dir='ltr'><strong>e.</strong></span> <span class='ocrx_word' id='word_1_322' title='bbox 1003 3629 1046 3677; x_wconf 89' lang='lat'><strong>18:</strong></span> <span class='ocrx_word' id='word_1_323' title='bbox 1066 3629 1165 3677; x_wconf 78' lang='lat' dir='ltr'><strong>ittansr&#39;t</strong></span> <span class='ocrx_word' id='word_1_324' title='bbox 1183 3630 1245 3678; x_wconf 82' lang='lat' dir='ltr'><strong>enirn</strong></span> <span class='ocrx_word' id='word_1_325' title='bbox 1263 3628 1389 3688; x_wconf 78' lang='lat' dir='ltr'><strong>Trinitas,</strong></span> <span class='ocrx_word' id='word_1_326' title='bbox 1409 3638 1433 3680; x_wconf 82' lang='lat' dir='ltr'><strong>rt</strong></span> <span class='ocrx_word' id='word_1_327' title='bbox 1452 3634 1489 3680; x_wconf 85' lang='lat' dir='ltr'><strong>in-</strong></span> 
     </span>
     <span class='ocr_line' id='line_1_35' title="bbox 215 3708 1489 3778; baseline -0.002 -11"><span class='ocrx_word' id='word_1_328' title='bbox 215 3724 324 3768; x_wconf 78' lang='lat' dir='ltr'><strong>carnato</strong></span> <span class='ocrx_word' id='word_1_329' title='bbox 342 3732 390 3765; x_wconf 87' lang='lat' dir='ltr'><strong>nno</strong></span> <span class='ocrx_word' id='word_1_330' title='bbox 409 3719 441 3765; x_wconf 82' lang='lat' dir='ltr'><strong>ae</strong></span> <span class='ocrx_word' id='word_1_331' title='bbox 463 3716 590 3764; x_wconf 66' lang='lat' dir='ltr'><strong>trinitate</strong></span> <span class='ocrx_word' id='word_1_332' title='bbox 610 3715 663 3763; x_wconf 79' lang='grc'>1100</span> <span class='ocrx_word' id='word_1_333' title='bbox 685 3714 780 3763; x_wconf 81' lang='lat' dir='ltr'><strong>Verbo.</strong></span> <span class='ocrx_word' id='word_1_334' title='bbox 821 3708 898 3774; x_wconf 78' lang='lat' dir='ltr'><strong>Quae</strong></span> <span class='ocrx_word' id='word_1_335' title='bbox 922 3709 1033 3778; x_wconf 86' lang='lat' dir='ltr'><strong>quidem</strong></span> <span class='ocrx_word' id='word_1_336' title='bbox 1052 3709 1138 3763; x_wconf 87' lang='lat' dir='ltr'><strong>verba</strong></span> <span class='ocrx_word' id='word_1_337' title='bbox 1159 3708 1297 3778; x_wconf 89' lang='lat' dir='ltr'><strong>praedicti</strong></span> <span class='ocrx_word' id='word_1_338' title='bbox 1314 3711 1443 3765; x_wconf 88' lang='lat' dir='ltr'><strong>monaehi</strong></span> <span class='ocrx_word' id='word_1_339' title='bbox 1460 3711 1489 3765; x_wconf 92' lang='lat' dir='ltr'><strong>in</strong></span> 
     </span>
     <span class='ocr_line' id='line_1_36' title="bbox 217 3793 1489 3868; baseline -0.001 -16"><span class='ocrx_word' id='word_1_340' title='bbox 217 3797 337 3868; x_wconf 89' lang='lat' dir='ltr'><strong>epistola</strong></span> <span class='ocrx_word' id='word_1_341' title='bbox 354 3797 391 3851; x_wconf 92' lang='lat' dir='ltr'><strong>ad</strong></span> <span class='ocrx_word' id='word_1_342' title='bbox 402 3798 484 3850; x_wconf 85' lang='lat' dir='ltr'><strong>Atros</strong></span> <span class='ocrx_word' id='word_1_343' title='bbox 503 3813 563 3865; x_wconf 85' lang='lat' dir='ltr'><strong>cap.</strong></span> <span class='ocrx_word' id='word_1_344' title='bbox 578 3803 594 3848; x_wconf 84' lang='grc'>4</span> <span class='ocrx_word' id='word_1_345' title='bbox 612 3794 768 3849; x_wconf 86' lang='lat' dir='ltr'><strong>exscribere</strong></span> <span class='ocrx_word' id='word_1_346' title='bbox 786 3796 921 3849; x_wconf 85' lang='lat' dir='ltr'><strong>affectant</strong></span> <span class='ocrx_word' id='word_1_347' title='bbox 937 3794 966 3848; x_wconf 90' lang='lat' dir='ltr'><strong>in</strong></span> <span class='ocrx_word' id='word_1_348' title='bbox 978 3795 1051 3847; x_wconf 89' lang='lat' dir='ltr'><strong>hunc</strong></span> <span class='ocrx_word' id='word_1_349' title='bbox 1063 3793 1189 3847; x_wconf 87' lang='lat' dir='ltr'><strong>medum:</strong></span> <span class='ocrx_word' id='word_1_350' title='bbox 1213 3798 1326 3848; x_wconf 78' lang='lat' dir='ltr'><strong>Trinitas</strong></span> <span class='ocrx_word' id='word_1_351' title='bbox 1338 3802 1412 3849; x_wconf 78' lang='lat' dir='ltr'><strong>etiarn</strong></span> <span class='ocrx_word' id='word_1_352' title='bbox 1429 3809 1489 3866; x_wconf 85' lang='lat' dir='ltr'><strong>pest</strong></span> 
     </span>
     <span class='ocr_line' id='line_1_37' title="bbox 215 3884 1489 3951; baseline -0.002 -14"><span class='ocrx_word' id='word_1_353' title='bbox 215 3889 402 3937; x_wconf 79' lang='lat' dir='ltr'><strong>incarnationis</strong></span> <span class='ocrx_word' id='word_1_354' title='bbox 418 3888 562 3951; x_wconf 75' lang='lat' dir='ltr'><strong>nrpsteriaru</strong></span> <span class='ocrx_word' id='word_1_355' title='bbox 584 3885 698 3934; x_wconf 80' lang='lat' dir='ltr'><strong>Trinitas</strong></span> <span class='ocrx_word' id='word_1_356' title='bbox 715 3886 820 3933; x_wconf 87' lang='lat' dir='ltr'><strong>mansit:</strong></span> <span class='ocrx_word' id='word_1_357' title='bbox 840 3887 980 3949; x_wconf 77' lang='grc'>0010111001</span> <span class='ocrx_word' id='word_1_358' title='bbox 1000 3885 1068 3933; x_wconf 78' lang='lat' dir='ltr'><strong>ilaris</strong></span> <span class='ocrx_word' id='word_1_359' title='bbox 1091 3884 1199 3932; x_wconf 82' lang='lat' dir='ltr'><strong>Verbum</strong></span> <span class='ocrx_word' id='word_1_360' title='bbox 1216 3886 1291 3933; x_wconf 83' lang='lat' dir='ltr'><strong>etiarn</strong></span> <span class='ocrx_word' id='word_1_361' title='bbox 1309 3901 1362 3933; x_wconf 78' lang='grc'>0100</span> <span class='ocrx_word' id='word_1_362' title='bbox 1379 3889 1489 3949; x_wconf 83' lang='lat' dir='ltr'><strong>propria</strong></span> 
     </span>
     <span class='ocr_line' id='line_1_38' title="bbox 215 3963 1488 4036; baseline -0.002 -14"><span class='ocrx_word' id='word_1_363' title='bbox 215 3990 294 4023; x_wconf 78' lang='lat' dir='ltr'><strong>earne</strong></span> <span class='ocrx_word' id='word_1_364' title='bbox 313 3989 375 4021; x_wconf 73' lang='lat' dir='ltr'><strong>renus</strong></span> <span class='ocrx_word' id='word_1_365' title='bbox 393 3978 432 4021; x_wconf 85' lang='lat' dir='ltr'><strong>est</strong></span> <span class='ocrx_word' id='word_1_366' title='bbox 444 3988 479 4020; x_wconf 71' lang='lat' dir='ltr'><strong>en·</strong></span> <span class='ocrx_word' id='word_1_367' title='bbox 496 3970 628 4023; x_wconf 70' lang='lat' dir='ltr'><strong>trinitate.</strong></span> <span class='ocrx_word' id='word_1_368' title='bbox 658 3967 709 4020; x_wconf 87' lang='lat' dir='ltr'><strong>Vel</strong></span> <span class='ocrx_word' id='word_1_369' title='bbox 726 3967 843 4036; x_wconf 87' lang='lat' dir='ltr'><strong>propter</strong></span> <span class='ocrx_word' id='word_1_370' title='bbox 860 3966 932 4018; x_wconf 90' lang='lat' dir='ltr'><strong>hane</strong></span> <span class='ocrx_word' id='word_1_371' title='bbox 949 3964 1035 4033; x_wconf 84' lang='lat' dir='ltr'><strong>igitur</strong></span> <span class='ocrx_word' id='word_1_372' title='bbox 1053 3963 1207 4019; x_wconf 89' lang='lat' dir='ltr'><strong>sententiae</strong></span> <span class='ocrx_word' id='word_1_373' title='bbox 1225 3965 1307 4034; x_wconf 89' lang='lat' dir='ltr'><strong>hujus</strong></span> <span class='ocrx_word' id='word_1_374' title='bbox 1325 3982 1388 4019; x_wconf 92' lang='lat' dir='ltr'><strong>eum</strong></span> <span class='ocrx_word' id='word_1_375' title='bbox 1405 3967 1488 4021; x_wconf 90' lang='lat' dir='ltr'><strong>heno-</strong></span> 
     </span>
     <span class='ocr_line' id='line_1_39' title="bbox 214 4050 1488 4120; baseline -0.003 -11"><span class='ocrx_word' id='word_1_376' title='bbox 214 4055 271 4109; x_wconf 86' lang='lat' dir='ltr'><strong>tico</strong></span> <span class='ocrx_word' id='word_1_377' title='bbox 290 4054 457 4108; x_wconf 84' lang='lat' dir='ltr'><strong>affinitatem</strong></span> <span class='ocrx_word' id='word_1_378' title='bbox 469 4052 505 4105; x_wconf 90' lang='lat' dir='ltr'><strong>ab</strong></span> <span class='ocrx_word' id='word_1_379' title='bbox 519 4069 552 4105; x_wconf 87' lang='lat' dir='ltr'><strong>ea</strong></span> <span class='ocrx_word' id='word_1_380' title='bbox 565 4051 739 4106; x_wconf 88' lang='lat' dir='ltr'><strong>admittenda</strong></span> <span class='ocrx_word' id='word_1_381' title='bbox 751 4052 913 4105; x_wconf 84' lang='lat' dir='ltr'><strong>Dioscorum</strong></span> <span class='ocrx_word' id='word_1_382' title='bbox 930 4051 1050 4120; x_wconf 89' lang='lat' dir='ltr'><strong>primum</strong></span> <span class='ocrx_word' id='word_1_383' title='bbox 1063 4050 1248 4115; x_wconf 85' lang='lat' dir='ltr'><strong>abhorruisse,</strong></span> <span class='ocrx_word' id='word_1_384' title='bbox 1261 4050 1374 4104; x_wconf 90' lang='lat' dir='ltr'><strong>minime</strong></span> <span class='ocrx_word' id='word_1_385' title='bbox 1386 4053 1488 4105; x_wconf 89' lang='lat' dir='ltr'><strong>mirum</strong></span> 
     </span>
     <span class='ocr_line' id='line_1_40' title="bbox 215 4134 1488 4206; baseline -0.003 -13"><span class='ocrx_word' id='word_1_386' title='bbox 215 4141 266 4194; x_wconf 87' lang='lat' dir='ltr'><strong>est.</strong></span> <span class='ocrx_word' id='word_1_387' title='bbox 303 4138 359 4192; x_wconf 79' lang='lat' dir='ltr'><strong>Sed</strong></span> <span class='ocrx_word' id='word_1_388' title='bbox 381 4141 410 4192; x_wconf 88' lang='lat' dir='ltr'><strong>et</strong></span> <span class='ocrx_word' id='word_1_389' title='bbox 428 4138 526 4192; x_wconf 85' lang='lat' dir='ltr'><strong>cadem</strong></span> <span class='ocrx_word' id='word_1_390' title='bbox 545 4137 658 4190; x_wconf 82' lang='lat' dir='ltr'><strong>t&#39;avelrat</strong></span> <span class='ocrx_word' id='word_1_391' title='bbox 681 4136 821 4206; x_wconf 88' lang='lat' dir='ltr'><strong>impietati</strong></span> <span class='ocrx_word' id='word_1_392' title='bbox 838 4136 914 4190; x_wconf 89' lang='lat' dir='ltr'><strong>Petri</strong></span> <span class='ocrx_word' id='word_1_393' title='bbox 926 4134 1061 4200; x_wconf 82' lang='lat' dir='ltr'><strong>Fullonis,</strong></span> <span class='ocrx_word' id='word_1_394' title='bbox 1080 4135 1129 4204; x_wconf 90' lang='lat' dir='ltr'><strong>qui</strong></span> <span class='ocrx_word' id='word_1_395' title='bbox 1147 4153 1232 4203; x_wconf 89' lang='lat' dir='ltr'><strong>quum</strong></span> <span class='ocrx_word' id='word_1_396' title='bbox 1250 4136 1428 4190; x_wconf 86' lang='lat' dir='ltr'><strong>Antiochiam</strong></span> <span class='ocrx_word' id='word_1_397' title='bbox 1446 4137 1488 4189; x_wconf 90' lang='lat' dir='ltr'><strong>in-</strong></span> 
     </span>
     <span class='ocr_line' id='line_1_41' title="bbox 214 4220 1486 4293; baseline -0.002 -15"><span class='ocrx_word' id='word_1_398' title='bbox 214 4241 326 4293; x_wconf 83' lang='lat' dir='ltr'><strong>gressus</strong></span> <span class='ocrx_word' id='word_1_399' title='bbox 338 4223 467 4291; x_wconf 85' lang='lat' dir='ltr'><strong>Trisagio</strong></span> <span class='ocrx_word' id='word_1_400' title='bbox 481 4221 633 4276; x_wconf 88' lang='lat' dir='ltr'><strong>addidisset</strong></span> <span class='ocrx_word' id='word_1_401' title='bbox 646 4226 703 4276; x_wconf 76' lang='lat' dir='ltr'><strong>liar</strong></span> <span class='ocrx_word' id='word_1_402' title='bbox 718 4227 816 4275; x_wconf 77' lang='lat' dir='ltr'><strong>Christe</strong></span> <span class='ocrx_word' id='word_1_403' title='bbox 835 4229 878 4291; x_wconf 78' lang='lat' dir='ltr'><strong>qia</strong></span> <span class='ocrx_word' id='word_1_404' title='bbox 894 4242 943 4289; x_wconf 83' lang='lat' dir='ltr'><strong>pro</strong></span> <span class='ocrx_word' id='word_1_405' title='bbox 962 4225 1033 4275; x_wconf 80' lang='lat' dir='ltr'><strong>nabis</strong></span> <span class='ocrx_word' id='word_1_406' title='bbox 1051 4226 1189 4286; x_wconf 75' lang='lat' dir='ltr'><strong>eraristmn</strong></span> <span class='ocrx_word' id='word_1_407' title='bbox 1207 4241 1247 4287; x_wconf 86' lang='lat' dir='ltr'><strong>es,</strong></span> <span class='ocrx_word' id='word_1_408' title='bbox 1267 4220 1384 4274; x_wconf 90' lang='lat' dir='ltr'><strong>subinde</strong></span> <span class='ocrx_word' id='word_1_409' title='bbox 1397 4222 1486 4276; x_wconf 82' lang='lat' dir='ltr'><strong>Theo·</strong></span> 
     </span>
     <span class='ocr_line' id='line_1_42' title="bbox 213 4305 1486 4379; baseline -0.003 -17"><span class='ocrx_word' id='word_1_410' title='bbox 213 4309 307 4379; x_wconf 85' lang='lat' dir='ltr'><strong>phane</strong></span> <span class='ocrx_word' id='word_1_411' title='bbox 324 4325 390 4378; x_wconf 81' lang='lat' dir='ltr'><strong>pag.</strong></span> <span class='ocrx_word' id='word_1_412' title='bbox 413 4314 459 4361; x_wconf 76' lang='grc'><strong>115</strong></span> <span class='ocrx_word' id='word_1_413' title='bbox 478 4308 531 4371; x_wconf 79' lang='lat' dir='ltr'><strong>(ed.</strong></span> <span class='ocrx_word' id='word_1_414' title='bbox 543 4307 629 4360; x_wconf 91' lang='lat' dir='ltr'><strong>Bonn.</strong></span> <span class='ocrx_word' id='word_1_415' title='bbox 649 4314 708 4373; x_wconf 70' lang='lat'>⁶207)</span> <span class='ocrx_word' id='word_1_416' title='bbox 728 4309 808 4371; x_wconf 88' lang='lat' dir='ltr'><strong>teste,</strong></span> <span class='ocrx_word' id='word_1_417' title='bbox 827 4306 938 4360; x_wconf 89' lang='lat' dir='ltr'><strong>sublato</strong></span> <span class='ocrx_word' id='word_1_418' title='bbox 956 4326 1007 4358; x_wconf 76' lang='lat' dir='ltr'><strong>rex</strong></span> <span class='ocrx_word' id='word_1_419' title='bbox 1025 4311 1132 4367; x_wconf 68' lang='lat' dir='ltr'><strong>(triste,</strong></span> <span class='ocrx_word' id='word_1_420' title='bbox 1153 4309 1270 4360; x_wconf 86' lang='lat' dir='ltr'><strong>mortem</strong></span> <span class='ocrx_word' id='word_1_421' title='bbox 1289 4305 1421 4359; x_wconf 86' lang='lat' dir='ltr'><strong>Trinitati</strong></span> <span class='ocrx_word' id='word_1_422' title='bbox 1440 4306 1486 4359; x_wconf 90' lang='lat' dir='ltr'><strong>ad-</strong></span> 
     </span>
     <span class='ocr_line' id='line_1_43' title="bbox 214 4390 1487 4462; baseline -0.004 -14"><span class='ocrx_word' id='word_1_423' title='bbox 214 4393 334 4462; x_wconf 89' lang='lat' dir='ltr'><strong>scripsit.</strong></span> <span class='ocrx_word' id='word_1_424' title='bbox 368 4394 405 4446; x_wconf 86' lang='lat' dir='ltr'><strong>Et</strong></span> <span class='ocrx_word' id='word_1_425' title='bbox 422 4393 534 4461; x_wconf 87' lang='lat' dir='ltr'><strong>quidem</strong></span> <span class='ocrx_word' id='word_1_426' title='bbox 553 4392 713 4446; x_wconf 82' lang='lat' dir='ltr'><strong>hriastasius</strong></span> <span class='ocrx_word' id='word_1_427' title='bbox 731 4392 852 4447; x_wconf 89' lang='lat' dir='ltr'><strong>henotici</strong></span> <span class='ocrx_word' id='word_1_428' title='bbox 869 4392 991 4460; x_wconf 87' lang='lat' dir='ltr'><strong>primum</strong></span> <span class='ocrx_word' id='word_1_429' title='bbox 1009 4393 1130 4444; x_wconf 86' lang='lat' dir='ltr'><strong>assertor</strong></span> <span class='ocrx_word' id='word_1_430' title='bbox 1149 4390 1185 4443; x_wconf 87' lang='lat' dir='ltr'><strong>nd</strong></span> <span class='ocrx_word' id='word_1_431' title='bbox 1203 4390 1408 4459; x_wconf 88' lang='lat' dir='ltr'><strong>suscipiendum</strong></span> <span class='ocrx_word' id='word_1_432' title='bbox 1425 4391 1487 4443; x_wconf 83' lang='lat' dir='ltr'><strong>Ful·</strong></span> 
     </span>
     <span class='ocr_line' id='line_1_44' title="bbox 214 4474 1487 4547; baseline -0.003 -14"><span class='ocrx_word' id='word_1_433' title='bbox 214 4478 285 4533; x_wconf 85' lang='lat' dir='ltr'><strong>lonis</strong></span> <span class='ocrx_word' id='word_1_434' title='bbox 303 4478 524 4532; x_wconf 87' lang='lat' dir='ltr'><strong>additamentum</strong></span> <span class='ocrx_word' id='word_1_435' title='bbox 543 4496 598 4530; x_wconf 92' lang='lat' dir='ltr'><strong>non</strong></span> <span class='ocrx_word' id='word_1_436' title='bbox 620 4477 678 4530; x_wconf 90' lang='lat' dir='ltr'><strong>sine</strong></span> <span class='ocrx_word' id='word_1_437' title='bbox 702 4477 781 4547; x_wconf 74' lang='lat' dir='ltr'><strong>grani</strong></span> <span class='ocrx_word' id='word_1_438' title='bbox 799 4475 896 4546; x_wconf 88' lang='lat' dir='ltr'><strong>populi</strong></span> <span class='ocrx_word' id='word_1_439' title='bbox 914 4476 1044 4530; x_wconf 72' lang='lat' dir='ltr'><strong>scrindalo</strong></span> <span class='ocrx_word' id='word_1_440' title='bbox 1063 4474 1198 4544; x_wconf 89' lang='lat' dir='ltr'><strong>paulatim</strong></span> <span class='ocrx_word' id='word_1_441' title='bbox 1216 4475 1345 4528; x_wconf 88' lang='lat' dir='ltr'><strong>inductus</strong></span> <span class='ocrx_word' id='word_1_442' title='bbox 1364 4478 1413 4528; x_wconf 90' lang='lat' dir='ltr'><strong>est.</strong></span> <span class='ocrx_word' id='word_1_443' title='bbox 1449 4476 1487 4529; x_wconf 91' lang='lat' dir='ltr'><strong>Ut</strong></span> 
     </span>
     <span class='ocr_line' id='line_1_45' title="bbox 214 4562 1486 4633; baseline -0.002 -15"><span class='ocrx_word' id='word_1_444' title='bbox 214 4563 289 4618; x_wconf 80' lang='lat' dir='ltr'><strong>cuim</strong></span> <span class='ocrx_word' id='word_1_445' title='bbox 311 4563 463 4617; x_wconf 82' lang='lat' dir='ltr'><strong>memoriae</strong></span> <span class='ocrx_word' id='word_1_446' title='bbox 485 4562 611 4633; x_wconf 88' lang='lat' dir='ltr'><strong>prodidit</strong></span> <span class='ocrx_word' id='word_1_447' title='bbox 626 4562 763 4630; x_wconf 81' lang='lat' dir='ltr'><strong>Evagrius</strong></span> <span class='ocrx_word' id='word_1_448' title='bbox 782 4562 833 4628; x_wconf 94' lang='lat' dir='ltr'><strong>lll,</strong></span> <span class='ocrx_word' id='word_1_449' title='bbox 851 4568 895 4629; x_wconf 73' lang='lat'><strong>44,</strong></span> <span class='ocrx_word' id='word_1_450' title='bbox 920 4584 991 4631; x_wconf 82' lang='lat' dir='ltr'><strong>pawn</strong></span> <span class='ocrx_word' id='word_1_451' title='bbox 1014 4567 1154 4629; x_wconf 81' lang='lat' dir='ltr'><strong>imperator</strong></span> <span class='ocrx_word' id='word_1_452' title='bbox 1172 4566 1327 4614; x_wconf 81' lang='lat' dir='ltr'><strong>Anastasius</strong></span> <span class='ocrx_word' id='word_1_453' title='bbox 1348 4566 1374 4613; x_wconf 82' lang='lat' dir='ltr'><strong>ta</strong></span> <span class='ocrx_word' id='word_1_454' title='bbox 1396 4566 1486 4627; x_wconf 75' lang='lat' dir='ltr'><strong>lipsano</strong></span> 
     </span>
     <span class='ocr_line' id='line_1_46' title="bbox 218 4650 1485 4717; baseline -0.002 -16"><span class='ocrx_word' id='word_1_455' title='bbox 218 4653 335 4714; x_wconf 77' lang='lat' dir='ltr'><strong>Trisapic</strong></span> <span class='ocrx_word' id='word_1_456' title='bbox 353 4653 399 4701; x_wconf 82' lang='lat' dir='ltr'><strong>lius</strong></span> <span class='ocrx_word' id='word_1_457' title='bbox 418 4668 490 4702; x_wconf 81' lang='lat' dir='ltr'><strong>uoces</strong></span> <span class='ocrx_word' id='word_1_458' title='bbox 508 4654 625 4714; x_wconf 76' lang='lat' dir='ltr'><strong>adjicere</strong></span> <span class='ocrx_word' id='word_1_459' title='bbox 643 4653 762 4701; x_wconf 80' lang='lat' dir='ltr'><strong>vetrrisset</strong></span> <span class='ocrx_word' id='word_1_460' title='bbox 784 4653 845 4717; x_wconf 85' lang='lat' dir='ltr'><strong>„qai</strong></span> <span class='ocrx_word' id='word_1_461' title='bbox 862 4653 998 4715; x_wconf 79' lang='lat' dir='ltr'><strong>crucifixas</strong></span> <span class='ocrx_word' id='word_1_462' title='bbox 1016 4666 1044 4700; x_wconf 83' lang='lat' dir='ltr'><strong>es</strong></span> <span class='ocrx_word' id='word_1_463' title='bbox 1062 4668 1113 4715; x_wconf 87' lang='lat' dir='ltr'><strong>pra</strong></span> <span class='ocrx_word' id='word_1_464' title='bbox 1132 4650 1232 4708; x_wconf 82' lang='lat' dir='ltr'><strong>aodis¹‘,</strong></span> <span class='ocrx_word' id='word_1_465' title='bbox 1255 4651 1404 4712; x_wconf 76' lang='lat' dir='ltr'><strong>¹pravissima</strong></span> <span class='ocrx_word' id='word_1_466' title='bbox 1417 4652 1485 4700; x_wconf 84' lang='lat' dir='ltr'><strong>sedi·</strong></span> 
     </span>
     <span class='ocr_line' id='line_1_47' title="bbox 213 4732 1486 4802; baseline -0.001 -16"><span class='ocrx_word' id='word_1_467' title='bbox 213 4740 249 4787; x_wconf 89' lang='lat' dir='ltr'><strong>tio</strong></span> <span class='ocrx_word' id='word_1_468' title='bbox 267 4744 362 4787; x_wconf 80' lang='lat' dir='ltr'><strong>exerta</strong></span> <span class='ocrx_word' id='word_1_469' title='bbox 380 4745 431 4792; x_wconf 83' lang='lat' dir='ltr'><strong>est.</strong></span> <span class='ocrx_word' id='word_1_470' title='bbox 453 4739 562 4802; x_wconf 78' lang='lat' dir='ltr'><strong>perinde</strong></span> <span class='ocrx_word' id='word_1_471' title='bbox 585 4740 658 4802; x_wconf 74' lang='lat' dir='ltr'><strong>parisi</strong></span> <span class='ocrx_word' id='word_1_472' title='bbox 677 4738 823 4786; x_wconf 74' lang='lat' dir='ltr'><strong>Christiana</strong></span> <span class='ocrx_word' id='word_1_473' title='bbox 840 4739 929 4800; x_wconf 77' lang='lat' dir='ltr'><strong>relipie</strong></span> <span class='ocrx_word' id='word_1_474' title='bbox 949 4743 1113 4786; x_wconf 82' lang='lat' dir='ltr'><strong>everteretur.</strong></span> <span class='ocrx_word' id='word_1_475' title='bbox 1152 4732 1321 4785; x_wconf 78' lang='lat' dir='ltr'><strong>Deterrelntt</strong></span> <span class='ocrx_word' id='word_1_476' title='bbox 1337 4733 1486 4799; x_wconf 78' lang='lat' dir='ltr'><strong>practerea</strong></span> 
     </span>
     <span class='ocr_line' id='line_1_48' title="bbox 214 4816 1485 4887; baseline -0.002 -15"><span class='ocrx_word' id='word_1_477' title='bbox 214 4818 377 4872; x_wconf 86' lang='lat' dir='ltr'><strong>Dioscorurn</strong></span> <span class='ocrx_word' id='word_1_478' title='bbox 400 4819 507 4872; x_wconf 78' lang='lat' dir='ltr'><strong>novitas</strong></span> <span class='ocrx_word' id='word_1_479' title='bbox 529 4834 628 4872; x_wconf 84' lang='lat' dir='ltr'><strong>vocum</strong></span> <span class='ocrx_word' id='word_1_480' title='bbox 647 4834 679 4871; x_wconf 89' lang='lat' dir='ltr'><strong>eo</strong></span> <span class='ocrx_word' id='word_1_481' title='bbox 698 4821 836 4887; x_wconf 89' lang='lat' dir='ltr'><strong>tempore,</strong></span> <span class='ocrx_word' id='word_1_482' title='bbox 861 4835 915 4886; x_wconf 89' lang='lat' dir='ltr'><strong>quo</strong></span> <span class='ocrx_word' id='word_1_483' title='bbox 933 4817 1078 4882; x_wconf 88' lang='lat' dir='ltr'><strong>haeretiei,</strong></span> <span class='ocrx_word' id='word_1_484' title='bbox 1099 4816 1228 4870; x_wconf 82' lang='lat' dir='ltr'><strong>attidem</strong></span> <span class='ocrx_word' id='word_1_485' title='bbox 1248 4818 1407 4870; x_wconf 87' lang='lat' dir='ltr'><strong>everterent</strong></span> <span class='ocrx_word' id='word_1_486' title='bbox 1425 4818 1485 4870; x_wconf 89' lang='lat' dir='ltr'><strong>Cal-</strong></span> 
     </span>
     <span class='ocr_line' id='line_1_49' title="bbox 214 4901 1486 4972; baseline 0.001 -19"><span class='ocrx_word' id='word_1_487' title='bbox 214 4903 430 4970; x_wconf 79' lang='lat' dir='ltr'><strong>rlrcdenenscni,</strong></span> <span class='ocrx_word' id='word_1_488' title='bbox 452 4919 525 4956; x_wconf 84' lang='lat' dir='ltr'><strong>nova</strong></span> <span class='ocrx_word' id='word_1_489' title='bbox 547 4903 706 4972; x_wconf 81' lang='lat' dir='ltr'><strong>excogitare</strong></span> <span class='ocrx_word' id='word_1_490' title='bbox 728 4920 783 4957; x_wconf 91' lang='lat' dir='ltr'><strong>non</strong></span> <span class='ocrx_word' id='word_1_491' title='bbox 807 4902 985 4957; x_wconf 86' lang='lat' dir='ltr'><strong>desistebant.</strong></span> <span class='ocrx_word' id='word_1_492' title='bbox 1022 4903 1070 4955; x_wconf 91' lang='lat' dir='ltr'><strong>llis</strong></span> <span class='ocrx_word' id='word_1_493' title='bbox 1089 4901 1174 4956; x_wconf 86' lang='lat' dir='ltr'><strong>ctiam</strong></span> <span class='ocrx_word' id='word_1_494' title='bbox 1197 4902 1424 4970; x_wconf 86' lang='lat' dir='ltr'><strong>sutl&#39;ragabantur</strong></span> <span class='ocrx_word' id='word_1_495' title='bbox 1444 4901 1486 4956; x_wconf 91' lang='lat' dir='ltr'><strong>illi</strong></span> 
     </span>
    </p>
   </div>
   <div class='ocr_carea' id='block_1_4' title="bbox 0 0 1730 5678">
    <p class='ocr_par' dir='ltr' id='par_1_7' title="bbox 0 0 1730 5678">
     <span class='ocr_line' id='line_1_50' title="bbox 0 0 1730 5678; baseline 0 7"><span class='ocrx_word' id='word_1_496' title='bbox 0 0 1730 5678; x_wconf 95' lang='lat' dir='ltr'><strong> </strong></span> 
     </span>
    </p>
   </div>
  </div>
 </body>
</html>
