3412 5664
359 337 421 406 802
797 354 826 407 s.
841 354 1048 408 nosursass
1070 355 1184 406 ruris

249 511 504 575 a.517.cernenti
530 532 587 596 per
614 511 861 596 praedicationis
889 512 1109 577 assiduitatem
1135 511 1295 576 rationem
1316 530 1436 596 quoque
1460 512 1571 596 propositi

358 613 508 677 debemus
531 612 638 678 alieni.
676 613 815 700 Largam
837 613 1006 679 scientiam
1028 612 1120 679 decet
1141 635 1210 678 esse
1232 613 1408 678 doctorum.
1441 610 1571 678 Nonamt

357 715 436 781 fides
459 714 643 781 Christiana
665 719 836 800 secretum3
866 739 962 801 quam
984 716 1126 802 quisquis
1147 715 1216 802 in³)
1238 718 1413 801 augmenta
1432 735 1488 779 uon
1504 714 1572 779 edur-

357 818 420 901 dit,
449 816 627 882 abscondit.
677 816 740 882 Per
766 819 932 883 universas
959 820 1073 903 gentes
1105 816 1195 882 verbi
1227 815 1423 902 praedicatio
1447 815 1573 881 mandabi

358 920 525 1003 apostolis,
560 922 593 984 et
614 941 709 1004 quam
731 919 987 1007 excusabiliter⁴)
1014 918 1076 985 hoc
1102 920 1271 1006 quisquam
1298 921 1405 1004 potest
1430 917 1573 983 sibilacus

358 1022 556 1086 commissis?

440 1124 471 1188 2.
507 1121 590 1199 Quid
610 1124 739 1208 prodest
762 1123 892 1189 cuilibet
913 1128 1121 1210 paternarum
1147 1123 1362 1189 reverentiam
1383 1144 1495 1188 serrare
1510 1143 1572 1207 regu·

356 1227 475 1310 larum,
510 1227 537 1290 si
553 1226 688 1290 'concuti
710 1226 790 1291 haec
817 1227 858 1291 ab
881 1226 968 1311 aliis,
1002 1227 1030 1291 si
1057 1227 1127 1292 sine
1153 1226 1275 1292 honore
1300 1225 1434 1291 tractari
1456 1224 1574 1310 patienter

356 1328 518 1413 accipiat?
553 1327 720 1392 infirmum
742 1329 884 1393 ostendit
905 1329 1100 1415 affectum),
1123 1329 1179 1414 qui
1200 1329 1284 1414 quod
1299 1327 1406 1414 diligit
1419 1330 1572 1393 uenustas

355 1431 565 1496 Incursantur
586 1431 706 1514 passim
728 1434 841 1495 sancta
863 1454 883 1495 a
904 1431 1033 1516 perfidis
1056 1430 1246 1514 constituta,
1270 1433 1305 1495 et
1324 1429 1460 1495 rediviva
1477 1425 1575 1493 subinde

356 1532 395 1597 de
423 1532 611 1617 compressis
644 1536 678 1597 et
705 1533 886 1598 excessibus
918 1534 1059 1619 resurgit
1089 1532 1288 1618 improbitas.
1338 1528 1573 1608 Quemadmodum,

355 1655 451 1720 rogo,
474 1634 628 1719 pietatem
650 1634 686 1699 in
707 1633 810 1700 Deum
832 1635 963 1720 probat,
986 1634 1041 1720 qui
1063 1638 1130 1699 tam
1150 1634 1294 1699 nefanda
1315 1630 1504 1699 dissimulat?
1534 1628 1576 1693 lle

356 1735 532 1818 sordemus,
555 1758 618 1821 qua
641 1734 870 1801 catholicorum
891 1737 1073 1821 frequentia
1095 1735 1296 1801 sacerdotum
1318 1735 1385 1819 illa,
1411 1735 1510 1821 qm'bus
1525 1731 1576 1796 riti·

355 1861 441 1923 mur,
472 1838 632 1903 celebrata
654 1838 857 1903 didicerimus
879 1860 947 1903 csse
969 1839 1120 1922 concilia3
1148 1840 1286 1923 quantos
1314 1859 1374 1903 nec
1396 1836 1523 1902 debilitas
1537 1834 1577 1897 iu·

355 1940 491 2026 pedivit,
519 1962 580 2005 nec
602 1943 748 2005 senectus
770 1963 904 2006 onerosa
924 1941 1075 2005 tardavit.
1130 1939 1259 2025 Exigua
1280 1938 1350 2004 visa
1372 1942 1445 2004 suut
1462 1936 1577 2023 sputos·

354 2066 425 2108 rum
448 2042 619 2107 intervalla
640 2043 824 2127 regionum,
858 2047 891 2108 et
911 2043 1036 2108 labores
1062 2042 1125 2127 ipsi
1152 2063 1210 2127 pro
1237 2041 1378 2127 quadam
1404 2037 1578 2105 consolation

351 2145 502 2230 jucundi,
527 2145 602 2208 dum
617 2143 740 2229 Spiritu
761 2147 945 2210 sanctarum
968 2143 1256 2230 congregationum
1270 2146 1405 2228 regente
1418 2139 1578 2227 sapient'm,

355 2246 458 2334 seral)
482 2248 572 2310 aetas
595 2245 678 2330 quod
700 2250 842 2311 servaret
863 2246 1035 2331 acciperet.
1078 2245 1124 2310 Et
1149 2244 1229 2310 haec
1255 2244 1483 2310 insectantibus
1503 2238 1580 2325 inpiis

353 2352 429 2433 post
450 2348 636 2412 damnatam
655 2348 691 2411 in
712 2348 819 2413 radice
840 2348 1008 2432 perfidiam
1028 2350 1131 2432 tacet,
1158 2347 1212 2432 qui
1234 2347 1297 2413 scit
1318 2346 1381 2412 eibi
1402 2367 1468 2411 esse
1485 2340 1581 2411 narb

130 2461 132 2465 ’
203 2455 440 2524 lessuatum:
473 2455 589 2516 Erana
617 2471 718 2515 vocem
746 2461 843 2529 tuum,
878 2457 932 2530 qui
957 2457 1152 2529 manualiter
1180 2454 1370 2523 Jerusalem
1404 2454 1514 2525 esalto,
1538 2448 1584 2510 soli

354 2560 479 2618 timere!
521 2551 637 2617 Nonne
665 2550 746 2617 haec
768 2555 843 2616 ante
870 2551 978 2618 oculos
1004 2551 1143 2635 habens,
1177 2550 1371 2635 discipulum
1399 2551 1446 2616 ita
1473 2545 1582 2635 gentina

234 2664 237 2669 '
355 2656 465 2720 doctor
486 2654 645 2738 instituit,
672 2657 711 2718 ut
731 2656 910 2739 opportune
938 2655 1119 2738 importune
1126 2654 1153 2740 ⁷)
1176 2653 1401 2739 evangelizare
1420 2672 1484 2717 non
1501 2650 1582 2727 cenet

248 2748 341 2803 arim.
355 2757 545 2822 admonens:
569 2762 698 2821 Attanae
718 2762 775 2821 tior·
793 2768 823 2821 ee
844 2762 1013 2835 doctrinae,
1037 2764 1118 2821 insto
1139 2763 1172 2821 in
1191 2762 1269 2821 illis:
1290 2760 1348 2822 boa
1362 2762 1440 2821 euim
1449 2756 1585 2833 suma

264 2823 335 2884 ‘lm'
355 2866 481 2941 tapsum
502 2865 616 2924 salvam
634 2861 746 2937 socies,
772 2870 802 2923 et
821 2880 871 2924 eos
892 2866 946 2939 qai
964 2870 994 2923 te
1015 2856 1166 2923 audiant?

439 2962 471 3027 3.
508 2960 597 3045 Ergo
619 2959 670 3024 vel
690 2958 886 3045 propheticis
908 2958 1046 3024 stimulis
1068 2958 1201 3024 excitati
1221 2958 1274 3024 vel
1294 2959 1417 3024 normis
1430 2953 1586 3043 apostolius

354 3062 568 3128 institutionis
590 3061 758 3146 instructi,
783 3083 892 3126 curam
914 3060 1063 3125 salutaris
1084 3059 1336 3144 praedicationis
1350 3059 1506 3125 amamite.
1528 3054 1586 3121 ffli-

354 3164 423 3249 gite
446 3167 479 3229 et
499 3163 661 3227 mndioate
683 3163 860 3227 sententias
882 3163 1034 3248 probatas
1055 3162 1135 3248 piis,
1163 3161 1349 3227 infidelibus
1376 3161 1521 3227 inimicas
1555 3154 1587 3221 tt

355 3267 395 3330 ad
417 3270 552 3352 petram,
577 3286 673 3349 supra
695 3287 790 3349 quarn
812 3269 861 3330 est
882 3265 1019 3330 fundata
1032 3264 1189 3349 Ecclesia,
1212 3267 1423 3348 revertentes,
1446 3262 1521 3348 apud
1536 3258 1587 3325 ab

354 3390 426 3432 rum
448 3367 547 3432 etiam
568 3388 624 3430 vos
650 3370 780 3450 patrum
807 3367 954 3451 spiritus,
990 3389 1125 3452 quorum
1150 3366 1336 3431 veneranda
1364 3366 1526 3433 constitit·
1546 3362 1588 3425 ire

355 3470 454 3555 probe
467 3468 717 3552 labefactantur,
734 3468 889 3533 absolvite
896 3468 940 3555 ⁸):
963 3469 1181 3554 aestimantes,
1204 3489 1303 3553 quum
1317 3467 1473 3533 Dominus
1485 3465 1521 3531 sd
1531 3460 1588 3529 illud

425 3728 445 3795 ³)
463 3725 531 3779 beo
547 3730 574 3779 in
592 3745 655 3779 arere
677 3735 772 3779 lantum
793 3730 914 3794 effandu,
937 3729 965 3779 a¹
984 3729 1097 3795 quisquo
1117 3730 1144 3778 in
1165 3734 1299 3793 magmenta
1320 3728 1439 3795 effendit,
1459 3720 1491 3777 ss·
1505 3720 1591 3791 μῌί

356 3817 381 3865 ia
400 3821 533 3880 augmenta
551 3831 583 3865 ea
600 3816 702 3879 effudit.
737 3808 792 3864 Pro
811 3825 877 3865 voce
895 3830 927 3864 eo
943 3808 1111 3880 particulam
1127 3810 1279 3879 negantem
1292 3806 1478 3873 tandm,
1492 3800 1590 3860 ἁκεῖ-

356 3913 423 3963 rem,
441 3897 474 3951 ut
490 3894 572 3950 nobis
589 3893 707 3961 videtur,
726 3893 888 3949 exhibemus
904 3893 1060 3955 lectionem.
1080 3910 1137 3962 qua
1152 3892 1183 3946 in
1193 3891 1376 3947 similitudine
1392 3890 1489 3947 telesti
1501 3888 1592 3961 proph

355 3983 538 4134 auglllebtucnd
556 3978 1010 4126 dtddbtdsdldlzeedelldudommissma.
1038 4066 1066 4119 8¹
1089 4067 1274 4119 exmabdr'ter
1355 4057 1481 4120 msa.
1517 4054 1592 4113 Μ’

356 4150 390 4205 G*
409 4155 557 4213 commum,
575 4148 707 4204 nimirum
724 4148 854 4219 gentibus
867 4166 916 4204 seu
926 4148 1050 4221 populis,
1067 4148 1121 4203 hoc
1139 4150 1194 4203 est:
1212 4142 1592 4215 quaereunamuspnss

355 4236 404 4304 qui
420 4234 489 4289 illud
506 4235 583 4289 tacet
599 4233 728 4304 plebibus
744 4233 798 4289 sibi
816 4233 987 4290 commissis?

422 4322 443 4388 ⁵)
463 4319 495 4374 G'
509 4322 536 4373 a¹
555 4325 683 4389 effectam,
702 4318 777 4388 quod
794 4322 870 4375 recte
888 4320 954 4374 bec
971 4317 1161 4375 emendarunt.

421 4407 442 4472 ⁸)
461 4403 496 4457 Gt
514 4424 590 4472 sara,
608 4404 627 4458 b
646 4405 682 4459 ad
699 4422 788 4475 marg.
806 4425 891 4460 sacra
919 4403 950 4458 Id
967 4420 1052 4475 porro
1069 4402 1111 4459 ibi
1122 4406 1166 4459 est
1180 4422 1244 4459 sera
1256 4414 1339 4467 aetas,
1357 4400 1435 4474 quod
1447 4406 1594 4472 [modu

354 4505 402 4543 ⁸⁰¹¹
418 4500 682 4644 gszeffinopmum
699 4576 718 4630 b
732 4593 767 4630 cc
785 4575 924 4630 omittunt.

422 4663 442 4727 ¹⁵)
461 4659 492 4712 H
506 4676 529 4713 e.
547 4660 682 4715 absolvite
700 4678 733 4715 ac
754 4662 875 4731 purgate
892 4675 941 4715 vos
964 4658 1039 4730 apud
1060 4658 1173 4731 spiritus
1196 4676 1307 4724 eorum,
1328 4658 1380 4731 qui
1397 4652 1599 4717 edelstani

355 4743 463 4799 concilii
481 4744 594 4800 decreta
611 4747 769 4800 sanxerunt.
805 4745 860 4800 Ubi
878 4746 1022 4814 eleganter
1038 4745 1168 4800 enuntat
1177 4744 1329 4801 Hormisda
1340 4760 1405 4814 eos,
1424 4746 1471 4817 qui
1482 4738 1602 4815 qwdnt'fl

355 4831 506 4885 constituta
529 4831 702 4885 labefactant
723 4837 771 4884 aut
793 4830 958 4885 labefactari
979 4829 1083 4893 sinant,
1107 4847 1125 4884 a
1147 4828 1294 4899 spiritibus
1315 4846 1417 4887 eorum
1438 4830 1519 4903 ligari
1536 4830 1603 4897 anu

355 4914 494 4982 damnari,
513 4915 559 4983 qui
578 4916 627 4970 illa
644 4906 834 4971 condiderumt.
