3412 5664
587 322 781 372 aersroma
805 313 909 371 6-8.
1323 312 1385 376 247

104 475 235 541 Romae
257 475 442 560 subscripsi.
487 474 573 541 Data
595 475 797 543 VOalendas
818 477 982 562 Augustas
1004 477 1166 543 Venantio
1189 480 1257 543 viro
1280 481 1387 546 claris·
1400 496 1494 545 ausi.

101 578 193 643 simo
205 577 347 644 conside.
376 578 877 663 Simulqae²²)septaaoinra
897 592 1036 660 septem
1058 587 1229 662 episcopi
1249 589 1387 663 absque

98 702 214 763 papo
235 687 561 762 subscripserunt.

635 884 817 987 epistola
843 885 864 967 7

728 1037 775 1074 seu

10 1150 92 1215 pn.
184 1134 351 1192 Edictum
373 1133 562 1190 sententiae
584 1132 709 1188 Felicis
730 1146 838 1200 papae
859 1136 999 1201 propter
1021 1135 1140 1191 Aeacii
1161 1134 1314 1204 episcopi
1401 1119 1523 1240 mlii·

421 1234 791 1303 conmancinopoutani
813 1236 1074 1293 damnationem.
1494 1231 1499 1240 ‘

195 1398 345 1482 Aeacius,
374 1399 428 1483 qui
455 1397 593 1465 secundo
621 1421 641 1461 a
669 1398 761 1463 nobis
791 1398 972 1463 admonitus
994 1401 1186 1464 statutorum
1208 1401 1383 1466 salubrium

103 1523 177 1567 non
198 1500 326 1566 destitit
347 1522 417 1565 esse
439 1503 650 1585 contemptor,
674 1522 788 1584 meque
810 1501 845 1565 in
867 1501 945 1566 meis
964 1501 1098 1565 credidit
1113 1504 1380 1588 carcerizandum,

99 1606 194 1669 hunc
221 1602 310 1668 Deus
336 1602 470 1668 coelitus
498 1602 625 1686 prolata
651 1603 813 1667 sententia
840 1603 879 1667 de
907 1604 1084 1668 sacerdotio
1110 1605 1188 1669 feeit
1210 1609 1395 1671 extorrem)

102 1704 200 1791 Engo
221 1707 249 1770 si
270 1705 342 1790 quis
364 1702 541 1789 episcopus,
565 1705 708 1787 clericae,
733 1704 918 1788 monachus,
942 1706 1043 1770 laicus
1065 1711 1139 1790 post
1160 1707 1245 1772 hauc
1260 1709 1380 1774 denun-

100 1808 278 1873 tiationem
306 1806 408 1872 eidem
430 1806 727 1890 communicaverit,
758 1806 929 1872 anathema
952 1807 1011 1891 sit,
1044 1813 1156 1873 sancto
1179 1810 1301 1894 Spiritu
1328 1833 1379 1876 ex-

99 1911 281 1995 sequente!

624 2113 806 2217 Epistola
833 2114 866 2197 8.

1388 2257 1413 2294 a.
1427 2247 1476 2295 484
1490 2241 1516 2295 d.

331 2266 465 2334 Felicis
486 2283 597 2350 papae
619 2265 664 2332 ad
687 2267 862 2334 Zenonem
884 2267 1154 2376 imperatorem.
1397 2315 1409 2361 1
1419 2311 1490 2378 Aug.

10 2412 81 2479 pfl.
130 2409 216 2459 Petri
230 2408 406 2459 Alexandrini
422 2408 562 2473 Acueiique
580 2409 686 2457 crimina
702 2407 813 2458 breuiter
823 2410 1010 2473 perstrinpens,
1029 2415 1054 2458 el
1067 2410 1132 2458 idum
1144 2411 1226 2460 denuo
1239 2412 1342 2461 dorono-

133 2503 189 2544 ua
205 2501 234 2543 et
251 2492 315 2543 dano
331 2508 348 2543 a
365 2492 534 2543 comunione
552 2499 577 2543 ei
595 2494 718 2558 dipsitote
736 2495 879 2557 apostolica
897 2495 1032 2543 disoretam
1050 2509 1106 2544 esse
1123 2496 1199 2545 docet
1211 2493 1245 2558 (n.
1258 2496 1342 2560 1-4).

132 2578 240 2641 Monet,
259 2583 285 2628 at
297 2576 439 2629 Ecclesiam
450 2578 599 2628 catholicam
615 2579 668 2628 suis
686 2582 724 2627 ati
739 2577 834 2641 lepidus
852 2585 877 2628 ei
894 2579 1012 2629 libertale
1025 2580 1247 2643 imperatoremm
1260 2580 1294 2643 (a.
1306 2579 1341 2641 ὁ).

258 2708 369 2776 Felix
391 2708 541 2776 Zenoni
565 2711 754 2796 Augusto.

190 2833 220 2897 l.
258 2828 416 2907 Quoniam
437 2830 541 2915 pietas
563 2833 630 2913 tua,
657 2830 733 2895 lieet
754 2832 932 2914 profusiore
954 2831 1075 2916 pagina
1098 2832 1139 2895 ad
1160 2853 1232 2895 mea
1254 2833 1375 2916 scripta

91 2932 317 3021 responderit,
349 2932 415 2997 suis
444 2933 573 2998 auribus
595 2933 781 3018 diligentius
808 2933 992 2997 intimatam
1010 2937 1141 3009 fastidio
1162 2938 1286 3012 dionem
1309 2956 1374 2997 cre-

88 3037 182 3103 didit
209 3035 397 3121 veritatem,
428 3035 603 3100 curandum
629 3034 708 3098 milri
735 3035 808 3118 fuit,
842 3039 878 3099 ut
906 3035 1056 3118 breviter,
1085 3056 1166 3119 quae
1188 3056 1254 3098 non
1277 3035 1373 3100 vrrltis

86 3138 198 3207 latius
218 3136 389 3224 publicari,
413 3137 545 3203 definita
569 3118 800 3203 concluderem.
838 3137 951 3223 Itaque
973 3137 1176 3202 officiositate
1198 3139 1374 3221 praemissa

85 3244 215 3311 timere
244 3262 297 3307 me
322 3240 428 3307 fateor
454 3262 555 3327 regno
582 3243 688 3305 vestro
714 3240 837 3325 pariter
864 3243 897 3305 et
924 3239 1030 3304 saluti.
1071 3234 1239 3325 'Siquidem
1261 3246 1374 3306 eontra

82 3328 479 3412 divinam'reverentiam
500 3344 697 3428 probabitur,
720 3346 757 3407 ut
778 3343 865 3408 beati
888 3343 1024 3426 apostoli
1038 3342 1127 3407 Petri
1150 3343 1271 3409 directa
1286 3345 1372 3429 lega·

81 3450 149 3531 tio,
184 3447 272 3511 mont
298 3445 367 3530 ejus
396 3445 554 3511 confessio
579 3446 743 3530 patefecit,
773 3450 936 3530 tamquam
963 3446 998 3510 in
1028 3445 1215 3530 captivitate
1242 3447 1372 3511 redacta

79 3552 277 3631 teneretur,
305 3551 338 3612 et
359 3546 490 3630 chartis,
517 3568 595 3633 quas
617 3547 794 3631 bajulabat,
818 3548 974 3612 violenter
997 3548 1112 3611 ablatis
1136 3547 1174 3610 ad
1198 3552 1371 3613 communi-

79 3650 240 3720 candum
259 3648 440 3733 haereticis,
463 3648 525 3714 hoc
547 3652 596 3713 est
618 3650 831 3733 apocrisiariis
847 3650 1058 3714 Alexandrini
1081 3649 1179 3734 Petri,
1205 3650 1372 3716 adversum

77 3776 192 3844 quem
214 3754 310 3837 ierat,
332 3752 372 3817 de
395 3752 537 3818 custodia
559 3753 602 3817 sit
623 3751 787 3838 producta.
823 3750 1025 3838 Quapropter
1046 3751 1220 3838 vitalem)
1243 3754 1371 3838 quidem

77 3864 119 3927 et
146 3854 327 3938 Misenum
356 3876 412 3920 cur
440 3855 489 3920 vel
516 3854 644 3939 impulsi
667 3854 707 3918 ad
729 3854 792 3919 ista
816 3854 1052 3936 consenserint,
1080 3853 1200 3920 honore
1222 3856 1316 3920 simul
1339 3862 1371 3922 et

77 3957 325 4028 communione
351 3956 527 4042 apostolica
551 3978 684 4021 censura
711 3956 858 4040 privavit.
905 3955 968 4021 Sed
991 3979 1089 4041 quum
1111 3957 1194 4043 apud
1218 3958 1370 4023 barbaras

75 4062 197 4129 etism
226 4059 375 4125 nationes
402 4063 497 4145 atque
525 4059 625 4143 ipsius
647 4057 786 4123 Deitatis
809 4058 939 4143 ignaras
961 4080 1019 4142 pro
1042 4060 1250 4144 exsequendis
1273 4083 1369 4147 nego-

75 4166 143 4231 tiis
178 4160 234 4227 rel
258 4159 407 4226 humanis
431 4162 505 4245 jure
532 4161 677 4247 gentium
698 4160 870 4246 legationis
896 4160 1066 4244 cujuslibet
1086 4161 1243 4227 habeatur
1265 4185 1368 4227 sacro-

75 4268 214 4333 sancta
240 4262 389 4347 libertas,
422 4267 535 4329 notum
562 4267 611 4328 est
638 4263 795 4345 omnibus,
828 4265 947 4347 quanto
974 4263 1079 4349 magis
1108 4265 1148 4328 ab
1176 4265 1368 4349 imperatore

75 4370 307 4436 Romanoa
327 4364 509 4432 Christiano
538 4366 693 4450 principe,
723 4367 757 4429 in
784 4365 878 4429 rebus
906 4366 1095 4449 praesertim
1123 4367 1250 4449 divinis,
1277 4387 1367 4449 opor-

73 4469 196 4539 tuerit
219 4468 443 4533 interneratam
465 4467 595 4533 servari.

1208 4577 1228 4611 θ

161 4728 196 4781 ”i
216 4723 262 4779 lta
278 4724 313 4778 Β·
325 4722 457 4781 D⁸D⁵D⁸
468 4724 506 4779 D⁷
517 4724 554 4778 Dr
566 4725 594 4778 d'
609 4724 650 4789 d²3
669 4725 705 4779 N⁸3
721 4724 744 4779 O
758 4741 773 4779 c
785 4742 800 4778 c
811 4727 840 4778 a³
856 4730 928 4780 simul
944 4732 1082 4795 senapinta
1098 4736 1203 4793 septem.
1240 4724 1272 4779 In
1288 4724 1320 4778 ΕΙ
1334 4725 1368 4779 E²

77 4814 118 4869 1⁸²
133 4810 179 4866 fl*
191 4810 204 4864 1
217 4808 240 4863 i‘
256 4812 319 4865 tota
334 4809 499 4882 subscriptio
518 4814 618 4865 Caeliae
636 4815 712 4864 Felie
730 4813 782 4864 etc.
802 4810 888 4866 deest.

164 4900 185 4955 ¹3·
205 4893 283 4950 Haec
299 4896 329 4951 et
344 4894 490 4966 sequentia
506 4896 593 4952 verba
609 4895 739 4950 Nicolaus
757 4895 769 4949 l
788 4895 868 4951 edist.
888 4902 905 4951 9
922 4895 959 4951 ad
976 4896 1140 4952 Michaclem
1157 4895 1223 4967 imp.
1242 4896 1347 4954 laudat.
1381 4900 1438 4970 [ηδ]
