<?xml version="1.0" encoding="UTF-8"?>
<!DOCTYPE html PUBLIC "-//W3C//DTD XHTML 1.0 Transitional//EN"
    "http://www.w3.org/TR/xhtml1/DTD/xhtml1-transitional.dtd">
<html xmlns="http://www.w3.org/1999/xhtml" xml:lang="en" lang="en">
 <head>
  <title>
</title>
<meta http-equiv="Content-Type" content="text/html;charset=utf-8" />
  <meta name='ocr-system' content='tesseract 3.04.00' />
  <meta name='ocr-capabilities' content='ocr_page ocr_carea ocr_par ocr_line ocrx_word'/>
</head>
<body>
  <div class='ocr_page' id='page_1' title='image "./epistolaeromano00cousgoog/epistolaeromano00cousgoog_0813.png"; bbox 0 0 3450 5678; ppageno 0'>
   <div class='ocr_carea' id='block_1_1' title="bbox 247 336 1076 402">
    <p class='ocr_par' dir='ltr' id='par_1_1' title="bbox 247 336 1076 402">
     <span class='ocr_line' id='line_1_1' title="bbox 247 336 1076 402; baseline -0.008 0"><span class='ocrx_word' id='word_1_1' title='bbox 247 336 309 402; x_wconf 74' lang='lat' dir='ltr'>tta</span> <span class='ocrx_word' id='word_1_2' title='bbox 688 350 714 396; x_wconf 80' lang='lat' dir='ltr'>s</span> <span class='ocrx_word' id='word_1_3' title='bbox 732 347 939 397; x_wconf 78' lang='lat' dir='ltr'>nonnrsnna</span> <span class='ocrx_word' id='word_1_4' title='bbox 961 347 1076 395; x_wconf 74' lang='lat' dir='ltr'>earne</span> 
     </span>
    </p>
   </div>
   <div class='ocr_carea' id='block_1_2' title="bbox 115 500 1528 1913">
    <p class='ocr_par' dir='ltr' id='par_1_2' title="bbox 115 500 1528 1913">
     <span class='ocr_line' id='line_1_2' title="bbox 115 500 1527 588; baseline -0.002 -18"><span class='ocrx_word' id='word_1_5' title='bbox 115 517 232 584; x_wconf 66' lang='lat' dir='ltr'>(asts.)</span> <span class='ocrx_word' id='word_1_6' title='bbox 330 507 360 569; x_wconf 87' lang='lat'>3.</span> <span class='ocrx_word' id='word_1_7' title='bbox 398 504 490 588; x_wconf 85' lang='lat' dir='ltr'>Rogo</span> <span class='ocrx_word' id='word_1_8' title='bbox 513 506 629 585; x_wconf 89' lang='lat' dir='ltr'>autem,</span> <span class='ocrx_word' id='word_1_9' title='bbox 653 503 779 585; x_wconf 88' lang='lat' dir='ltr'><strong>plenius</strong></span> <span class='ocrx_word' id='word_1_10' title='bbox 802 504 897 586; x_wconf 86' lang='lat' dir='ltr'>atque</span> <span class='ocrx_word' id='word_1_11' title='bbox 919 500 1103 586; x_wconf 83' lang='lat' dir='ltr'>perfectius,</span> <span class='ocrx_word' id='word_1_12' title='bbox 1133 522 1215 585; x_wconf 88' lang='lat' dir='ltr'>quae</span> <span class='ocrx_word' id='word_1_13' title='bbox 1237 501 1358 565; x_wconf 85' lang='lat' dir='ltr'>servari</span> <span class='ocrx_word' id='word_1_14' title='bbox 1381 505 1527 587; x_wconf 82' lang='lat' dir='ltr'>oportet,</span> 
     </span>
     <span class='ocr_line' id='line_1_3' title="bbox 247 603 1528 688; baseline -0.002 -17"><span class='ocrx_word' id='word_1_15' title='bbox 247 609 460 688; x_wconf 87' lang='lat' dir='ltr'>commonete,</span> <span class='ocrx_word' id='word_1_16' title='bbox 490 609 522 670; x_wconf 89' lang='lat' dir='ltr'>et</span> <span class='ocrx_word' id='word_1_17' title='bbox 543 605 658 688; x_wconf 90' lang='lat' dir='ltr'>quibus</span> <span class='ocrx_word' id='word_1_18' title='bbox 681 604 844 669; x_wconf 88' lang='lat' dir='ltr'>abstinere</span> <span class='ocrx_word' id='word_1_19' title='bbox 867 604 1016 686; x_wconf 78' lang='lat' dir='ltr'><strong>debeam,</strong></span> <span class='ocrx_word' id='word_1_20' title='bbox 1046 603 1162 667; x_wconf 83' lang='lat' dir='ltr'>restris</span> <span class='ocrx_word' id='word_1_21' title='bbox 1192 603 1379 669; x_wconf 70' lang='lat' dir='ltr'>custodibus</span> <span class='ocrx_word' id='word_1_22' title='bbox 1403 604 1528 669; x_wconf 86' lang='lat' dir='ltr'>litteris</span> 
     </span>
     <span class='ocr_line' id='line_1_4' title="bbox 224 679 1528 791; baseline -0.001 -19"><span class='ocrx_word' id='word_1_23' title='bbox 224 679 408 772; x_wconf 50' lang='lat' dir='ltr'>⁸intimate:</span> <span class='ocrx_word' id='word_1_24' title='bbox 439 710 475 771; x_wconf 89' lang='lat' dir='ltr'>ut</span> <span class='ocrx_word' id='word_1_25' title='bbox 497 708 524 770; x_wconf 91' lang='lat' dir='ltr'>si</span> <span class='ocrx_word' id='word_1_26' title='bbox 545 706 693 771; x_wconf 77' lang='lat' dir='ltr'>fortassis</span> <span class='ocrx_word' id='word_1_27' title='bbox 722 706 827 771; x_wconf 86' lang='lat' dir='ltr'>adhuc</span> <span class='ocrx_word' id='word_1_28' title='bbox 854 707 1085 771; x_wconf 74' lang='lat' dir='ltr'>inexercitatus</span> <span class='ocrx_word' id='word_1_29' title='bbox 1113 705 1217 769; x_wconf 90' lang='lat' dir='ltr'>ordini</span> <span class='ocrx_word' id='word_1_30' title='bbox 1247 705 1383 791; x_wconf 86' lang='lat' dir='ltr'>deputor</span> <span class='ocrx_word' id='word_1_31' title='bbox 1413 706 1528 771; x_wconf 76' lang='lat' dir='ltr'>lectio</span> 
     </span>
     <span class='ocr_line' id='line_1_5' title="bbox 245 808 1528 894; baseline -0.001 -21"><span class='ocrx_word' id='word_1_32' title='bbox 245 832 333 892; x_wconf 89' lang='lat' dir='ltr'>num,</span> <span class='ocrx_word' id='word_1_33' title='bbox 362 831 418 874; x_wconf 91' lang='lat' dir='ltr'>seu</span> <span class='ocrx_word' id='word_1_34' title='bbox 440 809 506 873; x_wconf 86' lang='lat' dir='ltr'>dixi</span> <span class='ocrx_word' id='word_1_35' title='bbox 529 809 595 873; x_wconf 88' lang='lat' dir='ltr'>sive</span> <span class='ocrx_word' id='word_1_36' title='bbox 617 810 670 894; x_wconf 87' lang='lat' dir='ltr'>egi</span> <span class='ocrx_word' id='word_1_37' title='bbox 693 808 876 892; x_wconf 83' lang='lat' dir='ltr'>apostolicis</span> <span class='ocrx_word' id='word_1_38' title='bbox 899 808 1054 872; x_wconf 81' lang='lat' dir='ltr'>doctrinis</span> <span class='ocrx_word' id='word_1_39' title='bbox 1078 808 1191 872; x_wconf 88' lang='lat' dir='ltr'>vestris</span> <span class='ocrx_word' id='word_1_40' title='bbox 1213 808 1445 892; x_wconf 86' lang='lat' dir='ltr'>incongruum,</span> <span class='ocrx_word' id='word_1_41' title='bbox 1475 831 1528 872; x_wconf 73' lang='lat' dir='ltr'>re</span> 
     </span>
     <span class='ocr_line' id='line_1_6' title="bbox 245 909 1526 994; baseline 0 -19"><span class='ocrx_word' id='word_1_42' title='bbox 245 912 321 975; x_wconf 87' lang='lat' dir='ltr'>stris</span> <span class='ocrx_word' id='word_1_43' title='bbox 347 911 489 975; x_wconf 88' lang='lat' dir='ltr'>imbutus</span> <span class='ocrx_word' id='word_1_44' title='bbox 518 911 717 975; x_wconf 85' lang='lat' dir='ltr'>sermonibus</span> <span class='ocrx_word' id='word_1_45' title='bbox 751 911 869 994; x_wconf 89' lang='lat' dir='ltr'>possim</span> <span class='ocrx_word' id='word_1_46' title='bbox 903 910 1136 975; x_wconf 89' lang='lat' dir='ltr'>haereticorum</span> <span class='ocrx_word' id='word_1_47' title='bbox 1165 909 1320 973; x_wconf 89' lang='lat' dir='ltr'>obsistere</span> <span class='ocrx_word' id='word_1_48' title='bbox 1349 909 1526 975; x_wconf 88' lang='lat' dir='ltr'>machinis.</span> 
     </span>
     <span class='ocr_line' id='line_1_7' title="bbox 245 1012 1527 1096; baseline 0 -20"><span class='ocrx_word' id='word_1_49' title='bbox 245 1012 317 1076; x_wconf 87' lang='lat' dir='ltr'>Hoc</span> <span class='ocrx_word' id='word_1_50' title='bbox 344 1013 431 1076; x_wconf 92' lang='lat' dir='ltr'>enim</span> <span class='ocrx_word' id='word_1_51' title='bbox 456 1013 629 1096; x_wconf 82' lang='lat' dir='ltr'>facientes,</span> <span class='ocrx_word' id='word_1_52' title='bbox 660 1013 871 1094; x_wconf 82' lang='lat' dir='ltr'>sanctissimi,</span> <span class='ocrx_word' id='word_1_53' title='bbox 901 1013 1056 1077; x_wconf 88' lang='lat' dir='ltr'>firmiores</span> <span class='ocrx_word' id='word_1_54' title='bbox 1086 1016 1215 1077; x_wconf 88' lang='lat' dir='ltr'>nostrae</span> <span class='ocrx_word' id='word_1_55' title='bbox 1244 1016 1379 1076; x_wconf 87' lang='lat' dir='ltr'>sanctae</span> <span class='ocrx_word' id='word_1_56' title='bbox 1408 1013 1527 1096; x_wconf 76' lang='lat' dir='ltr'>synodi</span> 
     </span>
     <span class='ocr_line' id='line_1_8' title="bbox 246 1114 1527 1198; baseline 0.001 -21"><span class='ocrx_word' id='word_1_57' title='bbox 246 1114 415 1178; x_wconf 88' lang='lat' dir='ltr'>invenietis</span> <span class='ocrx_word' id='word_1_58' title='bbox 438 1116 614 1198; x_wconf 82' lang='lat' dir='ltr'>episcopeo,</span> <span class='ocrx_word' id='word_1_59' title='bbox 639 1115 850 1179; x_wconf 82' lang='lat' dir='ltr'>othonorum</span> <span class='ocrx_word' id='word_1_60' title='bbox 874 1118 1004 1178; x_wconf 87' lang='lat' dir='ltr'>actuum</span> <span class='ocrx_word' id='word_1_61' title='bbox 1027 1115 1147 1178; x_wconf 88' lang='lat' dir='ltr'>clerum</span> <span class='ocrx_word' id='word_1_62' title='bbox 1169 1136 1207 1179; x_wconf 87' lang='lat' dir='ltr'>ac</span> <span class='ocrx_word' id='word_1_63' title='bbox 1229 1114 1383 1198; x_wconf 90' lang='lat' dir='ltr'>populum</span> <span class='ocrx_word' id='word_1_64' title='bbox 1408 1115 1527 1179; x_wconf 89' lang='lat' dir='ltr'>confir·</span> 
     </span>
     <span class='ocr_line' id='line_1_9' title="bbox 244 1214 1527 1301; baseline 0.002 -22"><span class='ocrx_word' id='word_1_65' title='bbox 244 1216 385 1298; x_wconf 90' lang='lat' dir='ltr'>mabitis,</span> <span class='ocrx_word' id='word_1_66' title='bbox 408 1220 572 1301; x_wconf 81' lang='lat' dir='ltr'>tamquam</span> <span class='ocrx_word' id='word_1_67' title='bbox 594 1216 787 1280; x_wconf 84' lang='lat' dir='ltr'>familiarem</span> <span class='ocrx_word' id='word_1_68' title='bbox 809 1216 899 1280; x_wconf 86' lang='lat' dir='ltr'>vobis</span> <span class='ocrx_word' id='word_1_69' title='bbox 922 1216 1093 1281; x_wconf 87' lang='lat' dir='ltr'>reddentes</span> <span class='ocrx_word' id='word_1_70' title='bbox 1115 1218 1263 1280; x_wconf 86' lang='lat' dir='ltr'>sanctam</span> <span class='ocrx_word' id='word_1_71' title='bbox 1278 1214 1527 1301; x_wconf 66' lang='lat' dir='ltr'>Nicopolitana</span> 
     </span>
     <span class='ocr_line' id='line_1_10' title="bbox 245 1316 1527 1383; baseline 0.001 -1"><span class='ocrx_word' id='word_1_72' title='bbox 245 1318 315 1382; x_wconf 83' lang='lat' dir='ltr'>ru&#39;m</span> <span class='ocrx_word' id='word_1_73' title='bbox 338 1317 516 1382; x_wconf 90' lang='lat' dir='ltr'>ecclesiam.</span> <span class='ocrx_word' id='word_1_74' title='bbox 549 1316 776 1382; x_wconf 88' lang='lat' dir='ltr'>Venerabilem</span> <span class='ocrx_word' id='word_1_75' title='bbox 799 1339 874 1381; x_wconf 87' lang='lat' dir='ltr'>voro</span> <span class='ocrx_word' id='word_1_76' title='bbox 897 1318 1066 1382; x_wconf 86' lang='lat' dir='ltr'>diaconum</span> <span class='ocrx_word' id='word_1_77' title='bbox 1083 1317 1235 1382; x_wconf 87' lang='lat' dir='ltr'>Rufinum</span> <span class='ocrx_word' id='word_1_78' title='bbox 1258 1318 1298 1380; x_wconf 89' lang='lat' dir='ltr'>ad</span> <span class='ocrx_word' id='word_1_79' title='bbox 1320 1321 1388 1381; x_wconf 88' lang='lat' dir='ltr'>tam</span> <span class='ocrx_word' id='word_1_80' title='bbox 1414 1341 1527 1383; x_wconf 85' lang='lat' dir='ltr'>neces·</span> 
     </span>
     <span class='ocr_line' id='line_1_11' title="bbox 245 1419 1528 1504; baseline 0.001 -20"><span class='ocrx_word' id='word_1_81' title='bbox 245 1421 363 1484; x_wconf 88' lang='lat' dir='ltr'>sariam</span> <span class='ocrx_word' id='word_1_82' title='bbox 387 1441 516 1484; x_wconf 89' lang='lat' dir='ltr'>causam</span> <span class='ocrx_word' id='word_1_83' title='bbox 538 1419 696 1484; x_wconf 89' lang='lat' dir='ltr'>directum</span> <span class='ocrx_word' id='word_1_84' title='bbox 718 1421 868 1504; x_wconf 88' lang='lat' dir='ltr'>pacifice,</span> <span class='ocrx_word' id='word_1_85' title='bbox 893 1420 978 1484; x_wconf 89' lang='lat' dir='ltr'>sicut</span> <span class='ocrx_word' id='word_1_86' title='bbox 999 1442 1055 1484; x_wconf 86' lang='lat' dir='ltr'>vos</span> <span class='ocrx_word' id='word_1_87' title='bbox 1078 1420 1186 1502; x_wconf 90' lang='lat' dir='ltr'>decet,</span> <span class='ocrx_word' id='word_1_88' title='bbox 1216 1420 1322 1504; x_wconf 83' lang='lat' dir='ltr'>rogati</span> <span class='ocrx_word' id='word_1_89' title='bbox 1351 1421 1528 1504; x_wconf 78' lang='lat' dir='ltr'>suscipite3</span> 
     </span>
     <span class='ocr_line' id='line_1_12' title="bbox 245 1522 1528 1608; baseline -0.001 -20"><span class='ocrx_word' id='word_1_90' title='bbox 245 1527 277 1588; x_wconf 87' lang='lat' dir='ltr'>et</span> <span class='ocrx_word' id='word_1_91' title='bbox 299 1522 448 1587; x_wconf 88' lang='lat' dir='ltr'>fiduciam</span> <span class='ocrx_word' id='word_1_92' title='bbox 469 1522 658 1604; x_wconf 85' lang='lat' dir='ltr'>tribuentes,</span> <span class='ocrx_word' id='word_1_93' title='bbox 684 1523 819 1586; x_wconf 88' lang='lat' dir='ltr'>celerem</span> <span class='ocrx_word' id='word_1_94' title='bbox 834 1522 902 1605; x_wconf 87' lang='lat' dir='ltr'>ejus</span> <span class='ocrx_word' id='word_1_95' title='bbox 918 1543 1081 1586; x_wconf 83' lang='lat' dir='ltr'>recursum</span> <span class='ocrx_word' id='word_1_96' title='bbox 1097 1522 1137 1586; x_wconf 87' lang='lat' dir='ltr'>ad</span> <span class='ocrx_word' id='word_1_97' title='bbox 1152 1544 1211 1586; x_wconf 91' lang='lat' dir='ltr'>nos</span> <span class='ocrx_word' id='word_1_98' title='bbox 1226 1527 1393 1607; x_wconf 88' lang='lat' dir='ltr'>praestare</span> <span class='ocrx_word' id='word_1_99' title='bbox 1410 1523 1528 1608; x_wconf 75' lang='lat' dir='ltr'>digne-</span> 
     </span>
     <span class='ocr_line' id='line_1_13' title="bbox 244 1623 1527 1709; baseline 0 -21"><span class='ocrx_word' id='word_1_100' title='bbox 244 1624 339 1706; x_wconf 85' lang='lat' dir='ltr'>mini,</span> <span class='ocrx_word' id='word_1_101' title='bbox 370 1626 553 1706; x_wconf 88' lang='lat' dir='ltr'>portantem</span> <span class='ocrx_word' id='word_1_102' title='bbox 582 1624 761 1707; x_wconf 87' lang='lat' dir='ltr'>spiritualia</span> <span class='ocrx_word' id='word_1_103' title='bbox 790 1627 886 1707; x_wconf 87' lang='lat' dir='ltr'>atque</span> <span class='ocrx_word' id='word_1_104' title='bbox 914 1623 1091 1708; x_wconf 88' lang='lat' dir='ltr'>apostolica</span> <span class='ocrx_word' id='word_1_105' title='bbox 1114 1625 1299 1688; x_wconf 89' lang='lat' dir='ltr'>constituta.</span> <span class='ocrx_word' id='word_1_106' title='bbox 1346 1623 1527 1709; x_wconf 65' lang='lat' dir='ltr'>timctass)</span> 
     </span>
     <span class='ocr_line' id='line_1_14' title="bbox 244 1725 1527 1809; baseline 0.001 -19"><span class='ocrx_word' id='word_1_107' title='bbox 244 1726 461 1808; x_wconf 88' lang='lat' dir='ltr'>sanctissime,</span> <span class='ocrx_word' id='word_1_108' title='bbox 486 1747 612 1789; x_wconf 90' lang='lat' dir='ltr'>omnem</span> <span class='ocrx_word' id='word_1_109' title='bbox 634 1726 670 1789; x_wconf 92' lang='lat' dir='ltr'>in</span> <span class='ocrx_word' id='word_1_110' title='bbox 686 1725 812 1791; x_wconf 79' lang='lat' dir='ltr'>Christo</span> <span class='ocrx_word' id='word_1_111' title='bbox 835 1726 1074 1791; x_wconf 83' lang='lat' dir='ltr'>fraternitatem</span> <span class='ocrx_word' id='word_1_112' title='bbox 1089 1731 1215 1790; x_wconf 83' lang='lat' dir='ltr'>restrae</span> <span class='ocrx_word' id='word_1_113' title='bbox 1232 1725 1448 1790; x_wconf 87' lang='lat' dir='ltr'>beatitudinis</span> <span class='ocrx_word' id='word_1_114' title='bbox 1464 1749 1527 1809; x_wconf 70' lang='lat' dir='ltr'>ego</span> 
     </span>
     <span class='ocr_line' id='line_1_15' title="bbox 245 1827 1223 1913; baseline -0.001 -21"><span class='ocrx_word' id='word_1_115' title='bbox 245 1832 278 1892; x_wconf 89' lang='lat' dir='ltr'>et</span> <span class='ocrx_word' id='word_1_116' title='bbox 300 1828 353 1913; x_wconf 90' lang='lat' dir='ltr'>qui</span> <span class='ocrx_word' id='word_1_117' title='bbox 376 1850 500 1892; x_wconf 91' lang='lat' dir='ltr'>mecum</span> <span class='ocrx_word' id='word_1_118' title='bbox 522 1830 600 1891; x_wconf 87' lang='lat' dir='ltr'>sunt</span> <span class='ocrx_word' id='word_1_119' title='bbox 621 1827 793 1911; x_wconf 91' lang='lat' dir='ltr'>plurimum</span> <span class='ocrx_word' id='word_1_120' title='bbox 817 1827 994 1891; x_wconf 88' lang='lat' dir='ltr'>salutamus</span> <span class='ocrx_word' id='word_1_121' title='bbox 1017 1828 1052 1892; x_wconf 92' lang='lat' dir='ltr'>in</span> <span class='ocrx_word' id='word_1_122' title='bbox 1073 1827 1223 1892; x_wconf 88' lang='lat' dir='ltr'>Domino.</span> 
     </span>
    </p>
   </div>
   <div class='ocr_carea' id='block_1_3' title="bbox 747 2048 1010 2151">
    <p class='ocr_par' dir='ltr' id='par_1_3' title="bbox 747 2048 1010 2151">
     <span class='ocr_line' id='line_1_16' title="bbox 747 2048 1010 2151; baseline 0.004 -21"><span class='ocrx_word' id='word_1_123' title='bbox 747 2048 929 2151; x_wconf 79' lang='lat' dir='ltr'>Epistola</span> <span class='ocrx_word' id='word_1_124' title='bbox 956 2049 1010 2132; x_wconf 89' lang='grc'>16.</span> 
     </span>
    </p>
   </div>
   <div class='ocr_carea' id='block_1_4' title="bbox 102 2199 1482 2386">
    <p class='ocr_par' dir='ltr' id='par_1_4' title="bbox 102 2199 1482 2386">
     <span class='ocr_line' id='line_1_17' title="bbox 102 2199 1482 2319; baseline 0.003 -53"><span class='ocrx_word' id='word_1_125' title='bbox 102 2199 233 2319; x_wconf 46' lang='grc' dir='ltr'>ξςῑξὲῦξ·</span> <span class='ocrx_word' id='word_1_126' title='bbox 287 2201 486 2287; x_wconf 85' lang='lat' dir='ltr'>Epistola¹)</span> <span class='ocrx_word' id='word_1_127' title='bbox 509 2200 678 2281; x_wconf 79' lang='lat' dir='ltr'>synodica</span> <span class='ocrx_word' id='word_1_128' title='bbox 703 2206 766 2266; x_wconf 82' lang='lat' dir='ltr'>sive</span> <span class='ocrx_word' id='word_1_129' title='bbox 788 2201 986 2284; x_wconf 86' lang='lat' dir='ltr'>Exemplar</span> <span class='ocrx_word' id='word_1_130' title='bbox 1008 2200 1200 2266; x_wconf 85' lang='lat' dir='ltr'>relationis</span> <span class='ocrx_word' id='word_1_131' title='bbox 1222 2200 1348 2280; x_wconf 76' lang='lat' dir='ltr'>synodi</span> <span class='ocrx_word' id='word_1_132' title='bbox 1372 2202 1482 2286; x_wconf 85' lang='lat' dir='ltr'>Epiri</span> 
     </span>
     <span class='ocr_line' id='line_1_18' title="bbox 133 2269 1189 2386; baseline 0.002 -20"><span class='ocrx_word' id='word_1_133' title='bbox 133 2308 138 2318; x_wconf 83' lang='lat'><strong>‘</strong></span> <span class='ocrx_word' id='word_1_134' title='bbox 183 2269 235 2335; x_wconf 71' lang='lat' dir='ltr'>p&#39;)</span> <span class='ocrx_word' id='word_1_135' title='bbox 576 2303 712 2368; x_wconf 79' lang='lat' dir='ltr'>veteris</span> <span class='ocrx_word' id='word_1_136' title='bbox 733 2302 777 2367; x_wconf 90' lang='lat' dir='ltr'>ad</span> <span class='ocrx_word' id='word_1_137' title='bbox 799 2302 1026 2369; x_wconf 85' lang='lat' dir='ltr'>Hormisdam</span> <span class='ocrx_word' id='word_1_138' title='bbox 1050 2321 1189 2386; x_wconf 89' lang='lat' dir='ltr'>papam.</span> 
     </span>
    </p>
   </div>
   <div class='ocr_carea' id='block_1_5' title="bbox 280 2443 1607 2679">
    <p class='ocr_par' dir='ltr' id='par_1_5' title="bbox 280 2443 1607 2679">
     <span class='ocr_line' id='line_1_19' title="bbox 280 2443 1607 2517; baseline 0.005 -25"><span class='ocrx_word' id='word_1_139' title='bbox 280 2443 359 2506; x_wconf 73' lang='lat' dir='ltr'>Epiri</span> <span class='ocrx_word' id='word_1_140' title='bbox 376 2444 492 2508; x_wconf 81' lang='lat' dir='ltr'>episcopi</span> <span class='ocrx_word' id='word_1_141' title='bbox 512 2444 670 2507; x_wconf 81' lang='lat' dir='ltr'>apostolicae</span> <span class='ocrx_word' id='word_1_142' title='bbox 692 2444 763 2493; x_wconf 79' lang='lat' dir='ltr'>sedis</span> <span class='ocrx_word' id='word_1_143' title='bbox 786 2444 885 2493; x_wconf 83' lang='lat' dir='ltr'>directe</span> <span class='ocrx_word' id='word_1_144' title='bbox 911 2459 939 2492; x_wconf 81' lang='lat' dir='ltr'>ee</span> <span class='ocrx_word' id='word_1_145' title='bbox 961 2445 1058 2493; x_wconf 79' lang='lat' dir='ltr'>sectari</span> <span class='ocrx_word' id='word_1_146' title='bbox 1074 2445 1238 2507; x_wconf 79' lang='lat' dir='ltr'>prolitentes,</span> <span class='ocrx_word' id='word_1_147' title='bbox 1265 2443 1407 2495; x_wconf 73' lang='lat' dir='ltr'>tonnam</span> <span class='ocrx_word' id='word_1_148' title='bbox 1425 2463 1444 2495; x_wconf 81' lang='lat' dir='ltr'>a</span> <span class='ocrx_word' id='word_1_149' title='bbox 1460 2462 1491 2497; x_wconf 77' lang='lat' dir='ltr'>ee</span> <span class='ocrx_word' id='word_1_150' title='bbox 1534 2465 1560 2517; x_wconf 87' lang='lat' dir='ltr'>p.</span> <span class='ocrx_word' id='word_1_151' title='bbox 1570 2450 1607 2500; x_wconf 80' lang='lat' dir='ltr'>nt</span> 
     </span>
     <span class='ocr_line' id='line_1_20' title="bbox 282 2527 1490 2597; baseline 0.007 -22"><span class='ocrx_word' id='word_1_152' title='bbox 282 2527 476 2591; x_wconf 71' lang='lat' dir='ltr'>nicopolitanae</span> <span class='ocrx_word' id='word_1_153' title='bbox 498 2529 621 2577; x_wconf 81' lang='lat' dir='ltr'>eeclesiae</span> <span class='ocrx_word' id='word_1_154' title='bbox 643 2530 789 2593; x_wconf 82' lang='lat' dir='ltr'>episcopam</span> <span class='ocrx_word' id='word_1_155' title='bbox 811 2529 954 2578; x_wconf 82' lang='lat' dir='ltr'>ordinatum</span> <span class='ocrx_word' id='word_1_156' title='bbox 977 2528 1008 2577; x_wconf 83' lang='lat' dir='ltr'>ab</span> <span class='ocrx_word' id='word_1_157' title='bbox 1031 2528 1172 2578; x_wconf 81' lang='lat' dir='ltr'>Hormisda</span> <span class='ocrx_word' id='word_1_158' title='bbox 1199 2529 1335 2578; x_wconf 77' lang='lat' dir='ltr'>secundem</span> <span class='ocrx_word' id='word_1_159' title='bbox 1358 2532 1490 2597; x_wconf 66' lang='lat' dir='ltr'>antiqua</span> 
     </span>
     <span class='ocr_line' id='line_1_21' title="bbox 617 2615 1142 2679; baseline 0.002 -17"><span class='ocrx_word' id='word_1_160' title='bbox 617 2629 709 2663; x_wconf 85' lang='lat' dir='ltr'>morem</span> <span class='ocrx_word' id='word_1_161' title='bbox 726 2615 824 2678; x_wconf 59' lang='lat' dir='ltr'>canapi</span> <span class='ocrx_word' id='word_1_162' title='bbox 840 2619 915 2679; x_wconf 72' lang='lat' dir='ltr'>atqrre</span> <span class='ocrx_word' id='word_1_163' title='bbox 933 2615 1027 2663; x_wconf 81' lang='lat' dir='ltr'>instrui</span> <span class='ocrx_word' id='word_1_164' title='bbox 1043 2620 1142 2678; x_wconf 79' lang='lat' dir='ltr'>repant.</span> 
     </span>
    </p>
   </div>
   <div class='ocr_carea' id='block_1_6' title="bbox 399 2744 1521 3339">
    <p class='ocr_par' dir='ltr' id='par_1_6' title="bbox 399 2744 1521 3339">
     <span class='ocr_line' id='line_1_22' title="bbox 399 2744 1521 2814; baseline 0.004 -7"><span class='ocrx_word' id='word_1_165' title='bbox 399 2744 563 2809; x_wconf 86' lang='lat' dir='ltr'>Domino</span> <span class='ocrx_word' id='word_1_166' title='bbox 589 2749 727 2809; x_wconf 89' lang='lat' dir='ltr'>nostro</span> <span class='ocrx_word' id='word_1_167' title='bbox 751 2749 895 2810; x_wconf 89' lang='lat' dir='ltr'>cuncta</span> <span class='ocrx_word' id='word_1_168' title='bbox 922 2746 1183 2811; x_wconf 89' lang='lat' dir='ltr'>sanctissimo</span> <span class='ocrx_word' id='word_1_169' title='bbox 1212 2768 1256 2810; x_wconf 91' lang='lat' dir='ltr'>ac</span> <span class='ocrx_word' id='word_1_170' title='bbox 1285 2747 1521 2814; x_wconf 89' lang='lat' dir='ltr'>beatissimo</span> 
     </span>
     <span class='ocr_line' id='line_1_23' title="bbox 491 2848 1519 2935; baseline 0.004 -24"><span class='ocrx_word' id='word_1_171' title='bbox 491 2848 599 2930; x_wconf 90' lang='lat' dir='ltr'>patri</span> <span class='ocrx_word' id='word_1_172' title='bbox 620 2851 794 2931; x_wconf 92' lang='lat' dir='ltr'>patrum,</span> <span class='ocrx_word' id='word_1_173' title='bbox 820 2848 1149 2913; x_wconf 89' lang='lat' dir='ltr'>comministroac</span> <span class='ocrx_word' id='word_1_174' title='bbox 1164 2848 1346 2932; x_wconf 87' lang='lat' dir='ltr'>principi</span> <span class='ocrx_word' id='word_1_175' title='bbox 1364 2851 1519 2935; x_wconf 81' lang='lat' dir='ltr'>episco-</span> 
     </span>
     <span class='ocr_line' id='line_1_24' title="bbox 490 2939 1518 3035; baseline 0 -22"><span class='ocrx_word' id='word_1_176' title='bbox 490 2971 626 3034; x_wconf 91' lang='lat' dir='ltr'>porum</span> <span class='ocrx_word' id='word_1_177' title='bbox 652 2939 886 3014; x_wconf 80' lang='lat' dir='ltr'>Hormisdae</span> <span class='ocrx_word' id='word_1_178' title='bbox 913 2951 1084 3034; x_wconf 87' lang='lat' dir='ltr'>synodus</span> <span class='ocrx_word' id='word_1_179' title='bbox 1112 2952 1265 3015; x_wconf 83' lang='lat' dir='ltr'>veteris</span> <span class='ocrx_word' id='word_1_180' title='bbox 1293 2951 1427 3035; x_wconf 80' lang='lat' dir='ltr'>Epiri,</span> <span class='ocrx_word' id='word_1_181' title='bbox 1454 2953 1518 3018; x_wconf 86' lang='lat' dir='ltr'>Jo-</span> 
     </span>
     <span class='ocr_line' id='line_1_25' title="bbox 491 3051 1518 3136; baseline 0.004 -22"><span class='ocrx_word' id='word_1_182' title='bbox 491 3051 660 3135; x_wconf 90' lang='lat' dir='ltr'>hannes,</span> <span class='ocrx_word' id='word_1_183' title='bbox 684 3051 927 3135; x_wconf 89' lang='lat' dir='ltr'>Matthaeus,</span> <span class='ocrx_word' id='word_1_184' title='bbox 952 3052 1262 3136; x_wconf 79' lang='lat' dir='ltr'>Constantinus,</span> <span class='ocrx_word' id='word_1_185' title='bbox 1286 3051 1518 3119; x_wconf 80' lang='lat' dir='ltr'>Christodo·</span> 
     </span>
     <span class='ocr_line' id='line_1_26' title="bbox 491 3153 1517 3242; baseline 0.005 -26"><span class='ocrx_word' id='word_1_186' title='bbox 491 3154 604 3237; x_wconf 76' lang='lat' dir='ltr'>rns2),</span> <span class='ocrx_word' id='word_1_187' title='bbox 633 3153 831 3236; x_wconf 88' lang='lat' dir='ltr'>Hilarius,</span> <span class='ocrx_word' id='word_1_188' title='bbox 860 3153 1087 3238; x_wconf 89' lang='lat' dir='ltr'>Philippus,</span> <span class='ocrx_word' id='word_1_189' title='bbox 1117 3153 1308 3219; x_wconf 87' lang='lat' dir='ltr'>Julianus</span> <span class='ocrx_word' id='word_1_190' title='bbox 1336 3159 1377 3219; x_wconf 87' lang='lat' dir='ltr'>et</span> <span class='ocrx_word' id='word_1_191' title='bbox 1399 3155 1517 3242; x_wconf 77' lang='lat' dir='ltr'>Chry·</span> 
     </span>
     <span class='ocr_line' id='line_1_27' title="bbox 492 3277 642 3339; baseline 0.007 -21"><span class='ocrx_word' id='word_1_192' title='bbox 492 3277 642 3339; x_wconf 84' lang='lat' dir='ltr'>srppus.</span> 
     </span>
    </p>
   </div>
   <div class='ocr_carea' id='block_1_7' title="bbox 245 3373 1520 3766">
    <p class='ocr_par' dir='ltr' id='par_1_7' title="bbox 245 3373 1520 3766">
     <span class='ocr_line' id='line_1_28' title="bbox 333 3373 1518 3460; baseline 0.004 -23"><span class='ocrx_word' id='word_1_193' title='bbox 333 3377 359 3438; x_wconf 90' lang='lat' dir='ltr'>l.</span> <span class='ocrx_word' id='word_1_194' title='bbox 398 3373 432 3438; x_wconf 84' lang='lat' dir='ltr'>Si</span> <span class='ocrx_word' id='word_1_195' title='bbox 454 3374 561 3458; x_wconf 86' lang='lat' dir='ltr'>dignis</span> <span class='ocrx_word' id='word_1_196' title='bbox 584 3375 788 3460; x_wconf 73' lang='lat' dir='ltr'>prooemiis3)</span> <span class='ocrx_word' id='word_1_197' title='bbox 812 3375 859 3439; x_wconf 89' lang='lat' dir='ltr'>uti</span> <span class='ocrx_word' id='word_1_198' title='bbox 881 3377 1057 3457; x_wconf 88' lang='lat' dir='ltr'>tentemus,</span> <span class='ocrx_word' id='word_1_199' title='bbox 1081 3396 1210 3439; x_wconf 89' lang='lat' dir='ltr'>necesse</span> <span class='ocrx_word' id='word_1_200' title='bbox 1234 3378 1283 3439; x_wconf 89' lang='lat' dir='ltr'>est</span> <span class='ocrx_word' id='word_1_201' title='bbox 1305 3375 1419 3441; x_wconf 90' lang='lat' dir='ltr'>multis</span> <span class='ocrx_word' id='word_1_202' title='bbox 1441 3377 1518 3441; x_wconf 84' lang='lat' dir='ltr'>fleti·</span> 
     </span>
     <span class='ocr_line' id='line_1_29' title="bbox 246 3476 1518 3562; baseline 0.004 -23"><span class='ocrx_word' id='word_1_203' title='bbox 246 3477 304 3539; x_wconf 90' lang='lat' dir='ltr'>bus</span> <span class='ocrx_word' id='word_1_204' title='bbox 333 3476 447 3540; x_wconf 91' lang='lat' dir='ltr'>horum</span> <span class='ocrx_word' id='word_1_205' title='bbox 475 3476 734 3560; x_wconf 87' lang='lat' dir='ltr'>depromptiones</span> <span class='ocrx_word' id='word_1_206' title='bbox 762 3476 898 3541; x_wconf 82' lang='lat' dir='ltr'>efficere.</span> <span class='ocrx_word' id='word_1_207' title='bbox 954 3476 1089 3540; x_wconf 88' lang='lat' dir='ltr'>Plurimi</span> <span class='ocrx_word' id='word_1_208' title='bbox 1117 3499 1257 3562; x_wconf 89' lang='lat' dir='ltr'>namque</span> <span class='ocrx_word' id='word_1_209' title='bbox 1290 3499 1330 3541; x_wconf 86' lang='lat' dir='ltr'>ex</span> <span class='ocrx_word' id='word_1_210' title='bbox 1363 3479 1459 3543; x_wconf 91' lang='lat' dir='ltr'>nobis</span> <span class='ocrx_word' id='word_1_211' title='bbox 1486 3481 1518 3544; x_wconf 92' lang='lat' dir='ltr'>in</span> 
     </span>
     <span class='ocr_line' id='line_1_30' title="bbox 245 3577 1518 3664; baseline 0.005 -24"><span class='ocrx_word' id='word_1_212' title='bbox 245 3578 437 3664; x_wconf 78' lang='lat' dir='ltr'>regirantc⁴)</span> <span class='ocrx_word' id='word_1_213' title='bbox 471 3578 559 3642; x_wconf 88' lang='lat' dir='ltr'>fuere</span> <span class='ocrx_word' id='word_1_214' title='bbox 588 3577 882 3663; x_wconf 82' lang='lat' dir='ltr'>Constantinopoli,</span> <span class='ocrx_word' id='word_1_215' title='bbox 921 3601 1017 3663; x_wconf 91' lang='lat' dir='ltr'>quum</span> <span class='ocrx_word' id='word_1_216' title='bbox 1045 3579 1143 3649; x_wconf 74' lang='lat' dir='ltr'>,vestri</span> <span class='ocrx_word' id='word_1_217' title='bbox 1176 3579 1374 3644; x_wconf 88' lang='lat' dir='ltr'>sanctissimi</span> <span class='ocrx_word' id='word_1_218' title='bbox 1408 3582 1518 3646; x_wconf 82' lang='lat' dir='ltr'>vicarii</span> 
     </span>
     <span class='ocr_line' id='line_1_31' title="bbox 245 3678 1520 3766; baseline 0.005 -23"><span class='ocrx_word' id='word_1_219' title='bbox 245 3678 411 3744; x_wconf 81' lang='lat' dir='ltr'>Ennodius</span> <span class='ocrx_word' id='word_1_220' title='bbox 434 3684 467 3745; x_wconf 88' lang='lat' dir='ltr'>et</span> <span class='ocrx_word' id='word_1_221' title='bbox 481 3679 675 3744; x_wconf 76' lang='lat' dir='ltr'>Fortunatus</span> <span class='ocrx_word' id='word_1_222' title='bbox 698 3680 850 3764; x_wconf 85' lang='lat' dir='ltr'>episcopi,</span> <span class='ocrx_word' id='word_1_223' title='bbox 875 3679 1055 3745; x_wconf 88' lang='lat' dir='ltr'>Venantius</span> <span class='ocrx_word' id='word_1_224' title='bbox 1070 3681 1249 3766; x_wconf 79' lang='lat' dir='ltr'>presbyter,</span> <span class='ocrx_word' id='word_1_225' title='bbox 1273 3680 1395 3747; x_wconf 84' lang='lat' dir='ltr'>Vitalis</span> <span class='ocrx_word' id='word_1_226' title='bbox 1415 3683 1520 3749; x_wconf 87' lang='lat' dir='ltr'>diaco·</span> 
     </span>
    </p>
   </div>
   <div class='ocr_carea' id='block_1_8' title="bbox 237 3883 1519 4972">
    <p class='ocr_par' dir='ltr' id='par_1_8' title="bbox 243 3883 1519 4382">
     <span class='ocr_line' id='line_1_32' title="bbox 314 3883 1517 3954; baseline 0.005 -18"><span class='ocrx_word' id='word_1_227' title='bbox 314 3886 344 3950; x_wconf 87' lang='lat'>¹¹)</span> <span class='ocrx_word' id='word_1_228' title='bbox 363 3883 403 3936; x_wconf 73' lang='lat' dir='ltr'>lio</span> <span class='ocrx_word' id='word_1_229' title='bbox 421 3884 504 3938; x_wconf 88' lang='lat' dir='ltr'>modo</span> <span class='ocrx_word' id='word_1_230' title='bbox 522 3884 567 3938; x_wconf 91' lang='lat' dir='ltr'>hic</span> <span class='ocrx_word' id='word_1_231' title='bbox 585 3883 686 3938; x_wconf 89' lang='lat' dir='ltr'>dicitur</span> <span class='ocrx_word' id='word_1_232' title='bbox 703 3897 794 3938; x_wconf 65' lang='lat' dir='ltr'>recincta</span> <span class='ocrx_word' id='word_1_233' title='bbox 811 3890 980 3947; x_wconf 79' lang='lat' dir='ltr'>sanctissime,</span> <span class='ocrx_word' id='word_1_234' title='bbox 999 3902 1055 3953; x_wconf 92' lang='lat' dir='ltr'>quo</span> <span class='ocrx_word' id='word_1_235' title='bbox 1072 3884 1101 3938; x_wconf 94' lang='lat' dir='ltr'>in</span> <span class='ocrx_word' id='word_1_236' title='bbox 1113 3883 1294 3954; x_wconf 81' lang='lat' dir='ltr'>inscriptione</span> <span class='ocrx_word' id='word_1_237' title='bbox 1307 3894 1517 3941; x_wconf 77' lang='lat' dir='ltr'>eunetnennetin·</span> 
     </span>
     <span class='ocr_line' id='line_1_33' title="bbox 243 3966 1519 4042; baseline 0.005 -22"><span class='ocrx_word' id='word_1_238' title='bbox 243 3972 316 4025; x_wconf 80' lang='lat' dir='ltr'>n&#39;no.</span> <span class='ocrx_word' id='word_1_239' title='bbox 341 3966 489 4022; x_wconf 88' lang='lat' dir='ltr'>subaudita</span> <span class='ocrx_word' id='word_1_240' title='bbox 512 3968 660 4038; x_wconf 88' lang='lat' dir='ltr'>utrobique</span> <span class='ocrx_word' id='word_1_241' title='bbox 682 3970 819 4037; x_wconf 85' lang='lat' dir='ltr'>perante</span> <span class='ocrx_word' id='word_1_242' title='bbox 842 3981 939 4023; x_wconf 81' lang='lat' dir='ltr'>cuncte.</span> <span class='ocrx_word' id='word_1_243' title='bbox 982 3968 1128 4033; x_wconf 87' lang='lat' dir='ltr'>Quocirca,</span> <span class='ocrx_word' id='word_1_244' title='bbox 1152 3968 1199 4039; x_wconf 89' lang='lat' dir='ltr'>qui</span> <span class='ocrx_word' id='word_1_245' title='bbox 1222 3969 1292 4024; x_wconf 83' lang='lat' dir='ltr'>baec</span> <span class='ocrx_word' id='word_1_246' title='bbox 1314 3968 1356 4024; x_wconf 83' lang='lat' dir='ltr'>ita</span> <span class='ocrx_word' id='word_1_247' title='bbox 1379 3971 1519 4042; x_wconf 82' lang='lat' dir='ltr'>interpun-</span> 
     </span>
     <span class='ocr_line' id='line_1_34' title="bbox 244 4053 1518 4123; baseline 0.005 -18"><span class='ocrx_word' id='word_1_248' title='bbox 244 4055 327 4121; x_wconf 80' lang='lat' dir='ltr'>gunt,</span> <span class='ocrx_word' id='word_1_249' title='bbox 345 4058 482 4109; x_wconf 70' lang='lat' dir='ltr'>comitata</span> <span class='ocrx_word' id='word_1_250' title='bbox 501 4066 598 4108; x_wconf 66' lang='lat' dir='ltr'>evincta.</span> <span class='ocrx_word' id='word_1_251' title='bbox 630 4058 806 4116; x_wconf 80' lang='lat' dir='ltr'>Sanctissime,</span> <span class='ocrx_word' id='word_1_252' title='bbox 825 4054 875 4107; x_wconf 81' lang='lat' dir='ltr'>aut</span> <span class='ocrx_word' id='word_1_253' title='bbox 891 4053 991 4123; x_wconf 81' lang='lat' dir='ltr'>quiite</span> <span class='ocrx_word' id='word_1_254' title='bbox 1004 4059 1101 4108; x_wconf 69' lang='lat' dir='ltr'>Crine-te</span> <span class='ocrx_word' id='word_1_255' title='bbox 1119 4055 1174 4122; x_wconf 85' lang='lat' dir='ltr'>(vel</span> <span class='ocrx_word' id='word_1_256' title='bbox 1186 4057 1332 4123; x_wconf 62' lang='lat' dir='ltr'>Genaua),</span> <span class='ocrx_word' id='word_1_257' title='bbox 1349 4063 1518 4121; x_wconf 61' lang='lat' dir='ltr'>amussim,</span> 
     </span>
     <span class='ocr_line' id='line_1_35' title="bbox 244 4137 604 4207; baseline 0.003 -17"><span class='ocrx_word' id='word_1_258' title='bbox 244 4137 357 4191; x_wconf 87' lang='lat' dir='ltr'>minime</span> <span class='ocrx_word' id='word_1_259' title='bbox 375 4139 440 4191; x_wconf 87' lang='lat' dir='ltr'>sunt</span> <span class='ocrx_word' id='word_1_260' title='bbox 456 4138 604 4207; x_wconf 87' lang='lat' dir='ltr'>probandi.</span> 
     </span>
     <span class='ocr_line' id='line_1_36' title="bbox 246 4222 1517 4294; baseline 0.006 -18"><span class='ocrx_word' id='word_1_261' title='bbox 246 4227 276 4274; x_wconf 83' lang='lat' dir='ltr'>to</span> <span class='ocrx_word' id='word_1_262' title='bbox 313 4224 331 4290; x_wconf 91' lang='lat'>¹)</span> <span class='ocrx_word' id='word_1_263' title='bbox 349 4222 412 4277; x_wconf 93' lang='lat' dir='ltr'>Una</span> <span class='ocrx_word' id='word_1_264' title='bbox 430 4240 492 4277; x_wconf 87' lang='lat' dir='ltr'>cum</span> <span class='ocrx_word' id='word_1_265' title='bbox 510 4223 645 4294; x_wconf 88' lang='lat' dir='ltr'>superiori</span> <span class='ocrx_word' id='word_1_266' title='bbox 663 4222 748 4278; x_wconf 88' lang='lat' dir='ltr'>missa</span> <span class='ocrx_word' id='word_1_267' title='bbox 766 4226 819 4287; x_wconf 82' lang='lat' dir='ltr'>est,</span> <span class='ocrx_word' id='word_1_268' title='bbox 838 4241 922 4291; x_wconf 86' lang='lat' dir='ltr'>quam</span> <span class='ocrx_word' id='word_1_269' title='bbox 942 4223 1015 4278; x_wconf 86' lang='lat' dir='ltr'>circa</span> <span class='ocrx_word' id='word_1_270' title='bbox 1031 4240 1153 4278; x_wconf 89' lang='lat' dir='ltr'>mensem</span> <span class='ocrx_word' id='word_1_271' title='bbox 1170 4223 1368 4293; x_wconf 87' lang='lat' dir='ltr'>Septembrem</span> <span class='ocrx_word' id='word_1_272' title='bbox 1385 4227 1452 4282; x_wconf 83' lang='lat' dir='ltr'>anni</span> <span class='ocrx_word' id='word_1_273' title='bbox 1468 4234 1517 4283; x_wconf 82' lang='lat' dir='ltr'>ott</span> 
     </span>
     <span class='ocr_line' id='line_1_37' title="bbox 243 4305 1517 4382; baseline 0.005 -22"><span class='ocrx_word' id='word_1_274' title='bbox 243 4305 355 4361; x_wconf 86' lang='lat' dir='ltr'>missam</span> <span class='ocrx_word' id='word_1_275' title='bbox 373 4323 433 4362; x_wconf 89' lang='lat' dir='ltr'>esse</span> <span class='ocrx_word' id='word_1_276' title='bbox 451 4308 636 4378; x_wconf 84' lang='lat' dir='ltr'>probavimus.</span> <span class='ocrx_word' id='word_1_277' title='bbox 673 4308 781 4363; x_wconf 89' lang='lat' dir='ltr'>Ibidem</span> <span class='ocrx_word' id='word_1_278' title='bbox 793 4326 857 4363; x_wconf 89' lang='lat' dir='ltr'>mox</span> <span class='ocrx_word' id='word_1_279' title='bbox 870 4308 904 4363; x_wconf 76' lang='lat' dir='ltr'>G·</span> <span class='ocrx_word' id='word_1_280' title='bbox 923 4325 974 4378; x_wconf 90' lang='lat' dir='ltr'>per</span> <span class='ocrx_word' id='word_1_281' title='bbox 992 4309 1121 4378; x_wconf 85' lang='lat' dir='ltr'>apertum</span> <span class='ocrx_word' id='word_1_282' title='bbox 1140 4308 1248 4364; x_wconf 84' lang='lat' dir='ltr'>librarii</span> <span class='ocrx_word' id='word_1_283' title='bbox 1266 4326 1392 4366; x_wconf 87' lang='lat' dir='ltr'>errorem</span> <span class='ocrx_word' id='word_1_284' title='bbox 1413 4316 1517 4382; x_wconf 63' lang='lat' dir='ltr'>Ephesi.</span> 
     </span>
    </p>

    <p class='ocr_par' dir='ltr' id='par_1_9' title="bbox 311 4393 1012 4462">
     <span class='ocr_line' id='line_1_38' title="bbox 311 4393 1012 4462; baseline 0.006 -17"><span class='ocrx_word' id='word_1_285' title='bbox 311 4395 332 4460; x_wconf 84' lang='lat'>²)</span> <span class='ocrx_word' id='word_1_286' title='bbox 351 4393 368 4445; x_wconf 94' lang='lat' dir='ltr'>b</span> <span class='ocrx_word' id='word_1_287' title='bbox 389 4397 598 4462; x_wconf 64' lang='lat' dir='ltr'>christophorus,</span> <span class='ocrx_word' id='word_1_288' title='bbox 617 4409 738 4460; x_wconf 87' lang='lat' dir='ltr'>moxque</span> <span class='ocrx_word' id='word_1_289' title='bbox 757 4411 818 4448; x_wconf 88' lang='lat' dir='ltr'>cnm</span> <span class='ocrx_word' id='word_1_290' title='bbox 837 4411 879 4447; x_wconf 87' lang='lat' dir='ltr'>cc</span> <span class='ocrx_word' id='word_1_291' title='bbox 899 4398 1012 4449; x_wconf 78' lang='lat' dir='ltr'>Hilarus.</span> 
     </span>
    </p>

    <p class='ocr_par' dir='ltr' id='par_1_10' title="bbox 311 4477 714 4546">
     <span class='ocr_line' id='line_1_39' title="bbox 311 4477 714 4546; baseline 0.002 -16"><span class='ocrx_word' id='word_1_292' title='bbox 311 4480 330 4543; x_wconf 85' lang='lat'>³)</span> <span class='ocrx_word' id='word_1_293' title='bbox 350 4478 394 4531; x_wconf 84' lang='lat' dir='ltr'>lta</span> <span class='ocrx_word' id='word_1_294' title='bbox 412 4477 455 4531; x_wconf 80' lang='lat' dir='ltr'>G&#39;.</span> <span class='ocrx_word' id='word_1_295' title='bbox 492 4477 567 4531; x_wconf 80' lang='lat' dir='ltr'>Editi</span> <span class='ocrx_word' id='word_1_296' title='bbox 583 4485 714 4546; x_wconf 80' lang='lat' dir='ltr'>praemiis.</span> 
     </span>
    </p>

    <p class='ocr_par' dir='ltr' id='par_1_11' title="bbox 237 4561 1513 4972">
     <span class='ocr_line' id='line_1_40' title="bbox 310 4561 1513 4639; baseline 0.006 -24"><span class='ocrx_word' id='word_1_297' title='bbox 310 4564 330 4630; x_wconf 76' lang='lat'>⁴)</span> <span class='ocrx_word' id='word_1_298' title='bbox 349 4561 403 4616; x_wconf 88' lang='lat' dir='ltr'>Seu</span> <span class='ocrx_word' id='word_1_299' title='bbox 422 4570 446 4615; x_wconf 78' lang='lat' dir='ltr'>in</span> <span class='ocrx_word' id='word_1_300' title='bbox 464 4570 536 4630; x_wconf 80' lang='lat' dir='ltr'>repta</span> <span class='ocrx_word' id='word_1_301' title='bbox 558 4568 634 4630; x_wconf 84' lang='lat' dir='ltr'>arbe,</span> <span class='ocrx_word' id='word_1_302' title='bbox 658 4580 758 4633; x_wconf 79' lang='lat' dir='ltr'>graece</span> <span class='ocrx_word' id='word_1_303' title='bbox 783 4561 983 4639; x_wconf 75' lang='grc' dir='ltr'><strong><em>βασιλευούσᾳ.</em></strong></span> <span class='ocrx_word' id='word_1_304' title='bbox 1029 4564 1105 4618; x_wconf 89' lang='lat' dir='ltr'>lnter</span> <span class='ocrx_word' id='word_1_305' title='bbox 1127 4564 1280 4619; x_wconf 78' lang='lat' dir='ltr'>catholicos</span> <span class='ocrx_word' id='word_1_306' title='bbox 1302 4566 1407 4635; x_wconf 74' lang='lat' dir='ltr'>lllyrici</span> <span class='ocrx_word' id='word_1_307' title='bbox 1429 4584 1513 4622; x_wconf 82' lang='lat' dir='ltr'>sacer·</span> 
     </span>
     <span class='ocr_line' id='line_1_41' title="bbox 243 4645 1512 4718; baseline 0.006 -20"><span class='ocrx_word' id='word_1_308' title='bbox 243 4645 333 4705; x_wconf 86' lang='lat' dir='ltr'>dotes.</span> <span class='ocrx_word' id='word_1_309' title='bbox 353 4664 422 4716; x_wconf 86' lang='lat' dir='ltr'>qnos</span> <span class='ocrx_word' id='word_1_310' title='bbox 434 4647 597 4702; x_wconf 85' lang='lat' dir='ltr'>Anastasius</span> <span class='ocrx_word' id='word_1_311' title='bbox 609 4650 668 4700; x_wconf 86' lang='lat' dir='ltr'>tum</span> <span class='ocrx_word' id='word_1_312' title='bbox 683 4647 738 4702; x_wconf 90' lang='lat' dir='ltr'>suis</span> <span class='ocrx_word' id='word_1_313' title='bbox 750 4648 925 4718; x_wconf 84' lang='lat' dir='ltr'>praesentari</span> <span class='ocrx_word' id='word_1_314' title='bbox 939 4648 1024 4717; x_wconf 88' lang='lat' dir='ltr'>jussit</span> <span class='ocrx_word' id='word_1_315' title='bbox 1035 4649 1188 4716; x_wconf 86' lang='lat' dir='ltr'>obtutibus,</span> <span class='ocrx_word' id='word_1_316' title='bbox 1201 4649 1381 4705; x_wconf 79' lang='lat' dir='ltr'>Marcellinus</span> <span class='ocrx_word' id='word_1_317' title='bbox 1399 4652 1428 4706; x_wconf 88' lang='lat' dir='ltr'>in</span> <span class='ocrx_word' id='word_1_318' title='bbox 1440 4653 1512 4705; x_wconf 70' lang='lat' dir='ltr'>elim</span> 
     </span>
     <span class='ocr_line' id='line_1_42' title="bbox 242 4730 1511 4806; baseline 0.005 -24"><span class='ocrx_word' id='word_1_319' title='bbox 242 4730 311 4787; x_wconf 82' lang='lat' dir='ltr'>nico.</span> <span class='ocrx_word' id='word_1_320' title='bbox 326 4734 355 4785; x_wconf 88' lang='lat' dir='ltr'>ct</span> <span class='ocrx_word' id='word_1_321' title='bbox 367 4748 399 4785; x_wconf 85' lang='lat' dir='ltr'>ex</span> <span class='ocrx_word' id='word_1_322' title='bbox 413 4747 445 4786; x_wconf 85' lang='lat' dir='ltr'>co</span> <span class='ocrx_word' id='word_1_323' title='bbox 458 4732 631 4802; x_wconf 82' lang='lat' dir='ltr'>Nicephorns</span> <span class='ocrx_word' id='word_1_324' title='bbox 643 4733 714 4794; x_wconf 85' lang='lat' dir='ltr'>XVI,</span> <span class='ocrx_word' id='word_1_325' title='bbox 734 4742 766 4785; x_wconf 70' lang='lat'>38</span> <span class='ocrx_word' id='word_1_326' title='bbox 780 4735 924 4788; x_wconf 82' lang='lat' dir='ltr'>recensent</span> <span class='ocrx_word' id='word_1_327' title='bbox 937 4734 1117 4788; x_wconf 77' lang='lat' dir='ltr'>Laurentium</span> <span class='ocrx_word' id='word_1_328' title='bbox 1128 4734 1336 4803; x_wconf 71' lang='lat' dir='ltr'>Lignidensern</span> <span class='ocrx_word' id='word_1_329' title='bbox 1350 4737 1511 4806; x_wconf 74' lang='lat' dir='ltr'>Alcysonem</span> 
     </span>
     <span class='ocr_line' id='line_1_43' title="bbox 241 4813 1511 4890; baseline 0.008 -25"><span class='ocrx_word' id='word_1_330' title='bbox 241 4813 479 4884; x_wconf 78' lang='lat' dir='ltr'>Nicopolitanum.</span> <span class='ocrx_word' id='word_1_331' title='bbox 499 4818 638 4886; x_wconf 77' lang='lat' dir='ltr'>Gaianum</span> <span class='ocrx_word' id='word_1_332' title='bbox 656 4818 844 4881; x_wconf 86' lang='lat' dir='ltr'>Naisitanurn,</span> <span class='ocrx_word' id='word_1_333' title='bbox 864 4823 893 4873; x_wconf 89' lang='lat' dir='ltr'>et</span> <span class='ocrx_word' id='word_1_334' title='bbox 910 4819 1083 4888; x_wconf 81' lang='lat' dir='ltr'>Evangelum</span> <span class='ocrx_word' id='word_1_335' title='bbox 1096 4819 1337 4889; x_wconf 81' lang='lat' dir='ltr'>l‘aulitoliensem,</span> <span class='ocrx_word' id='word_1_336' title='bbox 1355 4822 1456 4890; x_wconf 80' lang='lat' dir='ltr'>quibua</span> <span class='ocrx_word' id='word_1_337' title='bbox 1467 4819 1511 4874; x_wconf 77' lang='lat' dir='ltr'>ad·</span> 
     </span>
     <span class='ocr_line' id='line_1_44' title="bbox 237 4899 1156 4972; baseline 0.011 -21"><span class='ocrx_word' id='word_1_338' title='bbox 237 4899 333 4967; x_wconf 79' lang='lat' dir='ltr'>jungit</span> <span class='ocrx_word' id='word_1_339' title='bbox 350 4901 524 4956; x_wconf 85' lang='lat' dir='ltr'>lllarcollinns</span> <span class='ocrx_word' id='word_1_340' title='bbox 542 4903 739 4970; x_wconf 83' lang='lat' dir='ltr'>Dornnioncrn,</span> <span class='ocrx_word' id='word_1_341' title='bbox 760 4904 838 4972; x_wconf 81' lang='lat' dir='ltr'>cnjus</span> <span class='ocrx_word' id='word_1_342' title='bbox 856 4904 950 4958; x_wconf 69' lang='lat' dir='ltr'>sellem</span> <span class='ocrx_word' id='word_1_343' title='bbox 969 4921 1025 4959; x_wconf 90' lang='lat' dir='ltr'>non</span> <span class='ocrx_word' id='word_1_344' title='bbox 1043 4903 1156 4961; x_wconf 79' lang='lat' dir='ltr'>indicat.</span> 
     </span>
    </p>
   </div>
   <div class='ocr_carea' id='block_1_9' title="bbox 0 0 1730 5678">
    <p class='ocr_par' dir='ltr' id='par_1_12' title="bbox 0 0 1730 5678">
     <span class='ocr_line' id='line_1_45' title="bbox 0 0 1730 5678; baseline 0 1"><span class='ocrx_word' id='word_1_345' title='bbox 0 0 1730 5678; x_wconf 95' lang='lat' dir='ltr'> </span> 
     </span>
    </p>
   </div>
  </div>
 </body>
</html>
