3412 5664
528 322 743 373 annaneane
765 312 912 373 28—35.

534 477 815 582 Fragmentum
843 480 902 563 33.
947 520 954 555 .-

12 622 43 670 7.
191 622 229 671 De
247 622 366 676 deceno.
385 622 429 686 qui
443 621 568 684 pupillos,
588 635 650 684 qnos
667 621 761 670 tutelae
779 621 831 669 uice
848 629 1012 685 susceperat,
1031 622 1103 673 bonu
1119 626 1245 689 spoliavit.

238 735 422 801 Gelasius
444 735 666 799 Fortunato
688 734 889 820 episcopo.

164 855 386 940 Irreligiosum
408 876 537 940 prorsus
560 856 593 918 et
615 854 809 918 exsecrabile
827 854 1019 940 judicamus,
1043 858 1070 921 si
1085 859 1253 945 quisquam
1267 862 1318 927 rel
1328 863 1352 949 ¹)

62 962 253 1024 extraneos
275 957 309 1022 in
332 956 381 1022 sui
404 957 539 1021 tuitione.
562 959 726 1043 susceptos
754 979 819 1022 non
841 958 928 1022 omni
949 959 1011 1023 fide
1034 964 1067 1024 et
1088 964 1158 1026 tota
1181 963 1280 1028 animi
1304 965 1353 1030 sui

63 1061 266 1126 educaverit
287 1059 470 1125 sanctitate.
505 1060 666 1144 Aequum
681 1058 860 1143 Olympiae,
887 1060 1039 1126 diaconus
1062 1061 1243 1128 dilectionis
1265 1068 1350 1150 tuae,

63 1163 198 1229 Felicis
226 1166 259 1228 et
285 1161 427 1246 Olympii
454 1165 648 1247 suggeratur
676 1160 868 1245 avunculus,
906 1184 1020 1249 eosque
1055 1165 1202 1249 parvulos
1232 1169 1351 1234 tutelae

63 1265 185 1349 ἤρε’)
207 1264 383 1348 susceperit
404 1263 603 1346 nutriendos,
630 1263 716 1326 ultra
737 1262 942 1328 latrocinium
965 1287 1033 1330 esse
1051 1267 1244 1353 judicamus,
1267 1272 1351 1355 quod

63 1389 132 1432 eos
160 1366 379 1451 bonusculis³)
408 1368 596 1450 parentum,
629 1364 711 1430 sicut
739 1370 903 1450 asserunt,
938 1367 1067 1452 reliquit
1094 1372 1250 1456 extorres,
1286 1373 1351 1438 alia

64 1472 195 1535 contra
217 1468 305 1555 leges
327 1472 360 1533 et
378 1467 453 1552 jura
475 1467 650 1533 vendendo.

532 1620 813 1725 Fragmentum
840 1621 899 1706 34.

11 1769 47 1818 57.
240 1764 291 1814 lies
306 1778 449 1828 pauperum
466 1761 587 1812 Janunii
603 1762 692 1813 nobilis
710 1761 807 1812 aredio
825 1767 850 1812 et
868 1762 1013 1825 defensioni
1027 1767 1190 1816 commendet.

234 1879 422 1944 Gelasimo
444 1878 466 1943 J
473 1878 650 1943 aunario.

161 1998 227 2064 Sed
250 2020 373 2082 causas,
396 1997 510 2084 quibus
532 1997 688 2063 beneficia
710 1996 796 2062 beati
812 1997 898 2062 Petri
916 1999 1052 2083 apostoli
1075 2001 1264 2067 continuata
1280 2024 1349 2089 per-

61 2100 237 2186 cupias'),
265 2101 402 2166 fidenter
423 2100 569 2185 injungo.
614 2100 762 2164 Praestet
788 2100 889 2185 igitur
911 2104 966 2164 tua
989 2101 1158 2186 nobilitas,
1192 2108 1228 2169 ut
1255 2106 1350 2171 rebus

60 2225 255 2290 pauperum
285 2203 355 2286 ejus
382 2203 535 2267 auxilium
565 2201 845 2286 defensionemque
875 2204 1046 2288 concedat,
1081 2208 1113 2268 et
1141 2206 1350 2272 conductores

60 2327 188 2371 earum
210 2305 264 2390 pio
286 2305 395 2369 favore
417 2307 560 2369 tueatur:
595 2307 631 2367 ut
652 2303 904 2368 vicissitudinem
926 2307 1153 2389 praestitorum
1175 2308 1217 2372 ab
1239 2310 1351 2375 eodem

60 2408 238 2494 percipiat
253 2408 511 2492 consequentem,
535 2406 625 2488 cujus
640 2404 763 2470 meritis
784 2409 817 2470 et
831 2406 943 2472 honori
961 2409 1092 2473 devotus
1107 2410 1170 2474 ista
1185 2410 1348 2496 dependit.

529 2559 811 2662 Fragmentum
838 2560 897 2644 35.

10 2704 49 2755 5¹1.
121 2703 164 2753 De
182 2703 307 2752 restilistis
324 2701 448 2751 eeclesiae
466 2699 595 2750 Rornnnne
612 2699 728 2762 proediis
746 2699 874 2750 Firmiuae
893 2701 986 2751 illustri
1000 2702 1109 2765 feminae
1126 2705 1227 2765 pretias
1244 2707 1297 2770 apii

551 2790 576 2832 ei
595 2785 707 2847 salopiae
725 2786 880 2835 transmittit.

229 2900 412 2967 Gelasius
434 2899 635 2964 Firminae
657 2897 813 2964 illustri
835 2899 1020 2965 feminae.

164 3021 215 3087 Ad
237 3020 398 3087 cumulum
420 3041 495 3085 vero
517 3017 673 3083 mercedis
701 3019 825 3082 vestrae
853 3019 1014 3103 pertinere
1046 3021 1257 3087 certissimum
1286 3028 1347 3110 est,

76 3198 114 3244 ω
150 3194 169 3259 ¹)
185 3189 327 3256 Quaedam
345 3189 515 3261 exemplaria
532 3189 551 3241 Z
570 3187 615 3242 hic
633 3186 741 3241 addunt
757 3194 865 3244 elericos
882 3189 926 3244 vel
944 3195 1063 3254 clericas,
1082 3191 1158 3260 quod
1176 3191 1282 3247 omittit
1299 3194 1347 3249 lvo

81 3275 114 3325 ct
132 3276 296 3332 correctores
311 3274 432 3330 Romani
448 3273 648 3343 expunxerunt.

153 3359 227 3427 'ilis
241 3359 372 3416 videlicet
388 3358 510 3426 ratione,
528 3375 585 3428 qua
601 3357 658 3413 Leo
676 3357 831 3427 imperator
849 3375 871 3412 c.
886 3365 918 3414 32
937 3359 966 3414 0.
979 3360 1005 3426 Ι,
1022 3367 1038 3415 3
1056 3366 1280 3432 orphanotrophos
1298 3381 1347 3435 ap-

92 3438 184 3511 para,
203 3451 244 3516 qni
263 3451 491 3515 popilianensem
508 3449 582 3514 quasi
599 3452 708 3505 salmes,
732 3444 761 3497 et
783 3459 900 3512 qnorum
918 3445 980 3499 eret
997 3450 1033 3499 ad
1053 3451 1237 3502 simddrcdnern
1255 3455 1347 3504 moris

98 3535 247 3584 classone
263 3549 390 3600 paeones
407 3541 433 3583 el
450 3535 552 3596 nepotis
570 3549 656 3584 eornm
674 3532 814 3595 defendere
832 3534 1019 3584 revindicare.
1051 3529 1112 3596 Qua
1129 3529 1157 3584 in
1175 3549 1205 3586 re
1219 3531 1347 3592 Gelasio·

105 3606 221 3670 mssa
240 3632 296 3672 non
317 3614 428 3670 ridetur
450 3613 575 3682 decreto,
597 3631 652 3683 quo
671 3612 826 3684 Cyprianus
845 3611 924 3682 epist.
944 3618 977 3668 66
995 3613 1048 3682 (sd.
1067 3614 1183 3684 Pamel.)
1202 3623 1302 3686 pridem
1319 3626 1347 3673 in

108 3701 190 3751 seeo
203 3707 375 3771 episcoporum
392 3700 529 3754 statutum
546 3696 626 3765 dicit,
645 3719 676 3752 ne
694 3705 750 3768 quis
767 3703 800 3752 rie
817 3703 919 3751 clericis
936 3711 980 3753 out
989 3703 1039 3753 Dei
1055 3706 1176 3755 ministris
1188 3712 1295 3757 tutorem
1307 3710 1347 3759 oei

111 3788 222 3840 mes
236 3797 385 3841 termento
401 3804 448 3840 sao
465 3789 609 3839 constituor.
645 3783 717 3838 Nam
739 3782 804 3837 licet
826 3782 999 3839 Justinianus
1015 3801 1039 3839 c.
1058 3791 1090 3840 52
1109 3784 1138 3841 C.
1157 3787 1178 3853 Ι,
1195 3794 1211 3843 3
1229 3789 1346 3857 condat,

115 3858 234 3939 Μαι,
249 3871 445 3942 presbyteros,
464 3870 609 3935 rhamnos,
627 3867 810 3923 subdiaconos
822 3885 856 3923 ac
867 3868 1018 3924 monachos
1029 3875 1204 3927 matiscen
1216 3878 1345 3942 ipsojare

116 3958 175 4003 Μ
189 3958 277 4013 som
298 3962 406 4025 melae,
428 3956 523 4010 tamen
540 3952 609 4008 Nos.
632 3958 680 4008 123
698 3970 720 4008 c.
740 3959 756 4007 5
778 3952 929 4024 permittit,
950 3959 1134 4025 presbyteros,
1157 3963 1279 4013 dmconos
1300 3971 1344 4014 aar

115 4029 244 4097 Qus
254 4046 320 4110 jare
337 4045 495 4112 momente
513 4045 548 4094 ad
564 4046 667 4093 tutelam
684 4046 724 4094 uel
734 4059 819 4093 emma
831 4050 935 4094 vocatos
947 4043 1092 4107 eujusmodi
1102 4046 1345 4099 Mminuoadonern

115 4120 222 4193 ΨΜ,
236 4133 262 4181 si
278 4139 361 4182 tanen
379 4131 448 4179 intra
466 4136 576 4195 quotuor
592 4142 701 4186 menses,
720 4144 756 4178 ec
773 4144 822 4194 qno
840 4129 923 4179 coceii
939 4136 1010 4186 sant,
1030 4131 1101 4194 apud
1110 4131 1226 4193 jndicem
1244 4149 1344 4198 compe·

115 4199 178 4258 ’Μ
190 4215 386 4274 declaraverint,
403 4217 480 4265 lolem
496 4215 739 4265 ammirationem
755 4216 866 4279 proprio
882 4216 1048 4266 semianime
1064 4218 1215 4281 occepisse.
1245 4213 1342 4282 Neque

115 4290 160 4339 ¹⁸¹0
174 4290 212 4348 tic
230 4295 359 4365 arguitur
381 4294 526 4362 diaconus,
549 4294 625 4363 quod
647 4295 835 4365 orphanorum
857 4311 952 4349 curam
975 4293 1113 4366 suscipere
1135 4295 1268 4363 noluerit,
1294 4297 1343 4352 sed

115 4370 166 4431 Μ
181 4379 233 4448 eju
253 4380 313 4435 sice
335 4379 465 4450 suscepta
485 4379 655 4451 pupillorum
677 4379 753 4434 bona
770 4377 954 4450 dissipaverit.
992 4379 1048 4436 Sed
1068 4387 1097 4437 ot
1119 4381 1264 4436 concilium
1282 4380 1342 4436 cal-

114 4446 249 4522 macus
267 4472 320 4522 c.3
338 4463 468 4521 clericum
485 4481 519 4519 ex
536 4465 599 4534 lege
617 4470 654 4519 od
669 4470 788 4520 minorum
807 4471 898 4529 tutelas
909 4470 1096 4521 inexcusabiles
1107 4465 1202 4521 vocari
1219 4467 1280 4521 ium
1293 4482 1342 4538 po·

8 4588 13 4597 .
112 4536 172 4601 ιΙιίε
184 4550 277 4607 innuit
314 4549 448 4606 Similiter
465 4565 541 4604 cono.
559 4549 759 4605 Aurelianense
777 4566 840 4605 anu.
860 4556 908 4606 541
928 4567 951 4606 c.
967 4557 1006 4606 13.

156 4634 226 4701 'ilis
241 4635 339 4692 D‘H'.
374 4635 429 4689 ΤΖ
452 4639 596 4690 bonisculis.
634 4634 725 4705 Magis
746 4635 869 4705 placeret
890 4640 1023 4699 donicata,
1046 4635 1112 4692 licet
1134 4637 1209 4692 recte
1232 4635 1341 4692 dicatur
1440 4676 1443 4681 -

101 4726 232 4779 mis.
260 4719 342 4777 Certe
359 4719 455 4777 tenuia
472 4720 547 4776 bona
563 4720 713 4789 haerese,
732 4737 803 4789 quac
821 4738 855 4776 ex
873 4719 1042 4792 pupillorum
1060 4720 1155 4776 libello
1173 4720 1283 4777 videtur
1300 4740 1341 4779 re·

94 4801 177 4875 Ρῶο
194 4804 390 4875 'lffflffifflm

87 4898 116 4953 u
147 4892 165 4959 ¹)
181 4890 201 4945 1.
214 4907 240 4947 e.
257 4891 437 4948 vehementer
454 4889 550 4962 cupias
567 4891 612 4946 sel
629 4890 777 4949 desideres.
813 4891 897 4948 Forte
914 4891 1064 4962 legendum
1079 4896 1219 4962 percipias.
