3412 5664
558 114 754 164 sersaonsu
778 107 806 163 7.
830 106 860 164 8.
1283 107 1345 170 337

23 282 194 357 titoque
215 268 392 335 seeundum
412 267 684 335 Calchedonensis
706 270 835 334 decreta
858 270 986 335 concilii
1009 271 1051 335 ab
1072 270 1248 357 apostolica
1270 275 1344 339 sede
1358 283 1394 349 (a.
1406 288 1476 353 493.)

35 371 214 447 camneti
228 373 316 453 sunt,
340 361 559 458 obstinatique
581 373 617 437 iu
632 371 744 437 eadem
759 371 966 437 damnatione
984 372 1140 457 defuncti,
1164 374 1345 459 pernicioso

44 485 179 550 furore
203 472 397 557 defendunt,
433 476 466 538 ct
493 494 602 538 eorum
628 474 852 539 recitationem
881 474 1048 540 Ecclesiae
1076 475 1254 541 catholicae
1281 501 1347 543 rno-

52 582 194 651 liuntur
214 576 375 662 ingerere.
420 574 542 651 Quibus
565 577 686 661 utique,
710 576 795 662 quod
818 577 912 661 absit,
936 577 1086 661 receptis,
1116 579 1214 643 etiam
1237 583 1347 644 conta·

66 687 162 774 glum
181 677 361 761 pravitatis,
385 678 437 743 eui
459 700 494 743 se
517 678 739 743 communione
762 679 938 762 sociarunt,
964 686 1196 765 cousequenter
1210 682 1346 747 iucurri-

72 796 135 866 ιω,
160 779 446 863 quemadmodum,
471 780 555 866 quod
584 780 742 845 Dominus
775 785 910 864 avertat,
945 782 972 847 si
995 783 1067 846 Arii
1096 783 1146 847 rel
1175 784 1347 868 cujuslibet

79 881 224 953 haeretici
245 881 287 946 ad
310 882 562 947 ecelesiasticam
584 884 808 948 recitationem
830 906 949 948 nomen
972 884 1165 970 admittitur,
1195 886 1290 951 simul
1313 891 1347 951 et

88 984 263 1054 consortium
286 983 487 1049 detestabilis
511 984 626 1050 erroris
649 986 831 1050 assumitur.

162 1085 191 1149 4.
229 1084 323 1151 Unde
350 1087 425 1171 quia
452 1109 592 1152 errorem
620 1088 747 1173 quidem
778 1088 941 1171 fatentur,
974 1089 1029 1153 sed
1063 1111 1100 1154 ea
1133 1090 1194 1155 sibi
1227 1094 1347 1175 putant

42 1260 57 1275 Ι,
99 1188 327 1255 communionem
356 1189 549 1259 catholicam
577 1189 760 1255 conditione
788 1191 977 1274 laxandam,
1013 1194 1051 1255 ut
1077 1193 1209 1257 nomina
1236 1215 1345 1258 eorum

101 1291 142 1374 qui
160 1291 358 1374 praevaricati
385 1296 461 1356 sunt
494 1292 558 1356 illis
586 1293 621 1356 iu
650 1291 785 1357 eeclesia
812 1293 949 1358 recitare
978 1294 1022 1357 sit
1042 1293 1178 1378 licitum,
1214 1299 1246 1359 et
1278 1280 1345 1360 nou

104 1395 155 1454 tam
176 1391 227 1476 ipsi
254 1392 414 1479 corrigere
443 1416 541 1479 quam
569 1394 789 1459 sinceritatem
807 1395 1013 1460 ,catholicam
1038 1395 1169 1460 inficere
1197 1397 1346 1461 nitantur

107 1495 224 1579 canapo
243 1494 454 1580 perfidorum:
482 1497 688 1562 dilectionem
711 1500 851 1561 vestram
872 1497 1036 1562 fraternae
1060 1499 1203 1563 caritatis
1227 1499 1345 1563 affectu

107 1615 154 1657 uon
170 1595 338 1663 destitimus
361 1599 543 1682 admouere,
573 1603 609 1663 ut
631 1600 659 1663 si
681 1600 736 1683 qui
766 1600 846 1664 talia
868 1601 1065 1664 seminantes
1088 1600 1128 1665 ad
1150 1605 1274 1666 vestras
1296 1623 1344 1665 re-

107 1695 189 1778 giones
207 1699 288 1765 forte
309 1703 527 1786 pervenerint,
551 1702 652 1766 modis
675 1702 823 1767 omnibus
846 1702 1066 1787 excludantur,
1097 1703 1248 1788 vobisque
1272 1725 1344 1767 eum

106 1795 157 1861 sede
173 1799 251 1867 beati
274 1804 410 1888 apostoli
434 1803 532 1888 Petri,
557 1805 640 1869 sicut
655 1826 673 1868 a
688 1804 835 1889 patribus
858 1806 976 1869 nostris
993 1810 1042 1869 est
1064 1805 1194 1888 tradita,
1217 1805 1344 1870 illibata

107 1905 251 1987 munio
273 1909 370 1991 atque
392 1928 431 1971 ex
454 1908 541 1971 omni
563 1910 656 1992 parte
677 1907 866 1971 inconvulsa
893 1908 1054 1992 perduret.
1103 1906 1197 1974 Certe
1222 1907 1342 1994 siquis

106 2020 171 2066 tures
190 2011 307 2073 vestras
330 2008 368 2072 de
391 2007 451 2074 hac
475 2010 645 2074 crediderit
671 2009 877 2094 subreptione
905 2009 1096 2095 pulsandas,
1127 2009 1342 2075 sollieitudine

106 2107 227 2184 parcns
248 2111 287 2175 ad
308 2132 368 2175 nos
389 2132 486 2195 quarn
509 2112 603 2176 eitius
626 2111 745 2175 referre
767 2113 956 2196 properetis,
986 2115 1022 2176 ut
1032 2113 1070 2198 ¹⁰)
1089 2112 1255 2182 ‚communi
1277 2114 1342 2177 stu-

107 2202 144 2267 dio
163 2211 369 2298 catholicoque
397 2217 539 2279 tractatu
566 2236 625 2297 pro
653 2214 745 2277 domo
773 2214 868 2278 unius
895 2214 1027 2279 Domini
1057 2215 1164 2279 cuncti
1193 2214 1343 2279 catholici

108 2307 241 2380 fflssltrsnt
261 2315 457 2380 sacerdotes:
485 2320 522 2380 ut
552 2320 585 2380 et
611 2337 692 2400 quae
714 2316 910 2382 orthodoxae
938 2316 1118 2381 befinitioni
1142 2320 1340 2402 competunt,

105 2408 263 2481 intemerata
284 2421 463 2501 serventur,
488 2421 520 2482 et
542 2421 701 2502 quatenus
717 2419 900 2483 errantibus
916 2419 1031 2482 debeat
1047 2419 1221 2501 subveniri,
1245 2419 1342 2483 ratio·

105 2509 185 2577 rabili
201 2517 425 2584 deliberatione
444 2524 606 2585 noscatur.
652 2518 743 2584 Haec
765 2524 873 2607 autem
895 2525 1002 2584 vestra
1023 2520 1152 2584 dilectio
1181 2521 1278 2584 etiam
1301 2521 1342 2585 ad

102 2615 242 2702 contiguas
268 2622 328 2686 sibi
363 2644 505 2708 quasque
538 2622 720 2706 provincias
754 2624 937 2706 vicinosque
965 2623 1133 2707 pontifices
1166 2623 1342 2706 prudenter
1446 2651 1450 2659 «

98 2716 184 2784 sedat
198 2723 369 2808 pervenire,
398 2724 481 2811 ut¹¹)
511 2723 718 2789 ecclesiarum
748 2725 912 2809 praesules
934 2724 1090 2807 universi,
1119 2723 1265 2787 veritatis
1293 2723 1341 2786 in·

94 2821 248 2889 structione
283 2829 451 2910 percepta,
487 2826 686 2893 mortiferam
720 2826 881 2890 declinare
916 2825 1044 2890 valeant
1069 2825 1256 2889 falsitatem.
1303 2831 1343 2889 Et

87 2928 263 3007 sslscrtptr'o:
285 2926 374 2994 Deua
396 2950 451 2994 ros
473 2928 647 2994 incolumes
669 2929 838 3013 custodiat,
862 2929 979 2993 fratres
1003 2927 1176 2991 carissimi!

591 3131 773 3236 Epistola
798 3133 832 3218 8.

279 3285 386 3354 Beati
410 3285 545 3356 (lelasli
569 3303 679 3369 papae
702 3284 745 3352 ad
768 3287 930 3353 Natalem
952 3284 1129 3353 abbatem.
1351 3305 1467 3373 (area.)

10 3436 47 3488 a,
105 3424 243 3483 Attalen,
265 3430 340 3493 crrjnr
356 3428 506 3478 laudabilem
523 3429 641 3492 preside
658 3428 924 3490 catholieaseraorern
947 3444 982 3477 ex
1005 3429 1114 3492 epistola
1132 3427 1168 3476 nd
1184 3424 1305 3477 Serenum

99 3514 249 3579 episcopan
265 3514 342 3563 missa
359 3513 481 3578 coenavit,
499 3514 621 3563 sollicitae
631 3513 753 3578 pontifex
764 3513 889 3571 bortatur,
908 3520 935 3561 nt
952 3515 1140 3564 instructionem
1156 3513 1227 3561 redis
1244 3527 1294 3575 apo

237 3685 374 3695 ..-a-...⁴

52 3806 149 3862 ων
173 3803 206 3855 ut
225 3805 254 3855 ct
275 3799 349 3856 ratio
370 3799 514 3871 postulant
534 3803 783 3856 commeaverant.
819 3797 872 3855 Hie
893 3797 997 3870 quippe
1019 3800 1152 3856 notantur
1172 3799 1288 3855 Aeacius
1311 3803 1340 3854 et

52 3888 208 3951 flavitas,
224 3886 272 3940 aed
289 3885 409 3941 marinis
427 3887 555 3953 Aeacius,
575 3886 622 3955 qui
639 3886 797 3942 haereticae
815 3884 1015 3940 communionis
1033 3885 1199 3954 contagione
1217 3885 1340 3956 pollutus

52 3975 193 4043 ideoque
208 3970 356 4026 damnatus
373 3970 402 4025 in
420 3971 519 4027 eadem
535 3971 715 4027 damnatione
734 3970 880 4025 defunctus
898 3971 948 4024 est.
974 3968 1039 4023 Mox
1057 3968 1090 4024 G¹
1103 3986 1137 4024 ee
1156 3975 1229 4036 Quod
1245 3977 1338 4040 atique.

137 4078 172 4142 ω)
192 4075 233 4128 lta
250 4073 284 4129 (3¹
298 4075 348 4139 0¹⁰3
367 4076 393 4127 c'
411 4085 435 4128 et
453 4081 583 4137 cermrrunr',
608 4074 683 4142 quod
706 4091 768 4127 cum
790 4072 923 4143 proximis
940 4072 1032 4127 verbis
1049 4073 1139 4126 minus
1158 4075 1223 4142 apte
1243 4072 1339 4125 cohae-

52 4165 118 4220 ret.
150 4158 289 4224 Quorsrun
307 4159 381 4213 enim
394 4158 519 4213 Gelasiue
536 4176 621 4229 quam
638 4159 758 4229 primurn
777 4158 814 4213 ad
831 4177 860 4212 se
877 4158 974 4213 referri
992 4157 1064 4223 vult,
1083 4158 1105 4210 si
1124 4157 1171 4224 qui
1184 4154 1259 4225 apud
1271 4155 1339 4210 Dar·

54 4250 156 4304 danos
180 4243 423 4315 deprehendantur
440 4243 571 4299 Acaeiani
593 4243 747 4298 schismatis
770 4245 906 4309 lautores,
928 4242 980 4296 rrisi
1003 4244 1034 4295 ut
1056 4242 1115 4311 ipse
1138 4259 1199 4295 eum
1223 4239 1338 4293 concilio

55 4350 118 4389 auo
136 4332 225 4397 atque
243 4328 309 4399 ipsis
320 4327 459 4384 Dardanis
470 4328 630 4400 prospiciat,
649 4346 704 4398 quo
716 4331 800 4398 paeto
813 4331 841 4382 et
853 4327 1034 4383 subveniatur
1046 4325 1212 4390 errantibus,
1231 4325 1260 4378 et
1272 4324 1340 4377 fides

55 4416 238 4475 intemerata
254 4415 387 4468 aneas.

135 4520 169 4585 ¹¹)
189 4516 225 4572 θ’
238 4519 265 4571 a¹
283 4528 311 4570 al
328 4521 365 4571 ad
380 4524 542 4572 ecclesiaram
559 4522 703 4587 marcnes,
723 4515 769 4572 alii
789 4516 856 4571 editi
874 4528 902 4571 at
918 4523 1081 4571 ecelesiarum
1091 4521 1226 4584 praesules
1239 4519 1339 4566 uniuer-

54 4626 108 4663 sae
126 4608 259 4663 enitatis,
278 4601 368 4656 minus
385 4601 465 4656 bene.
502 4603 563 4657 Non
583 4603 655 4656 enim
677 4604 706 4655 in
724 4603 776 4655 hae
795 4601 913 4671 epistola
930 4602 995 4656 fidei
1013 4600 1149 4670 expositio
1167 4601 1227 4651 tum
1245 4597 1340 4668 ampla

54 4697 183 4759 tamque
201 4685 313 4755 integra
330 4685 409 4741 adita
426 4688 480 4754 est,
499 4689 530 4739 ut
548 4693 687 4740 rinicerean
705 4693 836 4740 ceritatem
853 4687 881 4739 in
900 4702 934 4741 ea
952 4686 1130 4755 explanatam
1143 4681 1235 4737 dicare
1248 4682 1339 4738 liceat.

94 4772 262 4830 unstrout
276 4790 378 4826 aona.
394 4791 505 4829 courir.
524 4776 545 4829 Ι,
1098 4777 1136 4831 22
