3412 5664
553 315 748 364 nersrcmn
773 307 823 363 17.
850 306 898 363 18.
1311 305 1373 370 383

131 471 276 530 Ilieorum,
295 473 340 539 qai
356 470 612 536 obliuipcdionoram
630 476 759 523 consortio
776 488 804 523 se
823 489 872 523 noa
889 479 1034 536 ecprepont,
1054 477 1245 526 communionem
1263 479 1341 527 vitent
1387 501 1411 537 a,
1423 490 1480 538 494,

123 555 167 619 ,(ιι.
180 555 221 619 2),
252 558 291 607 ud
307 558 386 622 ipsum
404 565 485 607 autem
507 559 539 606 de
558 559 622 620 fidei
639 558 789 607 instantibus
812 558 926 608 crebrius
943 559 1071 621 cadant,
1095 561 1224 626 ipsiusque
1247 565 1340 612 monito

130 642 219 691 vidua
245 643 386 706 prouinciis
413 649 473 693 noto
498 643 598 705 samoni
622 640 657 704 (a.
673 640 708 704 3).
758 643 792 692 [lt
810 643 841 690 eir
861 644 957 692 artibus
971 651 1086 718 ¹criticam
1103 647 1219 710 episcopi
1233 645 1339 697 Thessa-

130 727 277 783 ioaiccusis‚
298 729 341 792 qui
358 745 374 776 a
391 729 523 777 rediendo
542 729 638 778 nominc
652 729 744 776 Aeacii
760 727 888 778 obstinere
907 733 993 778 nolens
1012 732 1168 793 apostolicae
1186 732 1256 781 sedis
1273 747 1358 782 com--

130 814 271 862 nutriorem
288 827 339 862 aon
357 814 447 863 meruit
463 811 499 876 (a.
512 810 548 876 4).
584 813 623 862 Nc
641 812 796 877 persuaderi
812 813 861 861 sibi
878 816 972 876 sinant,
992 815 1088 863 Acacio
1107 817 1338 880 praeuaricationis

128 912 193 946 suec
210 898 307 946 crimen
322 897 404 959 subsc
422 901 542 956 luxoium,
563 905 606 946 eui
624 898 655 947 ab
674 899 817 962 apostolice
834 900 895 948 sede
911 902 1045 964 propriam
1062 901 1190 964 injuriam,
1212 917 1261 951 noa
1277 903 1339 959 fidei

373 989 398 1033 ct
415 985 591 1033 communionis
608 983 748 1033 catholicoe
767 983 867 1032 cerream
886 991 997 1034 truciore·
1013 984 1049 1048 (a.
1062 984 1097 1048 ὃ).

253 1097 437 1180 Gelasius
469 1117 679 1202 episcopus
713 1117 913 1181 universis
948 1118 1150 1202 episcopis
1178 1142 1246 1203 per
1280 1120 1371 1184 Dar-

349 1218 536 1306 daniam¹)
559 1219 642 1282 sive
664 1240 731 1302 per
753 1218 961 1302 Illyricum
984 1221 1231 1285 constitutis.

187 1340 216 1401 1.
284 1338 460 1402 Audientes
482 1337 691 1402 orthodoxam
720 1341 844 1402 vestrae
873 1338 1052 1403 dilectionis
1083 1340 1117 1402 in
1141 1340 1268 1406 Christo
1298 1364 1371 1407 eon-

96 1438 267 1521 stentiam,
292 1443 387 1524 atque
409 1440 455 1504 ita
477 1463 532 1505 vos
555 1441 705 1524 antiquae
727 1440 802 1504 fidei
825 1441 1119 1525 communionisque
1142 1443 1285 1508 sincerae
1307 1450 1371 1509 tra-

94 1542 277 1607 ditionibus
300 1541 514 1627 inhaerentes,
539 1547 575 1606 ut
596 1545 736 1606 mentem
760 1542 962 1608 Christianae
985 1545 1124 1609 deditam
1147 1548 1275 1611 veritati
1302 1548 1371 1611 nul·

94 1645 227 1709 latenas
254 1644 429 1710 infecerint
454 1646 747 1731 praevaricatorum
774 1645 881 1709 vicina
904 1647 1064 1732 contagia,
1092 1648 1370 1733 magnificavimus

93 1746 283 1830 Dominum,
309 1747 537 1832 caritatemque
560 1751 699 1812 vestram
720 1748 826 1812 missis
847 1747 964 1812 litteris
987 1748 1105 1833 alloqui
1126 1773 1183 1835 per
1204 1751 1370 1836 religiosos

90 1849 181 1913 viros
204 1849 288 1914 filios
311 1854 437 1914 nostros
460 1851 655 1936 cyprianum
678 1855 773 1935 atque
796 1851 973 1916 Macarium
995 1851 1144 1916 diacones
1172 1856 1241 1917 tota
1267 1854 1370 1918 cordis

90 1952 254 2016 avirlitate
277 1954 472 2017 curavimus:
496 1953 647 2037 quoniam
670 1975 727 2037 pro
743 1954 827 2017 sedis
844 1953 1037 2037 apostolicae
1059 1953 1255 2039 principatu,
1280 1957 1369 2040 cujus

88 2053 279 2119 sollicitudo
301 2054 449 2140 delegata
471 2056 625 2120 divinitus
648 2056 772 2120 eunetis
800 2055 933 2119 debetur
956 2056 1107 2139 ecclesiis,
1142 2078 1201 2120 nos
1224 2057 1368 2142 ammas,

85 2158 116 2222 si
140 2179 202 2222 vos
224 2157 321 2222 statis
336 2158 371 2222 in
386 2157 533 2242 Domine,
557 2158 747 2243 magnisque
764 2157 889 2242 gaudiis
912 2158 1156 2242 triumphamus,
1181 2181 1279 2243 quum
1301 2160 1370 2224 ubi-

83 2282 152 2346 que
175 2264 339 2324 terrarum
360 2259 534 2325 Dominum
557 2260 698 2326 Sabaoth
720 2282 829 2324 semen
851 2282 949 2344 purae
973 2260 1182 2339 confessionis
1204 2262 1369 2347 reliquisse

82 2363 338 2449 cognoscimus,
367 2363 451 2446 quod
473 2384 539 2427 non
561 2364 596 2427 in
618 2366 747 2447 petrosa
770 2363 941 2427 deveniens
971 2350 1061 2427 aestu
1084 2358 1274 2427 tentationis
1298 2387 1369 2429 exa-

80 2468 173 2550 ruit,
211 2485 275 2529 nec
306 2465 375 2529 viae
402 2465 580 2548 proximum
609 2465 724 2529 cecidit
752 2466 980 2550 vagantibusi)
1008 2465 1148 2529 inimicis
1179 2468 1367 2550 expositum,

76 2590 148 2634 nec
175 2568 213 2631 in
236 2567 341 2652 spinis
362 2567 456 2631 inuit
477 2567 706 2651 suffocandum,
731 2568 785 2631 sed
808 2569 842 2630 in
865 2568 983 2631 bonam
1005 2571 1125 2631 terram
1141 2568 1213 2652 piae
1230 2569 1369 2633 devotio-

74 2672 136 2736 nis
162 2671 297 2735 vestrae
320 2669 448 2734 coelesti
471 2669 594 2734 satione
617 2670 793 2753 dispersum
817 2670 849 2732 in
860 2670 1066 2754 trigesimum
1088 2672 1121 2733 et
1135 2670 1369 2754 sexagesimum

71 2778 239 2840 fructum
263 2771 544 2856 centenariumque
567 2773 720 2855 proiecit,
749 2772 1043 2856 profectionemque
1070 2773 1194 2836 scilieet
1214 2772 1369 2836 frumenti

67 2875 252 2943 dominici
274 2874 410 2958 mystica
431 2873 591 2939 locutione
614 2874 797 2958 designans.

174 2979 210 3043 2.
252 2976 452 3061 Quapropter
475 2977 709 3040 exsultantibus
738 2976 853 3041 animis
882 2975 1093 3040 confidentius
1116 2976 1303 3058 incitamuS,
1333 2979 1369 3039 ut

64 3083 120 3150 ab
148 3077 387 3165 Eutychianae
408 3079 508 3164 pestis
535 3078 667 3143 incursu
696 3082 827 3162 pectora
849 3082 955 3142 vestra
984 3077 1147 3161 sapienter
1175 3077 1406 3193 intemerataM
1423 3141 1457 3193 Η

61 3182 248 3251 serveria
269 3181 426 3268 ‚quoniam
444 3181 513 3265 jam
535 3189 588 3261 qai
605 3191 782 3262 prmscocroi
804 3202 897 3260 usquc
919 3187 950 3244 ia
968 3187 1074 3259 finem,
1104 3186 1154 3245 liic
1175 3187 1277 3245 solvus
1298 3186 1366 3244 erit.
1389 3143 1475 3272 13AE

64 3293 246 3355 omnious
268 3297 447 3366 properet,
477 3289 554 3350 nidd
573 3290 696 3350 solliciti
720 3290 801 3356 sitim
831 3281 987 3366 siquidem
1009 3283 1112 3366 major
1134 3285 1192 3367 est,
1221 3282 1310 3368 quii)
1332 3281 1367 3345 in
1382 3276 1479 3379 naq.

60 3389 186 3458 nobis
209 3389 279 3469 est,
312 3408 407 3472 quam
428 3387 482 3472 qui
504 3386 539 3450 in
562 3387 623 3450 hoc
650 3386 785 3469 mundo,
814 3406 1013 3470 regnmnque
1035 3385 1166 3449 Domini
1194 3385 1281 3448 intra
1308 3405 1367 3448 nos
1402 3351 1459 3410 4''’'

61 3514 154 3559 esse
182 3488 355 3574 Scriptura
377 3492 518 3554 testante
539 3488 583 3552 sit
605 3491 736 3552 certum.
782 3486 828 3552 Ut
850 3491 957 3551 autem
980 3487 1020 3550 ab
1043 3509 1162 3570 eorum,
1186 3486 1296 3571 quiin
1319 3507 1365 3550 er-

61 3616 157 3663 rore
184 3593 270 3656 sunt
290 3591 397 3677 positi,
420 3590 517 3656 noxia
539 3591 692 3656 societate
716 3589 871 3672 caveatis,
899 3589 1025 3653 nullum
1052 3589 1171 3652 talibus
1195 3588 1368 3653 communi-

61 3699 227 3765 mntem
250 3691 290 3757 ud
311 3697 453 3759 veebum
473 3692 637 3779 recipiatis
659 3692 803 3777 qualibet
820 3692 1030 3775 subreptione
1053 3691 1263 3756 consortium:
1293 3691 1368 3776 quia

61 3802 176 3868 sieut
196 3796 238 3861 in
259 3817 449 3882 unaquaque
471 3795 594 3860 haeresi
624 3816 696 3858 cum
723 3794 892 3878 pravitatis
921 3798 1049 3858 anctore
1072 3795 1223 3858 damnato
1245 3815 1368 3858 succes-

64 3922 181 3970 sores
204 3897 279 3982 ejus
306 3902 338 3963 et
366 3899 534 3984 complices
562 3903 657 3982 atque
686 3896 867 3980 hujusmodi
895 3897 1105 3960 sectatoribus
1134 3894 1256 3979 polluta
1286 3917 1368 3959 ccm-

64 4002 252 4073 munione
272 3999 446 4084 permixtos
469 3999 626 4065 catholica
648 3998 749 4063 vitare
772 3998 868 4062 debet
888 3998 1071 4083 integritas,
1105 3997 1151 4061 ita
1175 4020 1247 4062 cum
1269 3997 1367 4081 lluty-

67 4109 188 4175 chetc
212 4102 387 4168 Dioscorus
408 4102 565 4187 simulque
587 4100 772 4166 Timotheus
788 4099 926 4164 Aelurus
948 4104 981 4164 ct
1002 4099 1115 4163 Petrus
1131 4099 1368 4163 Alexandrinus

68 4213 233 4298 ejusque
262 4205 513 4272 communicator
534 4203 673 4270 Aeacius
701 4226 762 4269 nec
789 4224 855 4268 non
884 4202 981 4267 etiam
1003 4201 1226 4267 Antiochense
1252 4201 1368 4265 Petrus

1382 2339 1481 2394 Matth.

1385 2414 1486 2475 l3,3ss.

1396 3464 1460 3518 Luc.

1381 3539 1420 3593 17,
1432 3541 1472 3587 el.

161 4466 184 4534 ¹)
203 4461 295 4519 Notat
311 4462 452 4531 Labbens,
470 4449 684 4533 in'quibusdam
703 4462 843 4520 codicibus
861 4461 917 4535 legi
935 4475 960 4519 er
978 4468 1090 4518 daciam.
1120 4464 1152 4519 In
1164 4461 1259 4539 vigilii
1276 4479 1367 4533 papae

74 4550 251 4608 constituto
274 4566 324 4605 scu
345 4549 464 4620 epistola
486 4556 518 4605 24
541 4569 568 4606 n.
588 4556 636 4606 125
658 4550 728 4606 haec
750 4550 869 4619 epistola
892 4550 995 4604 citatur
1017 4555 1048 4602 ut
1070 4555 1105 4602 ud
1128 4554 1277 4602 Dardaniae
1299 4555 1369 4617 epir-

74 4656 174 4709 copon
192 4633 308 4705 Ulpi&
660 4676 663 4687 ·
862 4664 870 4691 ι

158 4723 184 4790 2)
202 4720 250 4776 Im
266 4721 313 4789 G',
330 4722 362 4776 ut
374 4720 436 4791 jam
453 4725 482 4778 al
498 4720 654 4792 suspicatus
672 4723 775 4790 suerat;
794 4722 825 4776 at
842 4721 909 4776 editi
928 4725 1074 4777 carentibus
1135 4724 1240 4774 coelesti
1253 4723 1367 4785 sectione

76 4816 250 4881 dispersm

161 4896 184 4964 ¹)
203 4892 251 4947 Ira
268 4891 318 4960 (3¹3
335 4892 404 4948 editi
421 4900 489 4965 quod
505 4899 532 4948 ia
550 4897 622 4948 uobis
641 4936 676 4953 ...
697 4913 742 4949 ooo
760 4901 835 4948 ctiam
852 4898 990 4962 scriptura.
