3412 5664
699 326 871 376 uersroua
895 317 966 376 140.
1407 312 1471 377 969

282 483 314 551 4.
352 483 421 549 Nec
443 505 498 549 vos
520 482 699 568 aliquorum
727 480 902 546 obstinatio
929 481 1044 546 reddat
1071 504 1091 547 a
1118 482 1280 566 proposito
1302 482 1470 568 pigriores.
1486 500 1580 551 asel.

200 587 325 653 Durum
353 589 417 669 est,
444 588 481 650 ut
503 585 664 650 efficacior
691 585 734 649 sit
762 605 871 648 eorum
897 584 1077 668 pertinacia
1104 584 1161 670 qui
1180 584 1328 650 dividunt
1348 607 1471 671 paoem,

196 711 295 774 quam
317 709 425 753 eorum
446 686 502 772 qui
524 690 672 751 asserunt
697 686 865 751 unitatem.
910 687 1071 751 Amentur
1098 687 1247 770 vulnera,
1277 709 1375 772 quum
1400 711 1473 774 pro·

197 791 370 856 videantur
390 812 449 874 pro
471 788 575 854 salute
596 788 747 871 remedia,
771 792 803 853 et
817 788 1101 875 praeoptabiliusl)
1125 810 1193 853 esse
1212 792 1344 873 putetur
1358 790 1473 856 sociari

198 915 273 958 cum
294 892 446 976 mortuis,
476 914 572 976 quam
592 891 761 956 inhaerere
784 912 856 955 eum
877 889 968 955 vivis.
1013 892 1069 955 An
1090 911 1157 955 non
1179 912 1315 976 aequum
1337 896 1402 978 est,
1437 897 1474 958 ut

196 995 341 1081 religiosi
363 993 519 1079 principis
541 993 721 1058 subdantur
741 992 892 1077 imperio,
930 992 984 1077 qui
1009 1013 1076 1057 non
1104 996 1274 1058 moventur
1304 994 1473 1079 exemplo?

197 1097 275 1163 Non
297 1097 402 1163 omnis
424 1096 554 1182 aeger⁸)
577 1094 758 1160 salubribus
781 1094 970 1179 acquiescit,
993 1098 1027 1159 et
1046 1094 1194 1160 medendi
1215 1094 1356 1160 studium
1378 1118 1472 1182 saepe

197 1199 279 1284 ipsis
307 1199 422 1284 quibus
451 1197 620 1263 adhibetur
647 1197 813 1282 ingratum
847 1199 912 1261 est:
949 1199 982 1261 et
1008 1199 1119 1262 tamen
1146 1200 1241 1283 grata
1268 1201 1318 1262 est
1345 1198 1473 1263 admota

198 1322 258 1386 pro
281 1300 384 1366 salute
411 1299 604 1382 necessitas,
632 1319 694 1363 nec
721 1297 784 1383 ipsi
811 1301 885 1382 post
911 1298 1155 1383 respirationem
1182 1320 1249 1364 non
1276 1303 1351 1364 sunt
1377 1300 1473 1366 bene·

197 1403 282 1468 ficiis
304 1402 451 1485 obnoxii,
481 1402 535 1486 qui
564 1403 719 1466 curantur
746 1400 851 1464 inviti.
901 1399 1052 1467 Cavenda
1081 1405 1131 1466 est
1159 1401 1325 1466 subtilium
1352 1425 1473 1489 magna

199 1504 487 1588 circumspectione
508 1502 678 1587 calliditas,
702 1503 757 1589 qui
778 1503 933 1587 ingerunt
955 1501 1110 1588 difficilia,
1134 1503 1209 1568 dum
1224 1503 1373 1568 nituntur
1386 1505 1473 1569 labe-

198 1607 324 1671 factare
353 1606 539 1693 eomposita.
590 1605 634 1669 Et
662 1605 733 1690 quis
765 1603 826 1668 hoe
853 1604 955 1688 possit
982 1604 1166 1689 admittere,
1199 1608 1237 1671 ut
1263 1605 1303 1669 ad
1331 1605 1388 1670 illa
1415 1629 1474 1691 per

198 1728 312 1794 pacem
336 1709 502 1774 credamur
524 1707 654 1789 adduci,
685 1706 725 1770 ad
752 1727 833 1791 quae
860 1728 926 1771 non
954 1707 1115 1790 potuimus
1138 1707 1315 1773 discordiae
1336 1710 1472 1773 necessi-

199 1814 268 1876 tate
291 1810 453 1895 compelli3
485 1813 517 1875 et
537 1812 670 1893 putetur
692 1831 843 1894 aequum,
871 1810 907 1871 ut
930 1812 1042 1872 eontra
1069 1809 1205 1874 salutern
1226 1808 1377 1894 princeps
1399 1811 1473 1875 sub-

195 1914 357 1998 jectorum
378 1911 577 1977 voluntatem
599 1910 795 1995 sequaturl),
818 1932 914 1996 quam
936 1932 994 1994 pro
1016 1933 1074 1976 sua
1096 1910 1198 1977 salute
1219 1912 1356 1997 subjecti
1385 1913 1474 1998 prin·

199 2015 282 2100 cipis
303 2037 382 2080 non
403 2013 602 2079 famulentur
624 2012 783 2097 imperio?

285 2117 317 2183 5.
354 2116 462 2201 Ipsam
484 2115 545 2180 tibi
565 2136 706 2199 meeum,
729 2115 922 2180 venerabilis
937 2116 999 2200 fili,
1024 2116 1115 2180 erede
1130 2114 1309 2182 Ecclesiam
1324 2117 1385 2182 Dei
1400 2141 1472 2204 sup-

198 2220 337 2306 plicare,
366 2221 404 2283 ut
429 2240 500 2282 earn
527 2217 596 2282 sine
623 2217 749 2282 macule
778 2221 810 2281 et
836 2239 934 2302 ruga,
969 2217 1053 2282 sicut
1079 2218 1141 2282 scis
1169 2217 1307 2284 Domino
1334 2220 1471 2305 placere,
1486 2206 1555 2276 Eph.

199 2321 371 2402 custodias,
395 2341 456 2385 nee
477 2319 512 2384 in
535 2340 573 2383 ea
595 2319 704 2384 oculus
726 2319 791 2402 ille,
815 2319 870 2405 qui
891 2319 1029 2404 pervigil
1039 2320 1077 2406 ¹⁰)
1093 2322 1152 2401 est,
1175 2341 1313 2385 naevum
1335 2322 1473 2408 aliquem
1495 2281 1564 2405 m

200 2446 297 2511 quem
320 2424 483 2489 aversetur
504 2421 672 2506 adspiciat.
706 2422 791 2485 Ama
813 2421 896 2506 quod
920 2421 1022 2486 aDeo
1045 2424 1257 2506 cumpunctus
1280 2423 1418 2509 elegisti,
1442 2429 1475 2491 et

198 2527 428 2591 intemeratum
450 2545 542 2589 serva
563 2522 642 2588 illud
666 2523 755 2609 eujus
782 2545 857 2608 pars
886 2544 954 2587 esse
978 2523 1115 2588 voluisti.
1159 2523 1270 2588 Fuerit
1292 2529 1367 2590 ante
1389 2526 1474 2591 solli·

202 2628 312 2693 citudo
338 2620 466 2692 tantum
493 2647 580 2690 mea:
613 2647 700 2689 nune
727 2647 825 2690 unam
852 2625 946 2690 nobis
975 2646 1103 2689 eausam
1132 2628 1189 2689 tua
1216 2626 1295 2691 feeit
1323 2648 1391 2692 esse
1415 2626 1474 2693 ele-

199 2729 333 2794 mentia.
370 2728 439 2794 Nec
462 2727 670 2792 austeriorem
691 2749 742 2792 me
764 2728 932 2812 quisquam
955 2726 1042 2792 dieat
1063 2748 1132 2791 csse
1150 2727 1321 2812 prioribus,
1345 2750 1406 2794 nee
1421 2730 1474 2794 ad-

200 2832 343 2897 hortatio
365 2831 500 2915 alicnjus
522 2851 581 2914 pro
603 2829 783 2894 sententiae
811 2825 1002 2894 auctoritate
1025 2832 1184 2894 teneatur.
1226 2828 1473 2915 Diligentiorem

199 2957 252 3000 me
274 2956 340 2998 non
363 2933 560 3018 pertinaciae
582 2931 738 3014 studium,
773 2931 828 2995 sed
856 2930 1009 2997 seandala
1038 2934 1148 2996 secuta
1174 2931 1331 2998 fecerunt.
1376 2931 1472 2998 Forte

198 3037 286 3100 inter
301 3036 395 3101 initia
416 3034 579 3121 loeus¹¹)
596 3055 664 3097 esse
685 3034 819 3117 potuit
840 3033 982 3098 lenitati:
1004 3034 1098 3116 male,
1116 3034 1199 3098 sieut
1213 3037 1326 3098 notum
1341 3038 1400 3118 est,
1417 3056 1475 3118 per

201 3153 348 3160 ......-......
362 3151 431 3157 --
457 3147 508 3155 ...—

268 3191 289 3256 ⁷)
307 3187 358 3242 Ed.
376 3191 555 3256 praeoptabile
626 3195 731 3255 putetur
747 3206 775 3240 se
836 3191 948 3243 mortuis.
983 3185 1014 3239 In
1033 3184 1068 3239 G¹
1086 3185 1187 3240 lacuna
1203 3185 1376 3255 hujusmodi:
1392 3207 1474 3257 prae-

199 3277 291 3344 optati
362 3283 467 3342 patetnr
483 3291 512 3327 ro
585 3291 639 3324 cam
656 3276 767 3326 mortun.
805 3268 895 3336 Quam
912 3269 1097 3341 supplendam
1114 3272 1209 3326 nostro
1227 3270 1312 3326 modo
1330 3287 1364 3326 ex
1381 3271 1473 3343 spatio

198 3375 288 3414 vacuo
308 3357 404 3413 relicto
428 3354 647 3421 aestimavimus,
670 3372 755 3423 quum
772 3354 900 3410 similiter
914 3353 1040 3409 Norisius
1062 3355 1097 3411 de
1114 3372 1170 3410 uno
1188 3373 1223 3412 ex
1234 3354 1373 3410 Trinitate
1390 3373 1473 3426 passo

198 3450 310 3514 pagsii
328 3443 485 3513 supplesset
501 3445 680 3510 praeoptabile
698 3460 754 3494 esse
764 3452 870 3509 putetur
880 3445 977 3495 nodari
988 3460 1040 3493 eum
1053 3447 1164 3499 mortuis.
1187 3441 1343 3511 Responsio
1354 3441 1424 3497 haee
1436 3443 1473 3496 ud

198 3528 270 3582 illud
288 3528 400 3593 attinet,
424 3526 498 3596 quod
515 3526 639 3580 Justinus
658 3525 738 3595 epist.
759 3532 807 3580 129
824 3544 850 3579 n.
870 3533 886 3578 2
904 3525 1139 3595 interrogaverat:
1167 3529 1233 3592 Quid
1255 3531 1332 3594 ipitar
1347 3531 1473 3593 sedamen

198 3618 345 3681 hujusmodi
359 3618 533 3682 pertinaciae,
553 3631 616 3681 quae
634 3630 681 3665 nec
699 3616 768 3665 dieto
785 3615 893 3665 credisne
910 3617 1025 3677 assistit,
1045 3623 1071 3665 et
1088 3621 1213 3665 tormenta
1230 3616 1256 3664 in
1274 3621 1369 3664 tannem
1388 3618 1473 3680 despi-

198 3705 246 3760 ce,
266 3708 293 3751 ar
305 3699 356 3753 etc.
901 3703 904 3709 '

269 3785 290 3852 ⁸)
308 3781 359 3836 ud.
378 3781 442 3837 add.
462 3786 587 3836 remediis.
622 3781 688 3836 Mox
705 3781 764 3835 a¹b
783 3796 840 3848 seq.
861 3793 942 3836 tamen
961 3783 999 3848 (ὃ)
1019 3783 1123 3849 turrium)
1142 3782 1171 3835 et
1188 3780 1277 3835 omitt.
1297 3787 1407 3840 admota.

269 3870 291 3936 ⁰)
309 3867 362 3921 Hie
384 3866 570 3937 supplendum
590 3872 687 3935 potius,
711 3882 744 3920 ae
766 3865 883 3921 subinde
906 3866 1044 3937 particula
1061 3882 1166 3934 negans
1189 3867 1382 3936 expungenda.
1425 3865 1473 3921 Ni-

199 3953 240 4008 hil
256 3967 325 4007 vero
347 3952 392 4007 vel
414 3951 599 4022 supplendum
621 3951 666 4006 vel
682 3951 882 4006 removendum
906 3954 990 4018 forst,
1012 3950 1035 4005 si
1057 3966 1109 4021 pro
1132 3951 1258 4021 proximo
1277 3951 1472 4022 qnanlegere·

199 4039 246 4093 tur
265 4048 299 4096 et.

271 4125 302 4189 ¹⁰)
321 4123 339 4176 b
354 4139 389 4176 ec
400 4128 547 4191 percipitur,
566 4124 593 4178 a¹
607 4121 672 4177 edit.
685 4129 839 4192 percipiam,
851 4120 993 4192 imperitia
1003 4120 1120 4189 librarii,
1132 4122 1180 4191 qui
1192 4140 1277 4191 quum
1289 4122 1318 4176 in
1330 4121 1472 4178 veteribus

198 4207 278 4262 libris
300 4213 408 4276 percipit
430 4218 467 4262 est
490 4208 574 4275 atque
595 4213 742 4276 peroipitem
760 4207 858 4262 eadem
880 4206 988 4262 ratione
1010 4206 1089 4277 pingi
1107 4207 1227 4274 videret,
1250 4208 1321 4276 puta
1341 4212 1472 4276 permade,

200 4308 297 4346 veram
314 4290 463 4346 lectionem
480 4308 623 4347 secernere
641 4309 696 4346 non
714 4292 809 4347 valuit.

271 4380 302 4445 ¹¹)
320 4376 387 4430 bec
404 4376 469 4431 add.
487 4384 558 4432 locas
630 4382 724 4447 potnit,
749 4375 824 4444 quod
842 4376 922 4431 abest
939 4394 957 4432 a
974 4376 1009 4432 θ’
1023 4379 1058 4432 a¹.
1096 4376 1244 4446 Objectum
1260 4375 1306 4431 hic
1322 4374 1471 4431 Hormisda

199 4460 282 4515 diluit
299 4460 401 4515 Jusiu'ni
419 4461 499 4531 epist.
520 4467 567 4516 129
584 4480 610 4516 n.
624 4470 639 4516 3
658 4461 815 4531 exemplum
828 4461 967 4515 Anastasii
985 4479 1076 4534 papae
1092 4460 1265 4532 opponentis.
1296 4461 1470 4530 Quamquam

197 4562 291 4616 neque
309 4544 333 4599 is
349 4562 425 4615 papa
443 4546 591 4600 Anastasio
609 4546 771 4617 imperatori
789 4544 884 4601 mitior
906 4546 981 4601 visus
1004 4549 1059 4614 ost,
1082 4547 1117 4601 de
1136 4562 1190 4616 quo
1215 4562 1270 4600 uon
1287 4563 1366 4601 secus
1384 4562 1417 4600 ac
1434 4545 1470 4600 de

197 4630 302 4687 ceteris
320 4630 484 4686 llormisdae
502 4630 693 4687 decessoribus
711 4632 747 4687 ad
764 4630 942 4687 Hormisdam
959 4631 1050 4703 ipsum
1068 4633 1147 4703 epist.
1168 4639 1183 4685 2
1202 4630 1310 4687 scribit:
1340 4635 1471 4686 Antelios

196 4721 323 4787 siquidem
341 4721 437 4771 duritia
454 4737 551 4779 seran,
571 4721 659 4787 quibus
676 4723 855 4786 episcopatur,
876 4738 947 4787 quern
964 4738 1030 4772 nunc
1044 4723 1149 4785 peritis,
1168 4728 1226 4771 erat
1243 4722 1384 4772 sollicitudo
1402 4737 1469 4771 eom-

197 4807 289 4862 misra,
312 4813 455 4870 temperare
476 4821 524 4855 nos
543 4806 690 4869 sacietate
708 4807 911 4857 transmittendis
932 4808 1054 4872 epistolis.
1095 4802 1172 4867 Quae
1194 4817 1230 4857 ea
1251 4801 1286 4856 de
1304 4817 1334 4856 re
1355 4802 1415 4855 tum
1432 4800 1470 4856 ad

197 4885 375 4959 praedictam
393 4885 539 4956 epistolam
559 4892 607 4940 129
624 4893 685 4940 tum
702 4885 770 4942 abbi
787 4887 924 4945 mactata
940 4890 1005 4943 sunt
1021 4886 1120 4945 recola.
