3450 5678
193 306 257 372 800
633 321 661 368 s.
677 320 883 369 nouursuna
905 320 1019 367 aaran

87 501 111 538 a.
123 490 180 538 517.
193 477 288 558 tium,
323 497 411 540 nunc
438 473 583 558 adjutore
609 473 678 537 Deo
706 474 836 558 plenum
863 478 1006 558 reportet
1032 473 1190 537 effectum.
1243 474 1470 560 Acquiescite,

193 601 370 665 precamur,
393 575 539 640 fidelibus
561 577 702 659 monitis,
726 576 816 659 cujus
839 598 894 640 vos
917 577 1091 640 delectatis
1112 576 1231 640 dudum
1253 574 1397 661 legimus
1420 577 1473 641 in·

193 682 324 746 stitutis
370 679 455 743 Data
470 678 518 741 111
533 676 645 742 Nonas
668 678 806 762 Aprilis,
830 679 972 762 Agapito
994 678 1062 742 viro
1084 677 1262 742 clarissimo
1285 678 1433 742 consule.

691 865 872 968 Epistola
898 866 954 949 28.

266 1019 477 1088 Hormisdae
499 1036 610 1102 pupae
632 1018 675 1083 ad
698 1018 928 1083 Timotheum
952 1018 1395 1103 constantinopolitanum

717 1120 932 1203 episcopum.

54 1011 80 1048 a.
91 999 139 1047 517
153 994 178 1047 d.

63 1062 174 1131 3April.

226 1267 341 1315 Caritate
359 1268 464 1325 repente
481 1277 508 1310 se
531 1278 584 1310 eum
605 1263 698 1310 litteris
720 1263 855 1310 conuenire
878 1263 987 1325 quamuis
1009 1264 1116 1312 noudum
1139 1271 1295 1317 correctum:
1321 1271 1351 1312 nt
1374 1279 1433 1312 eor·
1480 1272 1529 1332 pl

245 1351 381 1400 rectionem
401 1363 431 1395 ne
449 1347 555 1411 differat
573 1362 604 1394 ue
619 1348 765 1409 praeterita
781 1362 831 1409 per
845 1347 935 1408 sutura
954 1348 1034 1395 ‹ltlnal
1052 1355 1252 1414 compensetque.
1271 1349 1404 1397 hortatur.

344 1479 551 1543 Hormisda
566 1477 772 1542 Timotheo
788 1478 974 1563 episcopo
990 1478 1470 1565 Constantinopolitano.

282 1603 306 1664 l.
345 1598 420 1662 Non
442 1597 609 1661 mirabitur
631 1598 760 1661 dilectio
787 1601 844 1661 tua
873 1599 1028 1662 rationem
1052 1599 1218 1682 praeteriti
1241 1599 1366 1664 silentii
1389 1602 1470 1685 mei,

192 1707 220 1769 si
242 1724 323 1788 quae
345 1700 579 1785 praecesserint
599 1699 748 1763 universa
772 1701 966 1764 consideret:
995 1722 1061 1764 non
1090 1700 1259 1765 mirabitur
1280 1703 1471 1786 praesentis

92 1775 174 1910 ¹103&
194 1805 341 1890 alloquii,
370 1804 397 1866 si
419 1825 500 1887 quae
522 1803 564 1865 sit
586 1803 633 1865 vis
657 1800 800 1865 caritatis
830 1802 999 1885 expendat.
1046 1801 1211 1867 Sustinere
1238 1804 1326 1867 enim
1354 1806 1472 1869 omnia

85 1899 89 1912 ’
194 1909 371 1991 caritatem,
396 1903 552 1989 magistro
571 1904 717 1988 gentium
733 1904 866 1968 docente
890 1905 1113 1989 cognovimus3
1136 1927 1217 1990 qnae
1238 1906 1264 1968 si
1285 1928 1358 1989 sua,
1382 1908 1472 1971 sicut·

193 2010 338 2074 eontinet
359 2007 506 2070 doctrina
527 2007 608 2089 ipsa,
632 2028 697 2069 non
720 2007 855 2091 quaerit,
887 2029 929 2071 an
952 2008 1130 2091 incongrue
1152 2007 1270 2071 abusus
1292 2007 1471 2093 privilegio

192 2135 278 2196 mco,
309 2109 391 2194 quod
414 2109 473 2171 tihi
496 2108 602 2191 potius
624 2108 773 2190 prodesse
802 2108 919 2192 possit,
950 2107 1106 2172 exhibeo?
1149 2109 1350 2193 Exspectare
1379 2111 1469 2176 euim

192 2237 242 2279 me
265 2212 372 2277 decuit
394 2211 435 2273 ab
458 2210 632 2274 errantium
656 2209 883 2293 conjunctione
904 2214 936 2274 te
958 2211 1109 2294 liberum,
1140 2211 1241 2275 etsie
1264 2233 1377 2277 amare
1399 2234 1470 2278 cor·

193 2321 330 2381 rectum:
353 2313 460 2376 videre
483 2312 524 2374 ab
546 2311 764 2394 improbandis
787 2311 901 2393 dividi,
932 2315 1028 2395 atque
1055 2312 1101 2375 ita
1129 2312 1287 2377 litterario
1315 2336 1469 2380 sermone

193 2416 370 2501 complecti.
416 2413 477 2479 Sed
500 2436 593 2498 quem
615 2413 740 2499 optes¹)
762 2414 926 2496 reducem,
962 2436 1018 2478 cur
1045 2414 1173 2478 differas
1196 2437 1310 2480 vocare
1334 2416 1469 2481 tardan-

192 2520 281 2584 tem?
318 2517 381 2584 Cur
403 2538 467 2580 non
491 2517 584 2580 detur
599 2515 686 2578 locus
701 2516 921 2597 moderationi,
944 2538 1041 2601 quum
1060 2515 1141 2580 nihil
1158 2516 1342 2582 detrahitur
1357 2520 1467 2604 aequi·

192 2622 278 2686 tati?
314 2618 533 2703 Impendenda
555 2620 632 2680 sunt
653 2639 733 2701 quae
756 2617 975 2682 laborantibus
991 2622 1141 2702 prosunt,
1166 2619 1192 2682 si
1217 2642 1275 2683 nos
1298 2621 1467 2686 societatis

194 2723 387 2808 contagione
409 2743 475 2785 non
499 2718 657 2803 polluunt.

277 2826 307 2890 2.
345 2823 436 2886 Haec
459 2844 554 2886 causa
575 2820 653 2884 mihi
675 2821 738 2884 fuit
759 2823 975 2906 praesentium
998 2823 1188 2905 litterarum,
1217 2827 1254 2886 ut
1276 2823 1400 2907 horter,
1430 2830 1465 2889 ut

194 2950 357 3009 moneam,
387 2947 428 2989 ne
451 2929 570 2989 terram
592 2927 735 2986 nostram
754 2925 862 3007 jacere
889 2925 1051 3008 patiamur
1073 2925 1294 3009 negligentius
1316 2926 1463 2992 infecun-

193 3033 277 3095 dam.
323 3028 397 3092 Non
419 3027 471 3090 diu
494 3026 727 3090 infructuosam
750 3026 895 3090 arborem
917 3049 1073 3111 occupare
1100 3027 1202 3090 solum
1230 3027 1374 3113 diligens
1396 3052 1462 3114 per-

193 3133 295 3197 mittit
317 3129 472 3215 agricola:
496 3129 658 3212 patienter
680 3132 858 3212 exspectat;
882 3129 936 3192 sed
959 3130 1113 3212 numquid
1136 3128 1196 3193 suh
1218 3131 1462 3197 continuatione

193 3234 367 3320 perdurat?
403 3231 543 3295 Vocatus
566 3230 605 3293 ad
628 3229 792 3313 salutaria,
815 3253 880 3295 non
903 3231 1046 3294 moreris.
1084 3230 1187 3314 Prope
1210 3231 1252 3295 ab
1274 3232 1460 3298 innocentia

193 3359 258 3401 non
281 3334 417 3414 recedit,
451 3333 505 3416 qui
529 3333 567 3395 ad
591 3353 660 3395 eam
683 3333 752 3396 sine
775 3332 928 3396 tarditate
954 3334 1131 3397 reverterit.
1176 3331 1307 3398 Movere
1335 3341 1459 3420 patrum

193 3439 342 3520 monitis,
373 3440 404 3500 et
426 3435 578 3498 insistens
600 3434 745 3498 fidelibus
768 3435 838 3499 sine
859 3435 952 3521 lapsu
975 3438 1030 3499 aut
1053 3456 1157 3498 errore
1180 3435 1343 3521 vestigiis,
1375 3458 1457 3522 prae

195 3540 341 3605 cedentia
363 3538 448 3601 dilue
470 3559 527 3621 per
547 3537 666 3600 futura.
713 3537 851 3620 adjacet
878 3537 938 3601 tibi
966 3538 1059 3601 modo
1086 3538 1126 3601 ad
1144 3537 1235 3620 justa
1257 3537 1395 3622 populos
1414 3539 1456 3603 in·

195 3643 339 3724 citando,
363 3640 456 3704 modo
478 3661 536 3723 pro
552 3639 613 3701 fide
630 3638 862 3723 principalibus
878 3639 1056 3724 vestigiis²)
1073 3638 1301 3724 supplicando,
1325 3641 1453 3726 dirigere

194 3745 277 3829 (proed
300 3745 424 3807 devium
448 3746 505 3823 est,
533 3741 668 3805 solidare
691 3742 773 3825 quod
796 3741 937 3805 dubium.
982 3740 1103 3825 Magno
1125 3745 1158 3804 te
1181 3743 1334 3806 convenit
1356 3743 1453 3807 labore

195 3846 370 3931 providere,
394 3849 431 3908 ut
453 3865 565 3907 causas
587 3844 743 3907 transacti
766 3844 919 3927 temporis
941 3847 1048 3906 rectae
1077 3846 1168 3927 tegat
1190 3843 1346 3908 sedulitas
1366 3843 1450 3908 actio

195 3949 255 4012 nis.
291 3946 440 4011 Praestat
461 3945 588 4030 quidem
611 3946 737 4009 animae
759 3968 845 4028 suae,
869 3967 927 4028 per
949 3966 1042 4029 quem
1064 3945 1237 4010 universali
1254 3946 1375 4030 aliquid
1389 3965 1449 4009 uou-

195 4051 297 4115 fertur
318 4048 496 4112 Ecclesiae:
525 4047 625 4111 etita
648 4070 681 4110 se
704 4069 754 4111 res
776 4047 890 4129 habet,
915 4051 951 4110 ut
974 4047 1000 4110 si
1023 4048 1199 4132 studiosus,
1233 4047 1261 4111 si
1285 4048 1447 4113 inderem

196 4151 361 4234 institeris,
387 4152 444 4215 fiat
464 4149 524 4212 tibi
548 4149 635 4213 utilis
659 4172 753 4213 causa
776 4149 963 4214 communis.
1008 4148 1095 4213 Data
1118 4153 1154 4241 ut
1176 4150 1320 4235 supra³).

194 4365 228 4412 28
264 4361 283 4424 ¹)
302 4357 369 4411 hcc
387 4368 470 4424 optem
487 4359 616 4419 reducem,
635 4374 681 4406 eur
698 4359 822 4424 differas:
839 4357 953 4423 praeter
964 4352 1129 4408 llormisdae
1141 4355 1325 4416 sententiam,
1343 4363 1444 4423 quaprt

195 4442 319 4513 generali
337 4440 488 4495 locutione:
508 4460 578 4510 quem
596 4445 701 4510 putoque
719 4450 790 4507 optet
807 4445 935 4499 reducem,
954 4460 1000 4492 cur
1012 4444 1132 4507 dlfferat.
1151 4439 1297 4509 eleganter
1314 4438 1444 4507 dicitque!

193 4530 336 4682 ‘’mezffi
353 4630 376 4666 e.
395 4610 528 4682 principis
546 4611 684 4664 Anastasii
709 4609 832 4679 i'cstigiis
854 4611 1024 4679 provolutus.
1042 4640 1075 4648 -
1092 4609 1156 4663 Mox
1175 4610 1218 4664 ed.
1238 4618 1340 4679 euasere
1400 4611 1441 4673 fiet.

262 4702 282 4763 ³)
301 4699 333 4750 ll.
352 4716 374 4751 e.
394 4697 422 4750 in
441 4696 583 4765 superiore
602 4694 772 4764 epistolatt,
790 4712 862 4764 quae
879 4696 908 4748 in
925 4694 1046 4764 vulgatis
1064 4697 1095 4749 ut
1112 4695 1140 4748 iu
1155 4695 1309 4766 exemplari
1319 4694 1440 4749 tatiano

194 4799 228 4836 cr
246 4802 300 4854 quo
320 4800 373 4836 uno
392 4781 468 4836 edita
486 4788 540 4847 est,
559 4781 630 4834 hane
648 4781 773 4851 proxime
791 4780 939 4835 antecedit.
