3412 5664
548 343 586 390 rn
608 341 743 392 rnnrcrs
766 344 792 389 n
816 332 1005 391 nrrsronas
1030 330 1131 388 1-4.
1455 325 1475 387 9
1520 328 1527 359 ⁸

252 505 442 564 hmluhonem
457 502 624 560 additionum
639 503 863 567 Pseudo-isidori,
880 503 964 577 qualis
980 510 1023 559 est
1037 503 1180 559 Vaticanus
1199 500 1288 564 1340.
1305 501 1434 558 translata
1449 509 1477 557 et

251 589 359 648 aluino
372 588 447 652 edita.
468 589 495 645 in
516 588 693 662 sequentihus
714 588 891 645 conciliorum
911 587 1072 644 editionibus
1094 587 1184 643 locum
1206 589 1317 662 accepit.
1357 586 1476 660 lienique

250 674 375 745 moechm
388 682 415 729 et
429 673 563 730 Ballerinii
578 675 605 729 in
621 672 728 730 laudato
748 676 846 730 codice
862 690 1003 731 canonum
1020 675 1286 730 ecclesiasticorum
1301 679 1355 729 eie.
1372 688 1405 727 or
1420 672 1476 746 plo·

251 762 315 820 olom
326 775 443 817 censorem
457 759 559 815 trutina
574 775 632 815 eam
647 767 893 833 repraesentarunt.
1398 760 1404 774 “

471 893 509 954 In
531 891 680 971 Simplicii
702 891 863 970 epistolam
883 891 921 953 21
942 888 1215 972 („Pluiimorum“).

312 1013 342 1070 Ad
355 1030 402 1070 nos
411 1015 535 1088 pervenit
547 1014 738 1089 opellispanae
754 1015 932 1077 collectionis,
950 1031 981 1070 ex
998 1030 1050 1088 qua
1065 1021 1093 1069 et
1108 1015 1135 1068 in
1150 1015 1262 1088 antiquo
1277 1013 1324 1070 illo
1341 1030 1473 1070 canonum
1488 1007 1541 1075 [ἕν’]

250 1098 449 1172 ωάὶαΗίεραηεο
465 1097 602 1163 ecclesiae,
619 1100 663 1155 cui
678 1099 744 1155 nihil
760 1116 793 1155 er
809 1099 882 1156 salsis
899 1099 994 1155 lsidori
1011 1097 1144 1154 mercibus
1156 1097 1327 1162 admiscetur,
1344 1094 1491 1172 exscripta

251 1187 296 1240 init.
320 1182 381 1240 llnde
402 1199 460 1239 eam
481 1185 633 1257 expiscatus
655 1184 787 1241 llercator
808 1187 847 1240 ad
867 1186 1008 1241 Zenonem
1025 1188 1190 1255 episcopum
1205 1184 1384 1255 Spaicnscm,
1407 1185 1478 1239 sicut

251 1269 334 1326 ahs
352 1269 488 1340 Spaniam
514 1286 564 1343 pro
586 1271 731 1342 Hispania
758 1270 870 1344 pingere
892 1269 977 1332 solet,
999 1269 1148 1342 inscripsit;
1174 1284 1252 1342 quam
1274 1268 1477 1342 inscriptionem

251 1353 322 1410 deinle
333 1355 464 1426 arripuere
480 1353 570 1410 editor
586 1353 721 1410 Romanus
743 1362 771 1410 et
792 1354 970 1411 conciliorum
990 1353 1162 1411 collectores.
1194 1352 1281 1421 Quum
1298 1369 1361 1409 uero
1377 1352 1476 1409 nullam

253 1440 349 1513 uaporis
360 1446 448 1494 notam
465 1456 529 1513 prae
544 1456 574 1494 se
589 1439 666 1502 ierat,
688 1440 732 1495 hic
746 1456 779 1495 eo
800 1439 967 1496 commodius
984 1439 1078 1495 ultimo
1095 1438 1156 1494 loco
1172 1437 1321 1508 subjicitur,
1345 1454 1399 1511 quo
1416 1454 1478 1513 pro·

253 1525 296 1597 pins
307 1523 375 1581 altera
390 1522 483 1579 Felicis
500 1524 532 1579 ad
548 1524 671 1581 cumdem
687 1525 822 1581 Zenonem
837 1541 898 1580 cum
914 1525 972 1597 ipsa
987 1523 1135 1598 comparari
1150 1524 1260 1597 poterit.
1299 1591 1301 1595 ἲ

677 1865 830 1937 Monita
854 1864 1016 1958 praevie

474 2033 519 2104 in
545 2032 711 2107 Felicis
737 2032 780 2105 ΙΙ
805 2016 952 2129 popae
979 2034 1212 2130 epistolas,

465 2253 502 2314 In
524 2252 638 2316 Felicis
661 2254 810 2334 epistolas
833 2256 923 2317 1-4
946 2255 1129 2336 (‚‚Deaehat“
1151 2251 1229 2336 etc.).

313 2375 336 2429 1.
363 2373 482 2442 Quatuor
498 2377 563 2432 haec
577 2378 678 2452 scripta
698 2378 844 2451 primumn
860 2379 973 2435 Baronio
995 2379 1108 2435 eveteri
1130 2375 1300 2440 collectione,
1323 2393 1402 2451 quam
1418 2375 1561 2444 Cre-[Dur.
1571 2374 1630 2444 Ed]

236 2460 369 2515 sconianam
385 2468 461 2516 vocat
469 2454 501 2532 ¹),
527 2461 599 2517 edita
620 2463 700 2518 simul
720 2464 823 2519 misisse
839 2463 924 2538 liquet
939 2462 1054 2520 Felicem
1069 2462 1120 2519 suh
1139 2465 1228 2536 ipsum
1248 2460 1423 2537 pontificatus
1438 2464 1480 2518 sui

232 2542 366 2607 exordium,
387 2555 424 2608 ut.
447 2545 520 2619 quod
542 2556 599 2602 turn
620 2549 688 2604 ratio
712 2556 739 2603 ot
760 2549 930 2606 consuetudo
951 2547 1103 2623 erigebant,
1125 2549 1281 2621 imperatori
1303 2548 1480 2624 otcpiscopo

231 2630 518 2705 linostamioopolitano
534 2630 706 2707 significaret,
728 2649 790 2692 sese
810 2634 987 2691 indemortui
1003 2633 1132 2709 Simplicii
1147 2632 1237 2689 locum
1252 2634 1394 2688 sullectum
1410 2649 1479 2688 esse.

228 2715 285 2772 uec
296 2715 375 2770 minus
390 2723 496 2772 constat
511 2718 544 2773 iis
565 2717 702 2774 mittendis
721 2720 889 2776 occasionem
905 2720 1012 2776 dedisse
1027 2736 1110 2793 quum
1125 2718 1255 2775 Johannis
1272 2716 1375 2788 Talajao
1390 2719 1418 2773 in
1433 2716 1481 2773 Ur·

226 2800 288 2856 laen
302 2799 445 2863 adrentum.
468 2810 523 2857 tom
547 2801 651 2859 oblatos
669 2802 701 2858 ah
723 2820 756 2859 eo
778 2804 905 2861 adversus
927 2806 1052 2861 Acacium
1074 2803 1189 2862 libellos.
1226 2806 1261 2859 At
1283 2820 1338 2877 quo
1360 2810 1481 2877 tempore

223 2884 355 2941 lohannes
370 2887 396 2941 in
411 2884 507 2941 Urbem
522 2886 668 2951 advenerit,
691 2905 746 2944 non
761 2892 887 2947 corrvenit
908 2892 979 2946 inter
993 2891 1150 2964 scriptores.
1179 2888 1206 2945 Si
1223 2886 1289 2943 hdes
1305 2889 1341 2942 sit
1357 2885 1480 2942 liberato

222 2970 334 3026 hnriar.
349 2987 370 3026 c.
381 2971 428 3034 18,
443 2972 593 3028 Johaiines
608 2975 722 3046 ejectus
735 2976 770 3031 de
785 2978 852 3032 sede
867 2977 1073 3032 Alexandrina
1083 2981 1206 3046 propter
1216 2975 1335 3029 Petrum
1347 2973 1481 3045 Monpum

222 3055 398 3112 Antiochiam
409 3057 565 3128 profectus
580 3065 631 3128 est,
648 3066 679 3116 ut
695 3062 802 3117 videret
817 3061 903 3118 litum
917 3065 1082 3134 mapistrum
1095 3101 1102 3115 .
1116 3101 1122 3114 .
1138 3099 1145 3113 .
1160 3059 1315 3131 Inpressus
1330 3059 1370 3113 ad
1380 3056 1481 3113 Calen-

218 3144 331 3197 dioaeni
344 3142 550 3198 Antiochenam
563 3145 774 3216 patriarcham,
796 3149 916 3217 sumptis
936 3146 973 3201 ah
994 3162 1026 3202 eo
1047 3147 1263 3201 intercessionis
1277 3144 1422 3215 synodicis
1435 3144 1480 3197 lit-

219 3231 302 3295 ieris,
324 3226 483 3284 linianum
493 3232 660 3301 poniificem
675 3233 841 3302 appellauit,
866 3237 893 3287 et
915 3234 1006 3287 suasit
1026 3231 1154 3287 scribere
1168 3246 1223 3301 pro
1239 3242 1270 3284 se
1285 3228 1393 3284 Aeneia
1410 3226 1481 3283 Con-

215 3314 473 3383 stantinopolitano
494 3317 638 3386 episcopo.
671 3316 708 3371 Et
724 3319 836 3388 quidam
857 3318 896 3372 aad
914 3316 970 3372 hoc
986 3316 1150 3388 Simplicius
1161 3317 1339 3387 praeparati
1353 3314 1441 3369 anian
1455 3318 1482 3367 et

218 3400 374 3453 niuntotis
385 3397 454 3468 suit.
481 3397 579 3454 Verum
592 3399 653 3456 huic
665 3402 809 3458 narrationi
826 3401 905 3458 iidem
920 3400 1042 3457 nonnihil
1055 3400 1210 3470 detrahunt,
1224 3402 1295 3472 'quae
1306 3397 1377 3454 idem
1389 3405 1483 3452 auctor

214 3482 254 3538 dc
268 3482 368 3537 motuis
383 3481 437 3538 illis
452 3481 580 3556 Simplicii
595 3484 627 3539 ad
644 3487 767 3542 Acacium
788 3495 816 3542 et
832 3487 919 3543 Acacii
934 3485 966 3541 ad
982 3485 1147 3560 Simplicium
1163 3484 1260 3540 litteris
1276 3481 1392 3553 subjicit,
1416 3498 1482 3556 quas

214 3568 325 3642 spurias
346 3582 406 3622 esse
426 3584 486 3623 cnm
502 3569 660 3626 Constantio
682 3579 710 3626 et
725 3571 830 3627 Valesio
852 3571 965 3645 aliisque
986 3571 1074 3627 doctis
1095 3569 1164 3626 lraud
1186 3568 1347 3624 dubitamus.
1379 3565 1481 3622 Etenim

214 3652 291 3709 ideur
307 3653 407 3707 sentire
423 3651 528 3709 ridetur
542 3671 603 3710 cum
618 3652 733 3729 Evagrio
749 3656 923 3720 h.e.lll,15‚
947 3656 1097 3712 iohannem
1112 3653 1235 3710 videlicet
1246 3653 1384 3727 Simplicio
1395 3651 1483 3733 adhuc

212 3738 367 3812 superstite
381 3736 529 3799 advenisse,
545 3738 572 3795 id
587 3739 661 3813 quod
676 3750 792 3815 uterque
808 3741 878 3798 lortc
894 3759 926 3799 ex
942 3741 1059 3815 quodam
1070 3741 1193 3796 Zacharia
1210 3739 1307 3802 hausit,
1324 3754 1403 3812 qoem
1416 3737 1482 3793 late·

213 3832 263 3879 tor
277 3823 337 3895 ipse
352 3819 479 3896 Euagrius
494 3824 564 3881 nihii
579 3840 686 3895 eorum,
709 3842 784 3900 quac
803 3835 871 3883 iuno
891 3834 971 3901 pasta
992 3834 1067 3896 suni,
1095 3827 1248 3897 explorate
1268 3826 1411 3896 capnitum
1430 3823 1482 3878 ho-

216 3910 327 3965 buisse.
343 3905 422 3962 certe
431 3907 500 3963 idem
507 3907 635 3983 Euagrius
643 3910 683 3974 ill,
698 3910 736 3967 15
753 3910 798 3966 uhi
812 3913 961 3968 iohannem
968 3910 1079 3967 llomam
1094 3909 1233 3966 ailrenisse
1249 3907 1329 3964 tradit
1344 3925 1375 3963 ac
1389 3914 1484 3981 postea
1519 3960 1522 3969 ,
1627 3954 1634 3968 ,

213 3991 291 4067 apud
307 3991 472 4065 Simplicium
483 3992 597 4050 Zenonis
613 3995 710 4052 littoris
720 3995 831 4070 perjurii
844 4004 997 4052 accusatum
1012 4012 1081 4058 csse,
1098 4003 1189 4068 aperto
1201 3992 1343 4050 conlumlit
1354 4001 1384 4048 ct
1397 3993 1483 4065 ipsius

210 4076 350 4134 iohannis
364 4075 506 4133 adrentum
522 4087 549 4135 et
565 4080 655 4154 iegati.
671 4081 717 4155 qui
732 4081 834 4137 litteras
851 4082 1026 4138 ordinationis
1041 4082 1125 4155 ipsius
1142 4079 1243 4136 indices
1258 4075 1380 4153 pontifici
1390 4077 1483 4153 paullo

211 4170 280 4219 ante
296 4159 458 4216 reddiderat.

304 4245 333 4302 2.
370 4245 485 4320 Propius
513 4248 545 4303 ad
567 4251 706 4307 veritatem
728 4252 905 4326 Theophanes
932 4251 1058 4308 accedere
1083 4249 1190 4307 videtur
1210 4266 1265 4306 rem
1288 4251 1324 4304 ita
1345 4264 1483 4322 exponens
1551 4310 1565 4322 ο

212 4331 433 4404 (clironograph.
451 4332 493 4388 ed.
510 4333 594 4390 Borrn.
611 4353 638 4409 p.
656 4335 742 4410 noni:
771 4339 920 4394 lohannes
945 4338 1052 4410 TalaJa
1075 4343 1221 4409 comperto
1242 4336 1325 4391 Petri
1338 4334 1438 4407 Monpi
1456 4333 1483 4387 in

212 4415 425 4473 ‚thamhinam
439 4418 572 4475 civitatem
588 4424 720 4493 adamant,
737 4440 812 4496 pirae
827 4427 903 4480 maia
920 4427 1123 4480 commissurus
1137 4428 1211 4478 esset
1223 4437 1320 4478 secum
1332 4426 1483 4491 reputans,

210 4506 298 4559 ciero
312 4504 380 4557 licei
395 4519 432 4557 oc
443 4508 553 4576 populo
568 4508 609 4563 ad
619 4511 770 4578 ponendas
780 4528 838 4581 pro
854 4513 915 4581 ipso
931 4513 1049 4566 ‘animas
1068 4511 1186 4580 pariatis
1205 4521 1325 4579 eumque
1340 4520 1376 4560 ne
1391 4505 1483 4560 disce-

209 4592 299 4645 aera
314 4588 548 4660 deprecantibus,
564 4594 639 4647 elam
656 4602 682 4648 et
698 4597 773 4650 eitra
789 4598 936 4651 tumultum
952 4595 1024 4651 urhe
1038 4596 1170 4666 dilapsus
1186 4600 1236 4649 est.
1264 4589 1312 4646 Uiri
1328 4597 1417 4645 autem
1431 4587 1484 4644 llo·

245 4837 254 4847 .
285 4772 305 4815 ¹'1
326 4767 439 4847 llorere*
452 4768 520 4848 haec
538 4777 580 4823 est
599 4769 781 4850 vallicellana
796 4775 819 4826 A
832 4779 860 4836 5,
883 4773 1053 4828 Hadrianum
1076 4773 1265 4827 collectionem
1290 4768 1374 4824 variis
1396 4768 1483 4838 iisque

209 4838 362 4962 enim
375 4835 1033 4982 cinnii..nutmnnuttritu
1051 4841 1140 4895 a...
1164 4839 1286 4909 ...a
1312 4843 1356 4902 ⁵⁴
1456 4838 1484 4892 c
