3412 5664
160 475 195 544 (a.
208 474 278 542 519.)

163 868 178 901 *
188 866 207 919 f.
213 885 269 920 suc·

155 952 280 992 sessorum

291 293 355 358 840
731 306 758 354 s.
775 304 982 354 uouu1sna1s
1005 304 1119 355 reesa

290 463 413 530 fuerint
435 461 546 527 exsilio
568 460 739 544 deportati,
762 460 981 544 insinuabitis,
997 460 1080 525 nihil
1095 483 1149 526 vos
1166 460 1205 525 de
1226 460 1331 527 libelli
1352 483 1441 548 posse
1454 462 1582 547 [οι-α

292 568 477 650 decerpere,
506 565 542 628 in
570 586 633 649 qua
659 570 810 648 sequaces
838 563 1062 628 damnatorum
1089 564 1213 649 pariter
1235 564 1451 630 continentur.
1502 575 1582 646 θα

292 670 318 734 si
342 690 395 733 cos
418 668 458 732 ab
480 666 542 730 hac
564 688 630 731 non
652 666 821 751 potueritis
849 665 1031 732 intentione
1059 664 1246 751 deflectere,
1282 666 1397 732 sallom
1421 665 1477 733 hoc
1506 700 1575 743 ω

293 770 461 857 quiescite,
495 771 531 833 ut
559 767 831 834 anathematizato
859 768 1043 853 specialiter
1070 790 1129 854 per
1154 767 1317 853 libellum,
1351 791 1442 855 quem
1465 778 1566 841 robis

294 873 452 957 dedimus,
483 871 618 954 Acacio,
648 871 686 936 de
709 871 1086 955 *praedecessorum
1108 871 1177 955 ejus
1198 871 1384 936 nominibus
1403 874 1555 952 moutam

294 975 415 1041 abrasis
448 995 556 1040 eorum
588 974 627 1037 de
660 973 885 1057 diptychorum
916 973 1127 1058 inscriptione
1159 973 1336 1063 vocabulis.
1380 971 1444 1050 Quo
1464 975 1554 1042 iacto

294 1079 478 1162 episcopum
500 1075 896 1160 Constantinopolitanum
917 1075 953 1140 in
974 1077 1115 1139 vestram
1137 1075 1394 1141 communionem
1413 1078 1551 1163 coepte.

377 1180 408 1244 3.
442 1177 600 1243 Libellum
622 1200 696 1243 vero
717 1177 769 1242 vel
796 1177 938 1262 episcopi
961 1176 1315 1264 Constantinopolitani
1340 1178 1390 1244 rel
1414 1177 1549 1259 aliorum,

294 1303 371 1367 quos
393 1302 449 1345 vos
471 1281 632 1363 suscipere
645 1279 715 1345 Deo
738 1279 863 1344 volente
880 1279 1064 1366 contigerit,
1087 1280 1191 1365 primo
1213 1280 1314 1366 agilo,
1337 1283 1374 1345 ut
1392 1283 1550 1366 praesente

294 1383 411 1469 populo
437 1384 600 1446 recitetur.
645 1380 765 1457 Quodsi
790 1380 851 1447 hoc
878 1382 948 1447 fieri
975 1404 1041 1447 non
1064 1383 1184 1466 poterit
1192 1382 1235 1467 ⁶),
1265 1382 1380 1448 saltem
1403 1382 1436 1447 in
1453 1402 1549 1447 acre·

295 1488 377 1551 tario
399 1484 621 1569 praesentibus
645 1482 769 1548 clericis
792 1486 824 1548 et
846 1484 1108 1550 archimandritis
1130 1484 1304 1570 relegatur.
1343 1483 1429 1549 Haec
1448 1483 1548 1548 omia

296 1589 323 1653 si
345 1586 413 1651 Deo
435 1586 558 1650 fuerint
578 1584 706 1650 tolente
729 1586 903 1670 completa,
927 1587 1154 1672 imperatorem
1175 1590 1306 1672 rogate,
1335 1589 1372 1651 nt
1392 1584 1547 1652 destinatis

296 1689 394 1755 sacris
415 1710 474 1773 per
494 1687 756 1772 metropolitanos
779 1689 960 1773 episcopos,
984 1689 1145 1773 adjunctis
1159 1689 1261 1773 ipsius
1282 1687 1450 1774 episcopiQ
1464 1687 1546 1752 litte·

295 1793 355 1877 ris,
389 1791 587 1873 innotescat,
618 1790 802 1876 episcopum
828 1789 1224 1876 constantinopolitanum
1251 1811 1310 1855 suo
1339 1811 1454 1876 qnoque
1474 1810 1545 1855 oon·

296 1917 392 1960 sensu
420 1892 580 1958 celebrata
607 1893 819 1978 professione,
854 1915 949 1978 quam
977 1893 1067 1959 sedes
1096 1891 1273 1978 apostolica
1305 1891 1479 1975 destinarit,
1503 1891 1543 1955 in

296 1997 456 2062 unitatem
479 1993 711 2059 communionis
732 1995 831 2060 fuisse
853 1998 1046 2081 susceptum.
1078 1994 1199 2071 Quibus
1219 1993 1339 2059 litteris
1360 1995 1450 2059 etiam
1465 1993 1540 2079 ipsos

297 2100 443 2163 hortetur
471 2095 589 2161 similia
620 2096 773 2180 profiteri.
823 2096 942 2173 Quodsi
971 2097 1005 2161 in
1033 2096 1095 2162 hac
1122 2099 1215 2183 parte
1242 2095 1415 2181 imperator
1438 2093 1536 2180 aliquid

298 2198 498 2264 difficultatis
521 2196 682 2282 attulerit,
711 2199 879 2285 episcopus
901 2198 1296 2284 constantinopolitanus,
1325 2197 1447 2265 &eolis
1463 2218 1533 2284 prae

300 2300 500 2387 ceptionibus
522 2301 680 2386 episcopis
703 2303 768 2367 suis
789 2301 1022 2387 paroecialibus
1030 2303 1057 2388 ⁸)
1085 2302 1136 2366 vel
1159 2302 1274 2367 ceteris
1297 2299 1526 2386 metropolitanis

298 2405 345 2469 eis
372 2403 647 2489 praesentibusll,
681 2404 735 2489 qui
764 2426 783 2468 a
810 2404 900 2470 vobis
934 2404 1056 2489 pariter
1084 2403 1196 2469 directi
1223 2403 1362 2488 tuerint,
1394 2402 1459 2489 quid
1478 2401 1525 2487 ipa

299 2506 428 2589 fecerit,
456 2505 654 2572 innotescat:
677 2507 760 2591 qnod
783 2507 823 2571 ab
847 2528 883 2572 eo
905 2507 1007 2571 modis
1029 2507 1178 2589 omnibus
1198 2528 1255 2571 vos
1277 2508 1403 2592 oportet
1422 2504 1521 2590 erigere,

301 2612 337 2674 ut
358 2608 437 2673 facti
459 2608 554 2693 hujus
576 2610 760 2675 testimonio
782 2612 976 2696 peragrante
999 2610 1097 2675 etiam
1119 2608 1298 2694 universos,
1321 2607 1374 2673 vel
1393 2607 1441 2693 qui
1458 2606 1521 2691 longe
1580 2670 1582 2699 Ι

302 2713 377 2776 sunt
398 2710 506 2796 positi,
530 2711 630 2777 latere
652 2734 719 2776 non
740 2711 854 2796 possit.

783 2896 980 3013 ,Epistola
1006 2897 1065 2981 50.

503 3048 715 3116 Hormisdao
737 3065 847 3133 papae
869 3049 913 3115 ad
935 3049 1122 3117 lustinum
1144 3049 1359 3134 Augustum.

337 3192 410 3242 Illius
427 3196 486 3241 ante
504 3190 633 3253 imperium
650 3191 740 3239 merita
756 3205 894 3240 recensens
911 3188 948 3253 (κζ
961 3188 998 3254 1),
1026 3181 1079 3240 sam
1096 3207 1113 3241 a
1131 3191 1185 3241 Deo
1209 3193 1314 3240 electiore
1335 3190 1501 3254 precamur

335 3292 424 3341 pacem
441 3276 535 3326 reddat
547 3275 681 3325 Ecclesiae
699 3273 734 3338 (n.
745 3273 780 3338 2).
807 3274 918 3325 Fmatra
930 3290 974 3326 eos
985 3277 1058 3326 addit
1064 3276 1200 3338 jactitare.
1220 3270 1503 3338 ausuramque

337 3361 473 3411 constituta
490 3359 540 3410 sibl
554 3359 671 3424 probari,
690 3360 733 3425 qui
744 3357 776 3408 ab
789 3374 873 3409 sonan
884 3359 1034 3425 sequacibus
1045 3363 1132 3410 noant
1147 3361 1280 3419 resedere,
1298 3375 1360 3426 qaas
1371 3358 1502 3410 illlam

337 3452 377 3495 tos
393 3446 474 3495 selant
493 3440 527 3509 (n.
539 3444 574 3509 3).
612 3442 688 3505 Quam
709 3444 845 3508 gloriosam
866 3445 892 3494 ei
910 3445 1005 3508 suerit,
1034 3443 1175 3494 Ecclesiam
1201 3446 1238 3495 ad
1258 3446 1377 3495 unitatem
1398 3454 1503 3494 seem

337 3546 519 3590 rememorans,
542 3545 570 3581 se
588 3537 730 3595 propterea
749 3529 896 3580 Germanum
913 3536 939 3579 et
956 3530 1095 3580 Jolannem
1113 3531 1263 3596 episcopos,
1285 3529 1408 3581 Blandum
1420 3524 1504 3594 prutr-

490 3621 569 3665 terum
587 3622 613 3664 et
629 3615 737 3665 Felicem
755 3615 886 3665 &conam
904 3617 1002 3679 lepatos
1019 3616 1161 3666 destinasse
1178 3616 1277 3666 indicat
1295 3612 1331 3679 (a.
1343 3613 1378 3679 4).

455 3746 666 3812 Hormisda
687 3747 850 3813 Justino
871 3748 1069 3832 Angusto.

391 3867 419 3931 1.
451 3867 490 3931 In
512 3870 641 3931 tantum
661 3888 721 3951 pro
742 3867 849 3951 gratia
863 3865 1050 3931 Divinitatis
1068 3866 1191 3953 gloriae
1206 3870 1333 3934 vestrae
1353 3868 1462 3932 famam
1479 3883 1531 3928 oon·

306 3974 372 4034 stat
394 3972 569 4051 extensam,
593 3968 686 4033 etita
700 3991 756 4033 vos
772 3969 971 4054 suffragante
990 3969 1073 4033 vitae
1088 3970 1203 4061 mento
1225 3969 1425 4036 landabiliter
1443 3962 1531 4042 mundo

307 4072 444 4156 contigit
471 4071 671 4136 innotescere
698 4070 995 4155 probatissimorum
1021 4070 1187 4136 hominum
1219 4071 1371 4156 opinione
1401 4069 1532 4154 vulgante,

306 4276 336 4330 id
353 4275 454 4331 unitati
472 4275 637 4331 sanciendae
659 4289 715 4328 non
736 4274 791 4329 lavi
808 4275 952 4330 obstaculo
970 4275 1028 4331 fore
1045 4275 1196 4347 prospexit.
1233 4275 1407 4346 Quapropter
1423 4265 1534 4329 discit

307 4378 390 4417 cama
407 4361 509 4432 legatis
526 4360 593 4429 quid
610 4359 750 4430 agendum
767 4359 803 4414 sit
820 4362 976 4430 praecavet.

374 4449 395 4514 ⁶)
413 4446 532 4515 Propter
548 4443 657 4516 populi,
680 4446 712 4498 ut
734 4460 798 4499 mox
820 4444 950 4512 diximus,
973 4463 1041 4517 erga
1063 4461 1126 4501 suos
1145 4445 1291 4517 episcopos
1307 4444 1431 4501 stadium.
1462 4439 1535 4507 ΟΝ

308 4548 392 4600 quam
412 4532 442 4586 in
467 4531 562 4586 libello
584 4529 795 4596 subscribendo,
819 4547 902 4598 quern
923 4531 1017 4588 videro
1039 4531 1105 4588 licet
1127 4529 1252 4602 epistolis
1270 4535 1287 4586 'l
1304 4531 1334 4586 st
1355 4536 1388 4586 aa
1407 4528 1535 4585 nbilam·

307 4617 384 4672 nulla
401 4615 529 4688 specialis
546 4614 692 4685 Euphemii
709 4615 753 4670 vel
770 4615 926 4671 Macedonii
943 4616 975 4671 fit
991 4615 1104 4672 mentio

375 4706 395 4771 7)
415 4703 434 4758 b
452 4701 517 4758 add.
537 4697 816 4770 contantinopolitani.

377 4790 397 4855 ⁸)
415 4787 475 4842 Hoc
492 4792 535 4842 ost
551 4784 709 4857 provinciae
726 4802 792 4841 suae
810 4786 951 4857 subjectis,
968 4790 1001 4842 ut
1019 4785 1049 4841 in
1066 4785 1199 4858 epistolas
1219 4792 1251 4842 16
1263 4791 1293 4843 et
1304 4793 1337 4845 at
1356 4779 1535 4843 alesmum

375 4873 397 4942 ⁹)
414 4872 434 4927 b
451 4875 664 4942 praesidentibus.
