3450 5678
255 313 453 363 mucronata
476 314 523 361 tn
546 314 724 363 scarorum
744 315 957 366 cousrxurn
980 317 1146 368 enasset.
1279 307 1339 372 125

109 482 150 537 set
165 482 188 531 ut
203 477 274 532 cirea
292 490 329 532 ea
350 491 427 550 quae
446 483 504 534 tam
518 479 547 533 ia
565 476 677 534 calliae
692 496 778 551 paam
793 482 822 535 in
838 479 1001 553 Hispaniae
1016 485 1178 553 proviaciis
1195 484 1230 538 de
1246 499 1337 554 ragusa

109 562 220 634 relip'oas
234 568 410 637 emergerent
429 565 606 637 invigilaret,
638 580 726 638 neque
751 561 864 620 subinde
890 573 1044 622 revocatum
1072 565 1155 622 fuerit
1181 567 1233 623 hoc
1258 569 1337 642 privi-

109 646 195 720 legium.
216 647 289 704 immo
310 645 450 705 Caesarius
477 665 531 705 nou
558 649 654 704 minori
681 648 751 723 apud
767 648 934 706 Rormlsdam
957 668 1036 725 quam
1058 651 1128 726 apud
1150 651 1338 726 Symmachum

109 731 172 806 gratie
182 730 291 806 polleret.
606 802 613 811 ι
1121 778 1125 785 .

170 816 192 876 c.
213 815 237 873 ld
255 815 305 874 sihi
320 819 422 892 opponi
436 835 519 892 posse
533 820 720 893 praesentiens
735 819 894 877 Rincmarus
915 837 1010 895 opusc.
1027 821 1066 880 55
1082 839 1139 897 cap.
1159 822 1198 880 19
1214 840 1338 898 praever-

108 909 152 958 tete
161 901 212 959 tut
224 911 334 960 conatur
348 903 391 960 his
407 903 509 960 verbis:
539 905 695 962 Hormisda
716 908 793 964 vices
814 922 885 963 satas
906 923 929 964 s.
946 907 1073 981 Remipio
1086 924 1143 982 per
1159 909 1294 983 Belgicae
1311 916 1338 966 et

109 989 212 1061 aalma
221 992 389 1071 pro-riacias
404 990 575 1048 Gallicanas
589 994 734 1063 commisit,
751 998 781 1048 ut
794 991 848 1049 Dei
862 995 1011 1064 ecelesias,
1028 1009 1102 1066 qaas
1114 994 1228 1051 Franci
1241 995 1337 1052 adhue

104 1077 188 1147 parat
201 1076 418 1133 dermaaerant
438 1078 574 1134 aniaersa
594 1078 782 1150 praedantes,
808 1084 836 1134 et
854 1080 1052 1152 quaecamque
1075 1094 1235 1152 perperam
1255 1088 1336 1154 peste

106 1156 202 1231 seruat,
216 1161 253 1218 ad
263 1161 388 1219 debitam
403 1168 508 1219 statam
523 1163 685 1232 reduceret,
704 1169 837 1220 manente
849 1166 1000 1238 prioitepio
1016 1164 1182 1221 Arelatensi
1196 1169 1337 1223 ecclesiae
1377 1192 1384 1203 ι

108 1245 184 1302 insili
197 1249 349 1321 antiquitas
365 1247 503 1323 delegatis
514 1251 681 1321 provinciis.
713 1246 765 1304 Sed
780 1264 869 1322 neque
885 1248 1053 1305 funeratione
1069 1249 1268 1307 incommodum
1280 1251 1336 1322 jam
1360 1283 1368 1302 .

109 1336 196 1388 matun
208 1339 287 1394 cavet.
309 1349 365 1408 quo
385 1349 435 1408 per
450 1349 530 1390 omne
545 1331 672 1390 clodovei
688 1349 803 1408 regnum
820 1333 961 1390 Hormisda
984 1332 1103 1391 nondum
1118 1335 1241 1409 pontifex
1255 1337 1337 1410 privi-

109 1411 331 1487 ltglunconcedere
346 1419 466 1493 ponitur.
498 1418 597 1475 Deinde
613 1434 667 1493 quo
683 1426 762 1493 pacto
784 1421 909 1493 componi
931 1419 1002 1475 istud
1024 1427 1125 1493 potest,
1149 1428 1179 1476 ut
1195 1420 1337 1477 Rormisda

109 1495 195 1575 Remigio
204 1518 256 1576 per
269 1520 352 1561 omae
368 1503 499 1563 clodovei
512 1519 632 1579 regnum
653 1505 723 1561 vices
744 1520 807 1560 suas
828 1505 1001 1567 commiserit,
1023 1512 1050 1560 et
1072 1505 1152 1562 simul
1170 1505 1336 1563 Arelatensis

109 1583 199 1644 suam
216 1591 242 1645 ia
262 1589 318 1646 sihi
338 1593 496 1665 antiquitas
515 1591 655 1664 delepatis
668 1593 827 1661 provinciis
841 1590 1012 1665 privilegium
1028 1589 1129 1647 salvum
1144 1592 1336 1666 integrumque

110 1671 215 1729 muaiti
239 1671 485 1732 Existimandumne
500 1683 551 1740 est,
573 1674 723 1731 Arelatensi
744 1675 872 1749 episcopo
894 1691 942 1749 per
962 1692 1006 1732 eas
1029 1693 1093 1732 uuas
1115 1674 1257 1732 calliarum
1273 1694 1336 1751 pro·

110 1752 185 1820 fidit.
200 1774 261 1835 quae
276 1759 447 1817 Theoderico
468 1762 527 1838 regi
548 1758 685 1836 parebant,
706 1758 828 1835 Remigio
849 1776 913 1817 vero
934 1777 984 1835 per
1002 1777 1045 1818 eas
1062 1778 1164 1826 omnes,
1190 1779 1259 1836 quae
1275 1761 1336 1818 clo·

109 1836 165 1897 dtvel
174 1841 253 1902 ticoni
268 1843 392 1903 subditae
407 1853 492 1909 erant,
507 1845 672 1921 apostolicae
687 1845 759 1902 sedis
775 1847 846 1903 vices
857 1845 941 1902 fuisse
953 1845 1140 1904 demandatasi
1162 1846 1230 1903 Sane
1243 1846 1336 1919 hujus·

108 1923 161 1981 noll
174 1928 375 2006 hterpretationi
395 1931 486 1989 locum
503 1948 557 1988 non
577 1932 738 2006 permittunt
754 1930 911 1988 Hormisdac
932 1948 1104 1989 successores
1121 1931 1242 2007 Vigilius‚
1262 1932 1336 1989 Pela·

105 2009 152 2083 glut
163 2009 171 2067 l
181 2022 231 2079 etc..
250 2014 314 2073 dam
330 2017 460 2081 Auianio.
482 2017 636 2080 Aureliano,
657 2015 781 2091 Sapaudo
801 2016 893 2073 aliisve
908 2016 1022 2074 Caesarii
1036 2017 1240 2076 successoribus
1255 2019 1336 2092 privi-

102 2094 187 2170 legino,
202 2116 251 2177 qun
271 2101 391 2178 gaudere
411 2100 515 2160 solebat
535 2119 629 2159 eorum
651 2101 772 2164 ecelesia.
794 2101 957 2177 largiuntur.
994 2102 1028 2160 Ut
1048 2103 1118 2160 enim
1139 2119 1234 2160 eorum
1255 2101 1336 2159 verba

103 2178 229 2257 arbuta
248 2188 390 2245 occasione
405 2195 522 2245 utuntur
542 2197 685 2250 taceamus,
706 2204 763 2244 rem
784 2187 862 2262 plane
880 2189 978 2245 evincit
998 2188 1041 2245 vel
1056 2206 1109 2244 una
1124 2190 1264 2262 inscriptio
1279 2190 1335 2263 epi·

98 2265 176 2333 *iilic
192 2288 237 2346 qua
253 2270 369 2348 vigilius
388 2272 477 2330 Gallos
498 2274 532 2330 de
553 2275 610 2331 vice
630 2272 795 2348 apostolicae
817 2273 888 2330 sedis
904 2274 1024 2330 Auxanio
1047 2274 1191 2331 commissa
1205 2275 1335 2331 certiores

97 2351 158 2409 fedi·
180 2353 327 2416 luscrihitur
342 2359 441 2435 quippe
456 2363 598 2417 universis
612 2361 756 2432 episcopis
775 2363 898 2416 omnium
910 2363 1130 2432 prouinciarum
1142 2375 1199 2434 per
1215 2360 1334 2430 callias,

93 2440 139 2514 μ’
148 2441 189 2499 tul
201 2458 284 2519 regno
299 2446 344 2503 cel
354 2452 499 2518 potestate
512 2446 709 2520 gloriosissimi
720 2446 775 2517 filii
788 2448 881 2503 nostri
887 2444 1059 2503 childeberti
1069 2449 1146 2519 repis
1152 2446 1336 2504 Francorum

89 2528 216 2585 castitati
227 2535 311 2596 atah·
339 2527 539 2588 childebertum
560 2537 649 2587 autem
672 2528 799 2586 clodovei
821 2528 904 2586 filium
925 2531 953 2587 in
974 2532 1112 2587 maximam
1132 2532 1237 2605 paterni
1257 2531 1335 2607 regni

83 2618 178 2688 partem
195 2616 353 2673 successisse
373 2633 452 2674 nemo
477 2618 593 2692 ignorat.
624 2614 699 2672 Unde
719 2617 851 2690 sequitur,
868 2623 898 2672 ut
915 2625 942 2673 et
957 2615 1019 2673 illae
1034 2617 1197 2691 provinciae,
1219 2634 1287 2691 quae
1303 2615 1335 2673 ad

81 2694 198 2756 nodaret
210 2716 322 2779 regnum
342 2701 522 2777 pertinebant,
543 2701 672 2759 eeclesiae
692 2700 856 2758 Arelatensis
877 2701 1046 2776 praesulibus
1068 2701 1207 2778 delegatae
1224 2702 1333 2759 inerint.

76 2782 210 2853 monada
223 2787 306 2863 igitur
319 2788 455 2864 integrum
475 2787 605 2863 ecelesiae
626 2785 706 2858 hujus
723 2786 892 2862 privilegium
909 2804 1015 2844 manere
1035 2790 1135 2861 potuit,
1156 2789 1179 2844 si
1195 2787 1335 2844 Hormisda

72 2866 192 2945 umato
205 2871 274 2930 sices
288 2888 352 2930 suas
364 2889 422 2945 per
436 2888 517 2931 omae
533 2873 665 2932 clodovei
685 2888 804 2946 regnam
826 2873 1008 2929 commiserit?
1044 2871 1115 2930 Nihil
1137 2872 1179 2929 hie
1199 2872 1334 2948 privilegii
1383 2918 1386 2923 .

67 2975 93 3014 s.
109 2952 227 3032 Remigio
246 2958 368 3015 concessi
388 2957 576 3015 defensoribus
596 2959 731 3015 succurrit
752 2956 832 3021 aliud,
861 2958 911 3013 nisi
935 2966 964 3013 ut
985 2956 1051 3014 illud
1067 2957 1119 3014 soli
1135 2957 1198 3014 huic
1212 2957 1333 3018 antistiti.

65 3057 126 3100 non
139 3040 201 3099 Rem
215 3041 417 3101 successoribus
431 3042 554 3120 Remigii,
569 3042 702 3101 indultum
719 3042 802 3098 fuisse
818 3042 975 3099 obtendant.
996 3041 1049 3099 Sed
1062 3041 1153 3098 eadem
1165 3043 1334 3117 auctoritate.

61 3144 121 3206 qna
140 3128 341 3186 successoribus
362 3128 476 3205 Remigii
496 3137 624 3205 negatum
646 3128 723 3185 fateri
744 3136 890 3202 eoguntur,
914 3128 975 3184 huic
997 3144 1106 3203 quoque
1126 3127 1244 3202 praesuli
1266 3144 1333 3184 nuu-

59 3228 146 3292 quam
161 3214 324 3289 impertitum
346 3215 430 3271 fuisse
445 3213 625 3272 corthteautur
645 3230 755 3271 necesse
771 3220 822 3270 est.
854 3213 882 3268 lu
898 3214 954 3288 ipsa
969 3213 1039 3269 enim
1055 3212 1178 3288 epistola,
1195 3230 1248 3287 qua
1264 3213 1335 3288 Vigi-

56 3302 118 3359 tius
136 3299 280 3375 eptscopos
296 3316 390 3358 omues
405 3299 455 3357 sub
471 3299 634 3358 childeberti
655 3316 741 3375 regno
763 3299 927 3356 constitutos
943 3299 976 3355 tle
992 3299 1048 3355 vice
1063 3315 1112 3354 sua
1127 3299 1246 3355 Auxanio
1263 3315 1335 3356 com-

55 3388 144 3445 missa
158 3383 295 3450 admonet,
311 3387 423 3444 haerere
437 3403 468 3443 se
482 3387 532 3444 hac
546 3387 573 3443 in
589 3402 619 3442 rc
634 3382 732 3441 indicat
748 3385 868 3460 vestigiis
884 3384 1057 3441 decessorum
1074 3402 1200 3455 suorum,
1224 3389 1275 3459 qui
1287 3386 1335 3441 de·

53 3471 229 3532 cessar-ibas
242 3475 310 3546 ejas
323 3470 458 3546 (auxanii)
478 3475 555 3530 eiees
575 3488 646 3529 saas
660 3472 843 3528 libentissime
859 3473 1050 3528 contulerant.
1083 3469 1111 3525 ln
1127 3470 1234 3527 easdem
1250 3471 1335 3546 igitur

52 3558 215 3636 provincias
227 3565 255 3614 et
266 3557 321 3630 jam
337 3556 460 3614 Caesario
476 3557 587 3614 huxanii
607 3556 744 3613 decessori
758 3564 880 3631 potestas
896 3554 988 3612 eadem
1004 3555 1127 3631 delegata
1142 3556 1239 3619 fuerat,
1255 3556 1334 3612 adeo·

52 3661 112 3722 qne
126 3642 174 3701 rel
189 3642 253 3701 hinc
267 3643 400 3719 eplstolae
414 3641 536 3718 Remigio
552 3642 696 3715 inscriptae
711 3641 812 3698 falsitas
828 3642 1028 3717 comprobatur.

142 3730 177 3787 7.
208 3731 244 3786 st
258 3730 321 3804 quis
336 3727 396 3800 eius
411 3728 528 3786 artilex?
554 3727 687 3784 celsitatis
703 3726 774 3783 illius
789 3736 866 3784 notes
882 3728 1012 3784 retexissc
1027 3725 1106 3784 nobis
1121 3728 1186 3784 satis
1198 3729 1242 3784 sit.
1266 3727 1334 3785 'lan-

51 3826 112 3875 tmn
132 3816 160 3872 si
183 3815 247 3890 quis
263 3814 434 3871 Rincmarum
455 3813 556 3870 fraudis
578 3812 658 3885 hujus
679 3810 809 3869 artificem
824 3814 961 3869 exstitisse
977 3812 1079 3870 facilius
1100 3814 1262 3888 suspicetur.
1286 3812 1334 3870 ob·

47 3916 208 3963 amanus,
231 3916 315 3975 penes
330 3900 507 3956 architectum
522 3899 597 3956 illum
613 3899 697 3956 fuisse
713 3897 871 3955 Hormisdae
886 3898 918 3954 ad
931 3897 1088 3956 Sallustium
1104 3897 1257 3972 epistolam,
1280 3917 1334 3955 nun

46 3990 142 4067 qufis
165 3988 196 4043 in
217 3984 317 4043 Isidori
337 3983 531 4061 exemplaribus
559 3984 656 4060 quibus
678 3983 835 4041 llincmarus
858 3985 895 4040 uti
916 3983 987 4041 solet
1008 3991 1105 4048 exstat,
1128 3983 1174 4041 sed
1198 3984 1283 4059 qualis
1306 3986 1333 4041 in

44 4075 173 4134 archivis
183 4071 374 4146 llispanorum
389 4069 584 4129 asservabatur.
