3412 5664
707 357 879 407 musrom
902 349 953 407 26.
1250 308 1254 315 .
1399 342 1462 407 795

202 511 335 579 Necesse
350 515 400 577 est
421 516 458 577 ut
480 534 619 577 errorem
642 512 803 578 adscribat
814 513 850 596 ¹³)
873 512 945 596 sibi,
970 511 1024 599 qui
1046 515 1225 578 monstrato
1247 533 1313 577 non
1335 512 1458 577 insistit
1469 519 1504 584 (a.
1516 520 1585 587 stt.)
1627 568 1628 572 ,

200 615 314 680 itineri.

226 771 405 835 Boniiociur
427 773 567 834 notarius
589 777 716 835 sanctae
738 773 888 835 ecclesiae
910 773 1067 834 Romanae
1091 791 1130 868 ⁰.¹
1151 773 1266 834 sonnio
1289 773 1389 835 edidit
1398 769 1435 854 ¹⁴)

526 876 717 954 exemplaria
738 876 885 937 libellum.
927 875 1137 954 misequitur:

274 972 310 1054 Ι4.
349 990 458 1055 Prima
480 990 566 1054 salus
590 994 649 1073 est,
672 993 778 1055 rectae
800 990 874 1054 fidei
897 990 1041 1074 regulam
1064 990 1221 1056 custodire
1249 995 1321 1056 eta
1346 992 1463 1056 consti·

196 1093 275 1157 tutis
298 1097 428 1176 patrum
449 1093 635 1156 nullatenus
657 1093 794 1156 deviare.
839 1092 884 1155 ut
905 1092 980 1176 quia
1001 1114 1067 1157 non
1089 1096 1195 1178 potest
1210 1093 1339 1158 Domini
1361 1095 1463 1158 nostri

195 1194 274 1261 Jesu
301 1193 422 1260 Christi
448 1195 662 1279 praetermitti
690 1194 852 1258 sententia
879 1194 1029 1259 dicentis:
1064 1197 1109 1260 Tu
1130 1218 1161 1260 cs
1183 1202 1292 1261 Petrus
1318 1208 1348 1260 et
1373 1218 1465 1277 super
1475 1182 1575 1304 {gill}

194 1302 276 1362 bunc
293 1309 414 1378 petrum
437 1303 605 1375 aedificabo
628 1302 795 1361 Ecclesium
823 1317 917 1360 ineam
945 1309 1022 1371 etc.;
1056 1295 1136 1361 haec
1163 1320 1243 1381 quae
1273 1297 1360 1362 dicta
1388 1302 1464 1374 sunt
1517 1292 1524 1318 ’
1565 1293 1570 1304 '

195 1421 300 1464 rerum
322 1399 500 1482 probantur
522 1397 697 1480 effectibus,
722 1399 796 1482 quia
818 1398 853 1461 in
876 1398 949 1461 sede
967 1399 1143 1482 apostolica
1159 1399 1287 1485 citra¹⁵)
1304 1400 1463 1463 maculam

195 1522 321 1585 semper
343 1504 393 1565 est
415 1500 571 1564 catholica
601 1504 727 1564 servata
755 1499 878 1584 religio.
934 1499 983 1564 De
1010 1523 1073 1584 qua
1100 1522 1156 1584 spe
1184 1504 1217 1564 et
1243 1500 1304 1564 fide
1331 1501 1463 1565 minime

195 1603 338 1687 separari
361 1603 525 1688 cupientes
548 1606 580 1666 et
602 1606 730 1686 patrum
752 1604 920 1686 sequentes
943 1602 1128 1685 constituta,
1157 1603 1463 1667 anathematizamus

196 1726 306 1770 omnes
328 1703 485 1788 haereses,
509 1704 678 1788 praecipue
693 1703 878 1768 Nestorium
900 1703 1106 1787 haereticum,
1130 1704 1185 1788 qui
1206 1706 1366 1789 quondam
1382 1704 1464 1771 Con-

195 1805 504 1889 stantinopolitanae
518 1806 581 1870 fuit
596 1805 684 1870 urbis
699 1806 877 1890 episcopus,
894 1792 1083 1869 damnatum'
1097 1806 1132 1869 in
1148 1805 1283 1871 concilio
1298 1806 1464 1891 Ephesino

196 1909 325 1973 abeato
341 1906 521 1974 (belestino
536 1930 622 1992 papa
644 1908 731 1972 urbis
747 1907 867 1971 Itomae
890 1909 923 1970 et
938 1930 957 1970 a
971 1906 1147 1973 venerabili
1168 1908 1237 1972 viro
1255 1906 1374 1992 Cyrillo
1391 1909 1463 1974 Ale·

196 2011 373 2076 xandrinae
389 2010 527 2074 civitatis
544 2011 699 2074 antistite.
730 2008 885 2074 Similiter
896 2012 930 2073 et
942 2008 1252 2074 anathematizantes
1262 2011 1300 2097 ¹⁶)
1317 2014 1350 2075 et
1364 2011 1464 2095 Euty·

197 2114 280 2179 chen
297 2117 331 2179 et
344 2113 531 2177 Dioscorum
549 2111 814 2194 Alexandrinum,
838 2111 873 2174 in
896 2114 1009 2175 sancta
1031 2112 1163 2195 synodo,
1186 2134 1281 2196 quam
1304 2113 1466 2197 sequimur

196 2219 229 2280 et
250 2215 483 2299 amplectimur,
508 2214 760 2280 Calchedoncnsi
783 2214 962 2296 damnatos,
986 2235 1067 2297 quae
1089 2217 1200 2278 secuta
1221 2217 1370 2278 sanctum
1392 2237 1464 2280 con-

197 2317 306 2382 silium
321 2315 501 2381 Nicaenum
523 2317 618 2381 fidem
640 2315 849 2400 apostolicam
871 2316 1078 2400 praedicavit,
1101 2317 1297 2380 detestamur
1314 2319 1347 2381 et
1361 2316 1465 2387 Timo
1493 2388 1499 2402 ,

195 2419 308 2485 theom
329 2418 538 2504 parricidam,
563 2418 715 2483 Aelurum
739 2422 968 2502 cognomento,
1000 2418 1190 2502 discipulum
1218 2440 1342 2503 quoque
1364 2419 1466 2503 ipsius

196 2525 229 2586 et
245 2542 415 2606 sequacem
437 2521 472 2585 in
486 2521 634 2584 omnibus
649 2519 781 2584 Petrum
796 2520 1061 2584 Alexandrinum.
1097 2518 1353 2585 Condemnamus
1369 2521 1466 2585 etiam
1525 2570 1529 2581 ,

196 2626 229 2689 et
250 2622 562 2688 anathematizamus
577 2622 732 2686 Acacium
748 2621 1142 2705 Constantinopolitanum
1164 2623 1324 2706 quondam
1347 2623 1466 2707 episco-

195 2748 273 2810 pum
296 2726 337 2789 ab
360 2724 534 2809 apostolica
557 2725 630 2789 sede
652 2724 856 2806 damnatum,
888 2745 996 2787 eorum
1019 2722 1205 2807 complicem
1232 2727 1265 2787 et
1287 2746 1465 2809 sequacem,

197 2827 246 2893 rel
269 2827 381 2912 quiin
404 2848 513 2891 eorum
536 2826 768 2890 communionis
778 2825 816 2910 ¹⁷)
839 2826 992 2890 societate
1014 2825 1265 2909 permanserint:
1288 2825 1466 2912 quia,Aea-

198 2930 265 2994 cius
288 2951 422 3014 quorum
444 2951 477 2993 se
501 2928 715 2993 communioni
743 2928 886 3011 miscuit,
921 2928 1063 3013 ipsorum
1090 2927 1227 2991 similem
1249 2928 1322 3011 jure
1350 2928 1467 2992 meruit

199 3031 456 3097 indemnatione
478 3031 682 3095 sententiam.
711 3029 843 3094 Petrum
857 3028 1066 3094 nihilominus
1082 3029 1322 3094 Antiochenum
1337 3031 1466 3095 damna-

197 3155 267 3198 mus
291 3155 362 3197 cum
385 3134 572 3218 sequacibus
595 3133 660 3196 suis
684 3136 716 3197 et
730 3131 921 3217 omnium¹⁸)
937 3131 1235 3215 suprascriptorum.
1271 3130 1467 3216 Suscipimus

199 3239 306 3299 autern
329 3239 362 3298 et
382 3235 554 3318 probamus
577 3234 728 3318 epistolas
750 3234 839 3297 beati
862 3232 977 3297 Leonis
999 3255 1102 3318 papae
1125 3233 1301 3316 universas,
1326 3255 1405 3317 quas
1427 3234 1466 3298 de

199 3335 383 3403 Christiana
416 3337 571 3421 religione
606 3336 811 3421 conscripsit,
847 3335 930 3399 sicut
962 3335 1195 3419 praediximus,
1233 3337 1403 3419 sequentes
1432 3335 1466 3399 in

198 3440 344 3504 omnibus
367 3438 574 3523 apostolicam
597 3438 721 3520 sedem,
750 3441 783 3501 et
804 3437 1029 3521 praedicantes
1057 3437 1125 3521 ejus
1147 3437 1255 3501 omnia
1279 3437 1465 3501 constituta.

207 3581 494 3588 ————-—--—

266 3645 297 3711 ω)
316 3643 360 3696 lta
376 3643 393 3695 J
396 3644 402 3677 ¹
414 3642 461 3696 0¹⁰
472 3644 490 3712 β
501 3642 522 3695 i²
541 3642 572 3706 (ἰι
588 3643 683 3696 tamen
695 3645 836 3705 abscribat,
854 3642 870 3694 J
875 3643 880 3677 ¹
899 3645 1073 3709 monstratur).
1104 3639 1159 3694 Alii
1172 3655 1237 3695 vero
1255 3651 1281 3694 ut
1294 3660 1407 3695 errorem
1419 3644 1469 3695 ribi

194 3732 307 3788 scribat,
326 3733 369 3798 qui
385 3737 542 3781 morestrutur
559 3733 680 3781 institisse
696 3747 778 3795 prauo
796 3733 889 3781 itineri.

264 3814 297 3880 ¹⁴)
315 3812 359 3866 Ita
376 3811 433 3882 ,ἶῑβ
451 3812 477 3879 (J
482 3814 487 3846 ¹
507 3817 578 3866 edidi
635 3816 719 3867 libelli.
748 3815 802 3879 Et).
837 3812 869 3865 ln
886 3811 959 3880 vulg.
974 3816 1037 3865 erlitr'
1052 3814 1211 3880 exemplaria
1228 3815 1306 3865 libelli
1323 3817 1467 3881 exequitur,

192 3898 241 3953 11¹·
260 3902 327 3952 editi
343 3904 477 3965 exemptor
494 3897 545 3951 etc.
580 3896 619 3949 Ut
637 3898 654 3966 β
672 3912 863 3966 sequeremur,
881 3895 967 3951 suasit
984 3911 1040 3949 non
1051 3897 1161 3950 tantum
1174 3894 1233 3964 qius
1247 3893 1276 3948 in
1289 3894 1388 3950 ceteris
1405 3914 1468 3967 pro·

191 3984 265 4038 bala
282 3979 440 4047 sinceritas,
458 3981 507 4041 sed
525 3983 554 4036 et
570 3981 641 4034 haec
657 3988 762 4034 num‘l
780 3981 878 4035 verba:
897 3987 1045 4035 documenta
1062 4001 1160 4050 quoquc
1178 3986 1210 4034 de
1227 3986 1349 4035 ecclesiae
1366 3986 1468 4036 scriniis

191 4077 353 4125 manenter
424 4072 575 4128 direximus,
594 4080 645 4120 nec
662 4081 717 4119 non
736 4066 789 4119 isla
807 4065 888 4136 epist.
903 4072 935 4119 24
947 4083 974 4119 n.
990 4072 1017 4118 l:
1034 4086 1128 4120 cumae
1145 4072 1226 4134 ipsius
1244 4072 1357 4120 ordinem
1375 4071 1468 4120 iustru-

191 4154 294 4209 aanor
305 4157 447 4219 adjunctae
463 4156 495 4204 de
506 4156 608 4205 scriniis
620 4157 800 4206 ecclesiasticis
812 4171 856 4205 uos
868 4153 999 4205 docebunt.
1035 4150 1106 4205 Hinc
1123 4150 1197 4205 enim
1215 4167 1270 4206 non
1283 4169 1368 4206 unum
1378 4152 1469 4207 libelli

191 4237 353 4308 exemplar,
370 4236 419 4290 sed
431 4238 461 4290 et
477 4235 533 4290 alia
544 4235 711 4290 documenta
723 4251 737 4289 e
750 4235 856 4290 scriniis
867 4234 943 4289 edita
961 4234 996 4289 ad
1008 4234 1147 4306 Hispanos
1160 4235 1301 4291 destinata
1312 4240 1374 4291 tum
1385 4237 1467 4292 tuisse

191 4321 350 4381 confisum.

264 4409 298 4476 ¹⁵)
318 4409 342 4459 0¹
362 4422 418 4474 seq.
438 4417 524 4460 extra.

265 4493 298 4560 ¹⁸)
317 4491 361 4545 lta
376 4490 393 4544 l
397 4491 403 4526 ¹
417 4491 434 4559 β
440 4513 447 4556 ;
465 4489 513 4544 alii
531 4492 625 4557 alutem
642 4495 880 4546 anathematizamur
948 4495 1148 4546 Gulcltedoueurt'
1164 4497 1314 4546 Mundum.

266 4578 297 4645 Ι7)
316 4579 340 4630 c'
364 4591 421 4645 seq.
445 4582 612 4630 commuuione
634 4588 677 4629 uut
699 4583 822 4631 societate
843 4583 1037 4645 perimmertut.
1079 4581 1127 4642 Qui
1150 4582 1274 4637 Aeacius:
1296 4594 1330 4631 ae
1351 4576 1467 4633 subinde

191 4667 290 4721 labere
308 4663 477 4731 eremitorio
490 4666 554 4726 J'ure
572 4665 681 4727 rrreruil).

264 4749 297 4814 ¹⁵)
316 4743 392 4799 editi
410 4762 471 4799 eum
489 4763 551 4800 mss.
571 4745 623 4799 JO
642 4757 667 4800 et
684 4751 796 4801 omuibus
812 4766 893 4816 supra
909 4753 1014 4817 scriptis
1032 4748 1058 4815 (J
1062 4751 1068 4783 ¹
1083 4752 1194 4801 aturribus
1212 4750 1465 4818 suprascriptorum).

191 4831 311 4891 lectius
328 4832 347 4900 β
363 4841 389 4884 et
405 4835 510 4885 omnim
531 4837 786 4900 suprascriptorum.
830 4832 937 4889 Clarius
954 4833 1059 4888 dietum
1077 4840 1152 4888 esset
1173 4853 1227 4887 cum
1243 4836 1393 4904 sequacibus
1409 4839 1467 4901 elue

191 4933 210 4976 t
230 4921 347 4975 onoma
363 4921 605 4985 suprascriptum.
