3412 5664
630 319 995 381 01101011056-58,
1384 310 1446 377 849

191 487 267 553 ud
286 488 390 553 Deum
412 491 534 570 vestra,
563 508 645 572 quae
668 486 706 550 de
727 485 803 550 boui
832 485 936 570 operis
958 482 1164 548 inchoatione
1186 482 1285 569 habet
1305 482 1575 566 1011100010.)

246 590 437 675 perfectione
460 592 672 674 consequatur
688 588 844 652 effectum.
876 586 1030 651 Animum
1045 584 1171 668 quidem
1186 588 1328 650 vestrum
1349 585 1448 649 talem

191 707 278 757 ssa
299 692 340 757 ad
361 714 420 757 nos
443 694 604 756 testantur
626 689 780 774 alloquia,
811 694 846 755 ut
869 689 909 752 ad
937 687 1172 772 plenitudinem
1193 688 1269 752 boni
1292 687 1446 773 proposit'

191 806 249 858 '11
268 794 403 860 multum
419 793 592 879 indigeatis
615 792 761 875 1101101ος
783 791 886 856 nostri
902 795 1011 855 tamen
1027 789 1174 854 desiderii
1191 812 1238 873 ea,
1263 811 1344 875 quae
1359 812 1449 874 spem

191 892 278 981 *dit
302 897 438 982 0101103)
462 894 598 980 amplius
622 895 768 960 accendit
791 894 951 976 ardorem,
982 896 1015 957 et
1036 892 1160 956 avidius
1182 892 1301 977 gandia
1322 892 1449 977 impleri

191 999 342 1082 ipimus,
372 1020 453 1084 quae
480 998 602 1062 instare
625 998 696 1082 jam
723 996 876 1061 divinitus
905 995 1107 1060 arbitramur.
1152 993 1239 1059 Hinc
1268 998 1332 1078 est,
1367 994 1450 1079 quod

191 1104 312 1166 satum
334 1101 467 1166 Petrum
490 1100 670 1185 apostolum
685 1099 826 1185 quotidie
843 1098 1031 1182 suppliciter
1053 1098 1265 1180 obsecramus,
1289 1098 1326 1161 ut
1347 1096 1448 1179 vobis,

191 1213 241 1265 *er
260 1225 339 1289 quos
361 1203 518 1288 integrari
540 1203 683 1267 membra
705 1224 763 1266 sua
785 1203 898 1266 sancta
917 1201 986 1285 jam
1009 1202 1117 1284 sperat
1139 1199 1295 1284 Ecclesia,
1324 1202 1356 1264 et
1379 1198 1449 1262 effe-

191 1299 270 1370 ξ1001
291 1305 379 1370 Deus
403 1304 537 1370 celerem
560 1309 592 1369 et
614 1304 750 1369 salutem
772 1304 894 1368 tribuat
915 1302 1103 1388 longiorem.

265 1407 297 1471 2.
331 1405 399 1472 Nos
421 1408 563 1492 quidem,
589 1406 704 1471 vestris
727 1406 843 1471 animis
865 1407 1086 1490 obsequentes,
1109 1406 1194 1470 viros
1217 1405 1388 1469 direximus
1411 1403 1451 1466 ad

191 1506 381 1578 solidandam
420 1509 479 1573 sub
513 1508 706 1593 apostolicae
743 1509 960 1593 dispositionis
998 1507 1199 1572 ordinatione
1237 1507 1449 1572 concordiam.

191 1604 334 1674 Vestrum
357 1613 415 1693 est,
440 1613 477 1675 ut
498 1612 582 1676 sicut
602 1634 662 1675 nos
683 1611 787 1675 bonae
809 1610 984 1675 intentioni
1005 1610 1113 1674 deesse
1135 1610 1306 1691 noluimus,
1329 1609 1376 1673 ita
1399 1628 1452 1672 eos

191 1711 256 1797 ad⁴)
279 1734 338 1777 nos
360 1715 506 1796 optatum
534 1713 653 1778 referre
681 1712 809 1776 faciatis
836 1712 993 1777 effectum.
1039 1711 1157 1776 Munus
1190 1714 1332 1777 vestrum
1359 1728 1453 1774 vene-

191 1813 285 1878 randa
322 1815 463 1879 sacraria
503 1819 727 1899 susceperuut:
765 1815 848 1900 quod
882 1815 1018 1899 amplius
1051 1815 1145 1880 beato
1178 1813 1275 1879 Petro
1308 1812 1453 1898 apostolo

191 1915 309 1980 t'acietis
331 1917 505 2002 acceptius,
529 1917 556 1981 si
579 1940 637 2002 per
657 1940 714 1982 vos
736 1919 880 2003 optatam
903 1915 1056 1982 ecclesiae
1077 1917 1260 2001 receperint
1282 1915 1451 1979 unitatem.

682 2138 864 2244 Epistola
889 2138 946 2223 58.

274 2291 486 2377 Hormisdae
509 2310 619 2376 papae
643 2291 687 2357 ad
709 2292 908 2413 Jonarrncm
932 2292 1368 2375 Constantinopolitanum
1448 2285 1603 2418 (ffipn

713 2412 929 2479 eprscopum.

297 2550 367 2612 Quae
380 2553 438 2615 jam
455 2553 598 2617 scripserat
613 2569 664 2617 pra
681 2555 754 2618 pacis
772 2554 989 2617 redintegratione
1006 2555 1177 2617 praestanda,
1196 2558 1334 2617 confirmat.

337 2683 547 2750 Hormisda
568 2685 743 2751 Johanni
772 2687 960 2771 episcopo
983 2685 1451 2770 Constantinopolitano.

272 2803 321 2867 lla
349 2826 430 2888 quae
459 2804 576 2869 caritas
602 2807 659 2869 tua
687 2806 855 2870 destinatis
882 2804 999 2869 litteris
1027 2805 1224 2890 significavit
1252 2806 1452 2891 agnovimus,

191 2910 221 2971 ct
242 2906 443 2992 gratulamur
465 2907 505 2970 ad
528 2907 758 2971 conscientiam
780 2909 923 2971 nostram
938 2906 1012 2971 fidei
1027 2911 1102 2972 tuae
1117 2907 1237 2971 indicia
1259 2908 1452 2991 pervenisse,
1556 2914 1559 2923 '

191 3012 353 3093 optantes,
383 3012 419 3071 ut
441 3008 615 3072 intentioni
636 3012 726 3092 tuae,
756 3032 852 3094 quam
878 3012 999 3073 rectam
1027 3031 1095 3073 esse
1124 3009 1285 3093 cupimus,
1324 3010 1455 3095 plenum

191 3109 274 3175 Deus
296 3113 406 3175 noster
429 3111 513 3174 circa
537 3110 787 3176 ecclesiasticam
808 3133 920 3194 pacem
936 3112 1108 3176 concedere
1123 3111 1275 3196 dignetur
1295 3110 1453 3196 effectum,

191 3213 279 3297 cujus
307 3234 396 3296 spem
424 3212 530 3275 animo
560 3235 716 3297 supernae
739 3214 918 3297 majestatis
941 3213 1184 3297 assumpsimus:
1218 3213 1292 3296 quia
1319 3214 1455 3299 impera-

191 3318 289 3378 torem
317 3314 554 3378 screnissimum
583 3316 622 3378 ad
649 3314 709 3380 hoc
736 3316 937 3400 providentia
964 3315 1073 3379 divina
1096 3315 1278 3399 judicamus
1307 3316 1453 3399 electum,

191 3419 222 3480 nt
255 3438 314 3501 per
342 3438 413 3480 eum
443 3415 648 3481 eeclesiarum
675 3418 907 3502 redintegratio
934 3418 1034 3481 tantis
1057 3417 1253 3502 temporibus
1276 3417 1456 3483 desiderata

191 3517 366 3602 proveniat.
418 3518 618 3602 Quapropter
650 3518 726 3582 licet
757 3542 837 3603 quae
865 3542 923 3604 pro
950 3519 1024 3584 fidei
1053 3519 1177 3583 unitate
1203 3519 1352 3584 facienda
1380 3522 1457 3584 sunt

191 3625 262 3685 tuae
286 3620 430 3684 caritatis
452 3621 603 3685 notitiam
624 3620 725 3686 latere
747 3642 812 3685 non
835 3623 970 3705 possint,
993 3622 1117 3706 legatos
1139 3624 1249 3685 tamen
1271 3621 1454 3704 direximus,

191 3745 267 3808 quos
289 3723 372 3787 ratio
395 3743 509 3785 causac
531 3723 698 3806 poscebat:
722 3723 836 3807 quibus
858 3723 1072 3805 hortantibus
1097 3724 1129 3785 et
1144 3745 1225 3806 quae
1240 3723 1310 3806 jam
1332 3723 1456 3807 pridem

191 3825 323 3889 anobis
345 3824 528 3908 significata
550 3828 583 3887 ct
605 3846 685 3908 quac
707 3847 810 3909 nuper
832 3825 949 3889 iterata
971 3828 1061 3908 sunt,
1086 3824 1126 3887 ad
1148 3825 1296 3889 effectum
1318 3825 1458 3890 Domino

191 3929 300 3991 nostro
324 3928 452 3991 auctore
474 3926 674 4010 perveniant.

694 4131 875 4236 Epistola
901 4133 948 4215 59

799 4284 848 4322 SOU

276 4378 479 4448 Exemplum
505 4378 735 4448 suggestionis
763 4381 934 4435 secundae
956 4376 1116 4449 Germani
1143 4381 1178 4433 et
1205 4376 1371 4433 Johannis
1458 4328 1612 4471 (iiim)

261 4653 283 4719 ³)
303 4653 328 4704 a¹
354 4659 433 4711 rano,
461 4645 552 4715 magis
575 4663 636 4699 cum
658 4643 677 4698 b
699 4644 793 4714 placet
815 4651 912 4707 aratia,
939 4644 1010 4698 adeo
1033 4646 1064 4698 ut
1091 4643 1166 4712 quod
1187 4641 1312 4710 proxime
1337 4647 1457 4711 alloquia,

193 4753 267 4790 nunc
284 4732 410 4789 variaadi
432 4731 564 4787 sermonis
582 4747 650 4799 crgo
668 4730 889 4791 (liestmonam.
913 4728 1032 4782 maxime
1051 4746 1136 4797 quum
1153 4727 1325 4781 lastinianus
1343 4726 1459 4796 legatio·

193 4839 258 4875 nem
278 4837 360 4887 quam
378 4818 499 4889 primunr
516 4815 589 4870 mitti
607 4813 755 4869 instantius
773 4814 907 4883 rogasset.

262 4907 284 4973 ⁴)
301 4903 320 4958 b
339 4910 409 4973 apud
426 4924 484 4957 nos:
502 4901 591 4956 minus
608 4903 682 4972 apte.

228 5008 385 5044 arnsrouns
400 5006 503 5046 11011111,
518 5006 630 5042 courir.
648 4992 671 5042 1.
1216 4991 1256 5052 54
