3412 5664
675 337 702 385 S·
719 334 860 383 canaan
882 332 996 381 PAPAE

713 503 921 589 tractatus
946 502 975 586 Ι.

584 660 641 723 <ax
661 660 728 715 aaa.
747 656 1100 724 rusticanarum.)

296 805 322 864 l.
360 800 398 863 lu
423 821 517 862 causa
539 796 612 861 fidei
636 794 849 877 Christianae,
877 794 927 858 cui
951 792 991 857 ab
1014 793 1142 857 exordio
1164 794 1214 858 sui
1234 814 1414 878 nunquam
1435 793 1487 857 de

208 906 306 970 fuisse
328 901 505 987 probantur
526 899 659 981 inimici,
688 899 799 962 nostro
827 896 955 981 quidem
977 894 1104 960 saeculo
1126 896 1181 961 sed
1203 894 1393 961 intervallo*
1408 900 1487 961 tem·

208 1027 321 1090 porum
342 1002 509 1067 Nestorius
532 1004 564 1065 et
586 999 749 1084 Eutyches
778 1020 842 1062 non
865 1019 948 1062 nova
974 996 1126 1081 dogmata
1154 1019 1229 1062 suae
1258 996 1489 1082 perversitatis

209 1107 263 1173 sed
286 1106 417 1170 nomina
439 1102 657 1188 prodiderunt.
696 1101 780 1165 Nam
803 1099 970 1164 Nestorius
993 1102 1067 1183 pust
1089 1102 1218 1164 centum
1240 1100 1490 1185 quinquaginta

184 1288 187 1293 Ι
210 1211 244 1274 et
263 1210 335 1272 octo
357 1206 424 1270 fere
447 1227 548 1270 anuos
570 1203 701 1268 Photini
725 1205 757 1267 ct
779 1201 871 1267 Pauli
894 1200 1094 1266 Samosatcui
1117 1205 1245 1266 secutus
1262 1223 1413 1267 errorem
1430 1206 1489 1267 ete.

210 1318 253 1391 (ut
268 1319 295 1374 iu
311 1317 436 1392 longiore
452 1313 614 1389 exemplari).

295 1413 325 1476 2.
356 1411 460 1487 Quum
476 1432 552 1495 ergo
567 1408 746 1493 Eutychem
761 1408 858 1472 istum
877 1410 938 1471 etc.
963 1409 1008 1492 [ut
1022 1415 1049 1470 in
1063 1414 1139 1489 long.
1157 1414 1308 1489 exemplari
1323 1431 1421 1490 usque
1444 1410 1490 1493 ad:

211 1516 358 1579 Renatus
379 1514 414 1577 in
437 1512 549 1577 Abedo
571 1511 676 1576 insula
698 1512 801 1574 morte
822 1511 1017 1594 praeventus
1039 1511 1098 1573 est.
1128 1508 1168 1573 In
1189 1508 1253 1573 hoc
1276 1509 1397 1595 itaque
1420 1532 1493 1575 con·

211 1620 309 1682 ventu
332 1615 517 1700 repudiatae
545 1617 622 1677 sunt
643 1612 796 1697 epistolae
817 1610 948 1693 Leonis,
982 1632 1063 1696 quae
1095 1610 1226 1675 fucrant
1257 1611 1300 1675 ad
1329 1614 1494 1697 synodum

213 1719 358 1784 Flaviani
386 1716 528 1802 episcopi
556 1715 711 1796 directae,
746 1718 779 1778 et
811 1712 940 1797 penitus
968 1733 1034 1776 non
1061 1712 1298 1796 permittuntur
1326 1713 1494 1781 recenseri

212 1824 282 1886 tota
304 1821 365 1902 die,
388 1817 552 1904 nihilquae
575 1817 660 1881 aliud
682 1816 744 1881 nisi
765 1816 920 1901 quaedam
936 1813 1077 1880 Nestorii
1092 1813 1248 1898 damnati,
1273 1814 1309 1881 id
1333 1820 1391 1883 est
1412 1817 1494 1903 prio

213 1923 257 1988 ris
279 1921 462 2007 Ephesinac
484 1920 597 2005 synodi
620 1922 722 2006 gesta,
747 1918 944 2003 releguntur.
980 1916 1082 1983 Simul
1104 1917 1201 1982 etiam
1215 1918 1355 1985 relectis
1372 1918 1496 1985 chartis

214 2025 384 2091 discutitur
402 2023 560 2106 judicium
582 2022 621 2086 de
643 2020 790 2106 Eutyche
811 2023 942 2085 sanctae.
969 2018 1139 2084 memoriae
1159 2018 1324 2086 Flaviani.
1364 2020 1495 2087 Interea

214 2149 312 2214 quum
339 2124 495 2209 ¹Eutychis
523 2120 723 2208 blasphemia
750 2122 926 2209 legeretur,
961 2122 1173 2187 acclamatum
1200 2126 1268 2207 est,
1304 2122 1401 2189 hanc
1429 2146 1497 2189 esse

215 2251 323 2294 veram
357 2227 467 2309 fidem,
501 2226 585 2290 hanc
618 2226 837 2290 orthodoxam.
883 2224 1184 2291 Contradicentibus
1216 2226 1336 2311 itaqua
1366 2225 1497 2291 vicariis

216 2329 370 2396 Romanis
392 2331 523 2393 sanctus
546 2326 717 2392 hlaviauus
740 2327 889 2411 dejicitur
911 2329 943 2390 et
964 2327 1118 2412 recipitur
1139 2326 1323 2412 Eutyches.
1352 2327 1497 2395 Damna·

216 2438 269 2498 tur
297 2432 394 2498 etiam
422 2429 578 2495 Eusebius
607 2430 789 2515 episcopus,
824 2432 990 2494 accusator
1023 2428 1164 2513 ejusdem
1196 2429 1410 2515 presbyteri,
1446 2430 1499 2517 qui

217 2539 292 2602 dum
314 2537 398 2600 esset
419 2533 531 2613 laicus,
555 2531 662 2596 fuerat
684 2535 850 2597 accusator
872 2530 1024 2596 Nestorii.
1069 2531 1229 2614 Dejicitur
1252 2530 1412 2599 Domana
1433 2534 1499 2599 An·

217 2637 394 2720 tiocheuus,
423 2638 554 2699 sanctae
576 2635 747 2700 memoriae
769 2634 952 2719 praedictus
980 2632 1151 2699 Flavianus
1179 2633 1345 2721 dirigitur
1374 2636 1412 2701 in
1437 2634 1500 2701 exi·

218 2741 306 2823 lium,
330 2738 384 2803 ubi
407 2741 440 2802 et
461 2740 605 2802 mortuus
628 2740 685 2801 est.

302 2843 332 2907 3.
378 2840 504 2904 Mortuo
532 2839 640 2925 itaque
666 2839 843 2904 Theodosio
870 2840 1062 2924 imperatore
1091 2838 1279 2904 Marcianus
1309 2842 1425 2909 faetus
1453 2844 1500 2907 eat
1537 2832 1541 2857 ⁴

219 2946 378 3032 princeps,
401 2942 520 3007 laesam
542 2942 637 3007 fidem
660 2943 802 3027 graaviter
823 2943 941 3007 ferens.
972 2941 1071 3026 Cujus
1086 2941 1239 3027 religiosa
1250 2942 1411 3027 jussione
1427 2966 1499 3011 eon·

219 3047 354 3113 veniunt
375 3043 455 3109 Nice
478 3044 613 3129 amplius
635 3045 804 3131 quingenti
828 3043 968 3129 episcopi
991 3044 1089 3109 trtius
1112 3043 1258 3109 Orientis
1281 3050 1322 3111 et
1344 3044 1499 3135 Aegypti.

220 3150 321 3226 Quam
349 3148 505 3233 synodum
534 3152 646 3232 postea
668 3146 837 3212 transtulit
858 3145 1060 3211 Calchedona
1088 3149 1221 3231 propter
1243 3146 1369 3232 palatii
1392 3148 1499 3215 vicini·

220 3255 329 3316 tatem.
374 3249 528 3314 Interfuit
556 3250 652 3314 etiam
681 3249 750 3334 ipse
771 3249 946 3333 imperator
968 3248 1155 3330 conventui,
1185 3247 1349 3316 interfuit
1371 3252 1497 3317 senam

221 3358 253 3419 et
275 3374 385 3417 omnes
404 3351 529 3436 judices
558 3354 590 3415 et
619 3351 740 3415 aulicae
768 3354 955 3435 potestates.
1001 3350 1159 3415 Eusebius
1181 3348 1238 3416 ille
1266 3354 1353 3417 ante
1382 3372 1494 3419 annm

222 3457 260 3520 de
283 3455 377 3520 exilio
399 3454 528 3539 fugiens
551 3452 686 3517 Romam
708 3456 856 3517 venerat:
880 3453 977 3518 etiam
999 3452 1074 3518 huic
1096 3451 1218 3537 synodo
1240 3453 1409 3521 iuteresse
1428 3474 1496 3541 pra-

222 3556 356 3641 perarit.
381 3556 523 3621 Accusat
543 3554 612 3639 ipse
627 3554 816 3619 Dioscorum
839 3558 871 3619 ct
893 3555 972 3619 alios
988 3554 1237 3620 Alexandrinos.
1268 3554 1363 3631 Quid
1378 3550 1496 3621 multa?

223 3658 405 3722 Damnatur
427 3662 488 3722 ete.
513 3658 556 3742 [u.
579 3665 596 3720 i.
618 3664 636 3719 Ι,
661 3659 713 3741 e.].

307 3762 337 3824 4.
383 3758 519 3836 Quidam
547 3758 733 3824 Timotheus
762 3760 928 3844 presbyter
962 3763 994 3824 et
1020 3759 1134 3824 Petrus
1162 3759 1326 3825 diaconus
1355 3758 1494 3827 Dinawar·

224 3866 397 3927 sectatores
420 3885 454 3926 se
477 3863 518 3926 ab
540 3861 674 3927 ecelesia
697 3860 917 3927 Alexandrina
940 3864 1139 3946 separarunt.
1184 3859 1274 3938 Quos
1303 3884 1405 3949 quum
1425 3860 1496 3928 Pro

224 3965 323 4029 terius
346 3964 513 4049 episcopus
541 3965 581 4029 ad
609 3964 788 4029 ministeria
818 3987 875 4029 sua
903 3986 1052 4029 revocare
1079 3985 1145 4028 non
1173 3966 1298 4048 posset,
1329 3968 1497 4051 utrumque

224 4066 400 4130 damnavit.
438 4066 564 4131 Mortuo
587 4067 687 4151 igitur
710 4066 855 4151 principa
879 4066 1044 4130 Manciano
1067 4064 1208 4130 collectis
1230 4066 1343 4131 turbis
1363 4064 1499 4133 haereti-

226 4191 333 4233 curum
363 4167 548 4233 Timotheus
578 4172 609 4232 et
631 4166 744 4232 Petrus
773 4169 907 4234 veniunt
936 4167 1174 4251 Alexandriam,
1203 4170 1237 4231 et
1265 4168 1442 4235 ordinatur
1460 4164 1499 4233 nh

225 4269 395 4334 haereticis
424 4270 609 4334 Timotheus
637 4271 815 4356 episcopus.
861 4271 1044 4356 Occupatur
1077 4269 1227 4352 ccclesia,
1263 4270 1309 4337 ad
1342 4292 1443 4358 quam
1466 4290 1499 4335 u.

226 4374 357 4437 sanctae
379 4373 550 4437 memoriae
572 4372 736 4437 l‘roterius
757 4374 797 4438 de
818 4395 905 4438 more
928 4373 1118 4439 contulerat.
1143 4371 1194 4436 lbi
1216 4374 1280 4437 ete.
1308 4374 1353 4460 [u.
1377 4382 1397 4439 l.
1414 4380 1435 4439 Ι.
1448 4372 1496 4459 aJ.

310 4475 341 4539 5.
367 4474 429 4537 lieo
451 4475 558 4559 itaque
582 4476 680 4539 sumit
701 4476 880 4560 imperium,
905 4477 945 4541 ad
967 4498 1061 4560 quem
1082 4474 1168 4540 tanti
1189 4474 1352 4542 facinoris
1369 4472 1498 4543 catholi-

228 4599 336 4643 corum
358 4576 486 4660 querela
509 4578 665 4660 pervenit.
711 4578 874 4643 Haeretici
898 4582 1004 4643 autem
1027 4576 1252 4662 supplicarunt
1276 4580 1441 4663 petentes,
1464 4578 1498 4641 nt

228 4679 497 4745 Calehcdoueusis
531 4679 669 4762 synectas
701 4681 897 4763 aboleretur3
936 4680 1086 4745 catholici
1119 4702 1136 4744 e
1170 4683 1288 4744 contra
1321 4680 1497 4745 vindicta!

227 4780 310 4844 tanti
338 4780 466 4843 sceleris
495 4781 697 4865 expetebant.
743 4782 956 4848 (braidemus
985 4782 1092 4868 itaque
1113 4782 1294 4867 imperator
1315 4786 1380 4849 etc.
1415 4782 1497 4867 [ut
1539 4798 1543 4805 '

226 4891 244 4944 1.
263 4883 318 4966 e.].
350 4881 471 4967 Dirigit-
493 4882 590 4947 etiam
615 4884 784 4951 Anatolius
807 4886 974 4971 episcopus
988 4882 1378 4970 constantinopolitanas
1393 4882 1498 4951 Ascle·
