3450 5678
688 320 883 373 armachan
908 311 956 369 14.
981 311 1031 370 15.

737 510 920 614 Epistola
947 511 989 594 15

834 663 883 700 Bell

447 748 691 816 bocretum
713 749 921 830 synodale
943 748 1094 814 Hilari
1118 765 1262 831 papae.

160 897 259 974 ,aa
289 889 547 952 manaan
564 889 676 939 unua
691 891 786 939 uuas
803 870 925 940 aaran

234 981 268 1031 11.
295 975 418 1026 sunum
435 988 518 1038 papus
534 974 623 1024 Hilari
639 976 667 1024 in
684 975 773 1024 sudum
790 978 923 1025 conventu

229 1067 270 1116 m.
295 1061 401 1122 lurum
420 1060 628 1124 prinu'duauaii
648 1061 693 1110 val
714 1060 891 1110 univsrmrum
913 1061 1087 1122 episcoporum
1113 1060 1320 1115 limenensis
1337 1059 1493 1122 provincius

308 1145 337 1194 ⁸¹
348 1144 461 1195 num
478 1158 578 1209 nom

235 1234 274 1284 ll.
296 1229 401 1291 libitis
417 1231 530 1281 uuanda
546 1231 654 1282 munii
670 1232 868 1281 immanendo
885 1232 1041 1293 prouinciae.

247 1319 278 1367 ἲ.
299 1315 440 1379 nampulo
456 1317 633 1393 episcoporum
651 1317 697 1380 qul
712 1317 817 1366 aomo
833 1317 860 1366 iu
878 1317 979 1380 synodo.

845 1450 873 1515 Ι.

328 1569 350 1633 i.
385 1568 496 1634 blavio
517 1568 674 1636 Basilisco
701 1574 735 1635 et
755 1569 978 1635 Herminerico
1005 1569 1081 1633 viris
1095 1568 1289 1660 ‘clarissimis
1312 1568 1493 1634 oonsulibus

259 1666 310 1733 sub
328 1669 368 1735 dis
386 1668 499 1758 xilv)
525 1670 745 1738 Kalendarum
775 1672 1000 1738 Decembrium
1033 1672 1193 1736 residente
1220 1671 1289 1736 viro
1320 1672 1493 1736 venerabili

263 1766 350 1837 Hilaro
372 1796 450 1859 papa
472 1775 508 1839 in
531 1775 664 1841 basilica
686 1778 818 1840 sanctae
840 1775 1007 1860 Mariaa²),
1032 1778 1065 1839 et
1087 1775 1228 1839 Maximo
1249 1775 1493 1861 Taurinatum³)

270 1921 324 1936 .·.
345 1876 453 1959 primae
481 1876 648 1943 civitatum
670 1877 854 1962 provinciae
877 1877 1065 1960 Galliarum,
1095 1876 1241 1963 ingenuo
1269 1876 1493 1941 Ebredunensi

268 1976 409 2056 pomona
431 2001 473 2046 ss.
482 1981 521 2066 ⁴),
637 1979 837 2046 Medionensi
864 1981 1049 2065 provinciae
1072 2001 1126 2064 ss,
1157 1979 1332 2046 Saturnino
1354 1979 1492 2044 Arenio-

272 2145 537 2171 Ἦ,-

320 2230 335 2296 1)
348 2230 382 2288 lta
394 2233 474 2290 Μ’
486 2234 525 2289 hi
540 2235 569 2290 et
587 2233 679 2289 Conat.
697 2252 760 2289 mss.
780 2235 819 2301 H3
840 2235 878 2289 H0
890 2235 924 2290 0¹
948 2241 978 2291 et
994 2236 1120 2306 plerique
1138 2252 1201 2291 mss.
1219 2235 1312 2290 JOc⁷
1324 2237 1363 2289 c¹⁰
1384 2241 1409 2290 d.
1430 2239 1492 2297 XV,

268 2310 432 2375 aduae
449 2326 492 2376 ase.
511 2323 597 2390 XVI,
619 2320 641 2373 i¹
659 2326 701 2375 die
719 2324 789 2374 XII.
824 2318 898 2385 Quas
916 2321 1049 2376 lectiones
1067 2321 1214 2376 mendosas
1232 2336 1292 2375 csse
1313 2319 1378 2374 inde
1395 2320 1492 2388 liquet,

268 2397 452 2467 (rodomensi
470 2404 529 2461 dios
551 2421 625 2460 anno
641 2410 706 2472 461,
733 2421 788 2473 quo
812 2405 955 2461 ordinatus
979 2408 1021 2461 est
1043 2406 1166 2473 Hilarus,
1195 2422 1252 2461 non
1274 2407 1304 2459 in
1326 2405 1493 2461 dominicam

264 2482 380 2555 cadebant,
394 2506 446 2560 qua
463 2490 524 2545 sola
540 2490 647 2545 Romae
665 2490 803 2560 ejusmodi
821 2490 1009 2546 ordinationes
1029 2491 1250 2546 celebrabantur.

320 2569 587 2635 anu1·0¹0²io
614 2575 720 2629 omissis
742 2575 935 2647 episcoporum
958 2576 1114 2630 nominibus
1132 2577 1177 2630 hic
1199 2576 1346 2646 subjicitur
1368 2598 1419 2631 nna
1441 2597 1494 2630 curn

260 2659 367 2723 wilt
379 2667 561 2732 quinquaqinta,
580 2665 749 2716 residentibus
766 2668 841 2741 etiam
858 2668 982 2716 nantuensis
997 2666 1157 2731 presbyteria
1171 2663 1227 2717 cto.

320 2740 461 2815 ‘marique
477 2763 541 2800 mss.
556 2750 700 2801 stannatum
718 2752 851 2810 ciuitatum,
870 2746 923 2801 nisi
940 2747 1016 2816 quod
1032 2747 1069 2801 Η4
1081 2748 1119 2801 Η7
1130 2747 1176 2801 Η11
1190 2747 1227 2802 K³
1248 2750 1426 2809 Tauricanu'unn,
1446 2747 1494 2800 Η10

258 2827 431 2893 amimam,
453 2831 491 2886 Η8
513 2835 685 2888 Ταννίἰαηιιω.
707 2839 730 2890 1,
748 2838 847 2901 prime
865 2838 992 2888 deitatum
1007 2838 1155 2903 prouinciae
1172 2838 1323 2897 Galliarum,
1352 2832 1386 2886 1³²
1402 2837 1492 2886 Tauri·

252 2916 339 2969 anan
355 2919 467 2971 dumam
486 2920 655 2981 Gallicam
689 2916 728 2970 Η3
745 2933 800 2971 sec.
820 2933 905 2972 manu
932 2922 1096 2972 Tmarinensis
1118 2924 1238 2981 ciuitatis,
1260 2918 1288 2971 h*
1312 2922 1418 2972 Taurini
1435 2922 1493 2970 cion·-

251 3004 313 3053 uuus
328 3005 456 3064 Formae
481 3004 621 3081 Galliarum
644 3004 771 3071 lnpenuo,
795 3004 871 3056 c⁷c¹⁰
892 3005 1021 3058 Taurinae
1045 3009 1154 3058 naitano
1176 3009 1322 3072 prouinciae
1342 3006 1495 3057 Gallicarum

247 3088 391 3155 immac·
408 3090 537 3141 Taurinae
555 3092 657 3142 σιὐἱεατε
673 3093 820 3157 ρνουίηείαε
834 3091 980 3146 Galliarum.
1012 3088 1088 3143 infra
1104 3087 1180 3142 idem
1196 3086 1332 3141 Maximus
1348 3086 1378 3140 in
1396 3092 1410 3141 7
1430 3104 1494 3141 mss.

244 3173 274 3226 et
288 3166 327 3223 H*
339 3168 429 3240 legitur
445 3178 582 3242 epiecopus
600 3179 723 3228 ecclesiae
739 3178 884 3228 Tomitanus
903 3177 980 3242 (sane
992 3173 1193 3228 restituendum
1206 3190 1268 3227 cum
1280 3173 1317 3226 Η7
1330 3176 1495 3242 Tauricana).
1608 3167 1610 3172 ’

239 3256 316 3327 Hine
330 3256 439 3327 testigia
455 3256 493 3312 Η*
511 3259 620 3312 secuta
640 3258 790 3328 logendmn
814 3258 996 3314 existimarim
1013 3263 1128 3314 illandus
1144 3263 1308 3313 Taurinatuon
1396 3264 1495 3328 prinuae

236 3349 360 3398 &tum
373 3349 516 3412 minutae
536 3347 686 3407 damarum,
716 3346 748 3398 ut
768 3343 809 3398 ibi
831 3344 971 3411 annilitor,
999 3361 1031 3398 ac
1054 3359 1119 3398 mox
1136 3343 1358 3410 Mediononscm,
1388 3343 1496 3412 aliquos
1608 3356 1610 3360 ⁴

234 3428 375 3501 episcopos
390 3428 496 3499 primae
514 3426 673 3499 provincias
686 3428 840 3485 Galliarum
859 3430 990 3484 excidisse
1008 3430 1138 3499 putarim.

305 3513 325 3580 ⁴)
339 3510 390 3567 Pro
406 3512 509 3584 duplici
525 3513 622 3570 littera
638 3535 673 3579 aa,
692 3532 776 3584 quam
793 3515 919 3585 plerique
931 3533 994 3570 mss.
1014 3532 1047 3569 ac
1059 3515 1166 3585 vidgati
1184 3514 1248 3570 libri
1260 3506 1400 3584 exhibent,
1418 3516 1446 3570 iu
1458 3514 1494 3570 ΗΙ

229 3599 278 3655 uic
297 3597 325 3651 et
339 3596 409 3653 inira
425 3598 547 3670 spatium
559 3616 677 3654 vacuum
689 3600 861 3669 relinquitur,
879 3601 908 3654 in
927 3600 986 3654 1Η8
1005 3599 1168 3670 exprimitur
1179 3603 1296 3657 verbmn
1307 3615 1366 3657 arunt
1384 3605 1413 3658 et
1423 3602 1496 3658 infra

226 3681 347 3754 simplex
363 3704 384 3738 u.
418 3683 603 3739 Consiliorum
622 3684 742 3740 editores
760 3686 862 3756 duplex
879 3706 906 3741 es
924 3686 1104 3753 retinuerunt,
1124 3685 1167 3740 cui
1183 3688 1251 3741 tunc
1262 3686 1421 3742 Harduinus
1434 3688 1496 3757 jaun

226 3772 308 3827 recte
324 3783 418 3824 vocem
433 3776 629 3840 suprascriptae
651 3771 718 3838 (scil.
736 3777 885 3840 prouinciae
905 3776 1051 3841 Galliarum)
1069 3771 1219 3826 substituit.
1264 3771 1372 3828 Deinde
1390 3772 1496 3827 desido-

223 3858 308 3913 maur
323 3870 423 3910 nornen
440 3855 576 3926 episcopi,
603 3857 650 3924 qui
671 3856 740 3911 itam
757 3856 916 3927 provinciae
938 3863 1136 3927 stupratoriplae.
1150 3856 1302 3912 Galliarum
1320 3860 1388 3913 erat.
1425 3857 1496 3924 Quo-

220 3944 303 4000 εἶτα
319 3956 372 4011 pro
389 3945 565 4007 Medu'onenet,
589 3941 664 4010 quod
681 3941 711 3996 in
729 3942 857 3997 omnibus
874 3960 937 3997 mss.
957 3945 1055 4011 exstat,
1073 3942 1192 4012 pessime
1209 3942 1239 3997 in
1256 3944 1377 4014 vulgatis
1396 3949 1496 4001 Medio·

217 4033 327 4085 mni
343 4026 522 4081 subsfitutum
534 4027 584 4093 est,
603 4027 678 4096 quod
690 4027 812 4082 Mansius
825 4028 971 4097 (etHard.)
983 4045 1113 4098 expressa
1125 4029 1228 4096 tuetur,
1247 4030 1398 4084 secundum
1410 4031 1496 4102 Papo·
1598 4027 1600 4031 ’

216 4110 374 4169 omehiam
390 4111 461 4167 Acts
477 4109 642 4166 Sanctorum
659 4112 725 4183 Mai.
744 4116 811 4169 tom.
824 4113 877 4168 VII
895 4114 939 4167 vel
957 4116 1092 4168 Tinurtium
1108 4114 1153 4169 vel
1172 4118 1317 4170 denuntians
1344 4116 1403 4185 ejus
1424 4118 1497 4172 sedis

216 4198 390 4271 episcopum
406 4196 556 4253 insinuans.
592 4197 676 4253 Forte
695 4198 780 4254 etium
797 4200 885 4255 verba
901 4199 950 4254 illa
962 4203 1125 4254 Medionenoi
1140 4206 1289 4269 prouinciae
1306 4223 1333 4256 so
1351 4203 1498 4257 oscitantia

214 4281 335 4341 librarii
353 4281 537 4353 irrepserunt,
564 4283 612 4353 qui
629 4284 792 4355 perveniens
816 4285 852 4340 nd
870 4289 1033 4340 Saturninum
1055 4301 1088 4339 eo
1112 4285 1213 4340 omisso
1231 4287 1376 4359 exscripsit
1394 4292 1495 4342 Medio-

214 4374 300 4427 καὶ
315 4370 370 4423 etc.
387 4384 439 4439 pro
450 4374 623 4425 Auenionenui
639 4371 691 4426 etc.
712 4374 771 4438 (sau
787 4373 820 4426 ut
836 4370 866 4426 in
882 4371 993 4441 scriptis
1004 4370 1131 4441 pingitur
1144 4375 1329 4442 Atinionenn'),
1347 4391 1380 4429 ac
1398 4372 1497 4427 deinde

213 4471 370 4513 manmena
387 4455 462 4524 quod
484 4455 616 4511 omiserat
638 4455 747 4512 addidit
765 4460 903 4513 Saturnino
922 4461 1096 4513 Auenionensl
1112 4459 1163 4513 etc.
1208 4458 1317 4513 Revera
1334 4459 1422 4514 verba
1438 4464 1497 4514 Me-

213 4545 347 4599 dicum!
359 4546 508 4609 mundae
525 4563 553 4597 aa
570 4541 599 4596 in
615 4541 760 4597 F²H⁰H¹⁰
778 4543 885 4599 desunt.
916 4543 957 4598 Ex
975 4541 1032 4597 alia
1048 4545 1141 4599 autem
1159 4547 1239 4614 parta
1258 4545 1345 4600 verba
1362 4560 1424 4598 mss.
1456 4544 1497 4598 10
1584 4583 1592 4591 .

213 4649 273 4683 m
291 4646 349 4682 curn
367 4632 494 4697 episcopis
511 4634 552 4695 50,
570 4646 655 4698 quum
673 4629 718 4684 hic
735 4647 791 4685 nou
808 4630 862 4684 nisi
879 4635 912 4684 48
930 4629 1116 4696 nominantur,
1134 4630 1202 4686 duos
1219 4633 1333 4701 praeter
1350 4630 1423 4684 hunc
1441 4633 1497 4685 Me-

213 4721 373 4770 dionem
390 4711 524 4768 excidisse
542 4714 669 4770 suadent.
705 4717 745 4770 Ac
762 4716 880 4770 sortasse
897 4716 950 4771 hoc
968 4716 1052 4770 modo
1076 4717 1161 4771 etiam
1179 4716 1401 4771 additamentum
1420 4733 1498 4787 supe-

212 4800 280 4857 rius
297 4803 428 4853 &mainan
444 4805 591 4868 pruvinum
605 4804 756 4866 Galliarum,
783 4803 856 4872 quod
881 4820 942 4856 cum
964 4806 1077 4858 Taurino
1098 4819 1197 4872 parum
1221 4802 1363 4869 cohaeret,
1394 4803 1498 4871 aliqua-

213 4895 305 4941 tenus
325 4883 502 4939 dilucidatur.
