3450 5678
624 342 796 392 mussona
818 331 871 392 40.
1319 325 1382 393 825

114 500 206 575 ἔλεος
226 496 283 562 καὶ
304 495 366 582 τὴν
388 501 456 562 τῶν
471 494 584 561 άλλων
600 493 723 581 ὁμοίως
773 519 843 560 rum
880 518 1003 581 quoque
1040 496 1269 562 correctionem
1303 520 1384 562 mer·
1396 526 1420 565 a.
1432 514 1489 566 618.

115 601 301 685 διόρθωσιν
336 602 382 686 τῷ
417 596 564 686 ὑμετέρῳ
598 602 722 685 μισθῷ,
775 600 843 666 cedi
873 602 1011 682 vestrae,
1049 598 1077 663 si
1104 621 1123 663 a
1151 599 1241 663 vobis
1269 600 1309 665 ad
1336 622 1384 665 re-

115 706 146 775 εί
165 700 246 785 παρ’
262 699 359 786 ὑμῶν
373 699 457 785 πρὸς
473 699 510 766 τὸ
526 699 625 777 adase
642 698 722 785 ὁδη-
775 705 861 768 ctum
877 701 1085 785 deducantur,
1102 701 1292 766 adscribere.
1321 700 1384 768 Sed

114 813 264 890 γηθείεν,
288 807 501 886 λογίσασθαι.
537 801 620 867 Ἀλλ’
644 802 723 869 ἑαυ-
774 806 809 869 in
835 807 940 868 totum
966 826 1022 868 vos
1045 827 1064 868 a
1087 825 1202 888 coeno,
1236 826 1299 889 quo
1326 804 1384 869 im-

114 906 193 985 τοδς
215 907 367 972 καθόλου
383 904 448 971 άπὸ
463 910 524 970 τού
539 905 722 989 βορβόρου,
774 908 869 971 mersi
908 906 1063 971 haeretici
1094 909 1262 990 tenentur,
1301 908 1384 972 avel-

116 1011 154 1076 έν
177 1000 204 1096 pi
231 1009 266 1073 οί
285 1008 447 1092 αι’ρετικοί
476 1006 724 1084 καταποθέντες
774 1010 847 1094 lite,
871 1013 903 1074 et
926 1009 1124 1074 excutientes
1146 1008 1384 1074 immunditiam

115 1110 353 1195 κεκράτηνται,
396 1108 627 1193 άποσπάσατε,
668 1110 724 1174 καὶ
775 1112 916 1198 pulveris
943 1110 1159 1194 inhaerentis,
1189 1110 1385 1197 generaliter

116 1213 346 1292 εἰιτινάξαντες
360 1211 422 1296 τὴν
437 1210 724 1296 άκαθαρσίαντού
775 1215 939 1279 universos
971 1214 1011 1277 ab
1040 1213 1222 1297 apostolicis
1254 1214 1384 1298 dogma-

115 1320 294 1399 ιιονιορτού
316 1319 377 1380 τοῦ
399 1314 639 1400 κολληθέντος,
666 1337 724 1396 γε·
774 1318 860 1382 tibus
894 1316 1108 1398 declinantes,
1145 1315 1297 1400 religiosa
1332 1317 1384 1380 de·

115 1422 218 1495 νικός
253 1415 402 1493 ἅπαντας
438 1414 516 1493 τούς
553 1413 618 1480 άπὸ
654 1420 723 1480 τῶν
774 1418 948 1484 testatione
976 1418 1136 1487 damnate.
1187 1422 1279 1484 Nulla
1306 1429 1384 1484 tene·
1397 1395 1484 1518 ²601?

115 1519 349 1586 άποστολικων
376 1507 552 1604 δογμάτων
583 1515 724 1583 άποκλί-
774 1528 837 1588 tris
857 1544 925 1587 cum
946 1528 1015 1586 luce
1035 1527 1217 1600 communio,
1249 1543 1310 1585 nec
1331 1521 1386 1606 qui
1421 1507 1427 1531 '
1466 1507 1472 1519 ’

100 1647 239 1699 ,ναντας
254 1620 390 1705 εὐσεβεῖ
402 1619 606 1705 άποκηρύξει
621 1643 722 1684 κατα-
775 1646 832 1710 per
853 1626 942 1688 recta
963 1623 1081 1687 itinera
1103 1622 1311 1708 gradiuntur,
1334 1644 1386 1686 ve-

115 1728 260 1809 κρίνατε.
319 1722 494 1807 ,,Ούδεμιά
530 1726 576 1807 τῷ
611 1721 724 1788 σκότει
775 1727 873 1811 stigia
895 1747 952 1789 sua
975 1747 1047 1789 cum
1062 1725 1259 1789 deviantium
1280 1746 1386 1789 errore

114 1825 200 1911 πρὸς
220 1821 258 1892 τό
281 1831 354 1910 φῶς
376 1827 574 1907 κοινωνία,“
598 1820 676 1889 οότε
692 1823 727 1887 οί
775 1829 987 1913 conjungtmt.
1032 1827 1221 1891 Tenendum
1243 1830 1292 1891 est
1311 1827 1386 1892 fidei

115 1923 170 1995 διά
184 1935 254 1995 τῶν
270 1926 417 1994 εὐθειῶν
429 1925 519 1993 ὁδῶν
533 1928 724 2011 βαδίζοντες
774 1930 937 1995 vinculum
960 1932 992 1993 et
1013 1929 1180 1994 vitandum
1202 1928 1241 1993 de
1263 1929 1384 2013 perfida
1443 1949 1444 1952 ’

114 2031 154 2099 τά
177 2032 308 2098 ἑαυτόν
337 2036 411 2114 ίχνη
440 2025 521 2114 μετά
548 2033 617 2094 τόν
639 2026 723 2093 άπο-
774 2033 926 2098 societate
949 2032 1150 2116 contagium
1175 2032 1251 2116 quia
1272 2054 1384 2096 sccun-

113 2134 303 2200 κλινόντων
339 2132 468 2215 πλάνης
501 2130 721 2197 συνάπτουσι.
776 2136 850 2199 dum
866 2133 1044 2219 apostolum
1055 2134 1320 2218 quemadmodum
1335 2142 1389 2215 qui

113 2236 341 2320 Κατασχετίος
383 2234 454 2300 ἐστὶ
489 2239 548 2318 τῆς
582 2236 724 2310 πίστεως
774 2260 806 2302 se
827 2242 970 2318 adjungat
989 2241 1125 2314 Domino,
1156 2259 1235 2302 αντα
1259 2243 1386 2317 spiritus

113 2337 303 2422 σύνδεσμος
335 2337 391 2401 καί
418 2337 619 2420 παραιτητέα
641 2333 661 2421 ἡ
685 2336 723 2402 ἐκ
774 2352 831 2418 est,
870 2347 913 2404 ι’ία
949 2346 1002 2418 ραι·
1036 2344 1186 2403 adhaeret
1220 2346 1382 2419 meretrici,

113 2445 172 2526 τῆς
194 2437 337 2505 ἀπίστου
352 2441 531 2515 κοινωνίας
547 2440 647 2523 λύμη,
672 2436 723 2503 ὅτι
774 2464 864 2508 unum
905 2462 1018 2521 corpus
1058 2445 1202 2518 efficitur.
1261 2441 1384 2506 Amant

113 2541 197 2608 κατά
217 2540 278 2608 τὸν
299 2539 487 2607 ἀπόστολον
511 2538 576 2625 „dv
594 2541 721 2624 τρόπον
773 2545 907 2609 virtutes
936 2542 1071 2628 collegia
1098 2565 1172 2628 sua,
1207 2547 1240 2608 et
1267 2544 1383 2610 adhae-

113 2641 277 2712 ὁὲαυτδν
298 2647 521 2726 προσκολλεόν
543 2649 588 2730 τῷ
604 2647 721 2728 Κυρίῳ
773 2650 880 2711 rentes
917 2646 978 2710 sibi
1020 2667 1128 2710 secum
1163 2646 1312 2730 impietas
1347 2648 1383 2712 in

113 2749 150 2814 ἓν
172 2746 306 2832 πνεῦμά
330 2747 439 2829 ἑστιν,
470 2743 577 2823 οὕτως
599 2744 617 2810 ὁ
641 2750 721 2811 κολ-
772 2749 931 2835 profunda
946 2748 1114 2833 demergit.
1142 2748 1182 2812 In
1197 2753 1381 2834 conspectu,

113 2848 264 2935 triparcos
300 2853 341 2933 τῇ
378 2849 488 2935 πόρνη
522 2850 559 2914 ἓν
591 2853 720 2932 γίνεται
773 2853 808 2915 in
830 2851 945 2934 oculis,
968 2851 1003 2914 in
1025 2872 1095 2933 ore,
1124 2850 1159 2914 in
1181 2851 1259 2935 ipsis
1281 2851 1382 2915 mani-

113 2954 244 3036 σιόμα.“
280 2949 468 3034 Ἀγαποῖσιν
483 2951 521 3015 αί
532 2949 648 3034 άρεταδ
663 2950 722 3028 τάς
771 2954 831 3017 bus
853 2957 929 3018 sunt
950 2955 1078 3038 patrum
1099 2953 1267 3038 dogmata,
1301 2976 1382 3038 quae

112 3052 270 3138 ἀλλήλων
281 3056 470 3136 κοινωνίας,
484 3054 540 3118 καί
551 3050 630 3129 τούς
641 3057 720 3118 κολ-
773 3055 979 3121 custodienda
1005 3055 1209 3120 mandamus:
1240 3055 1382 3140 quotidie

112 3157 284 3240 λωμένους
320 3153 405 3240 αὐτῇ
438 3153 516 3239 μεθ’
551 3154 670 3240 ἑαυτῆς
700 3153 720 3240 ἡ
772 3180 831 3222 nos
859 3158 897 3222 ad
930 3157 1202 3222 conservationem
1230 3158 1279 3222 sui
1308 3179 1381 3222 con-

111 3257 247 3342 ἀσέβεια
270 3257 309 3323 έν
330 3262 376 3343 τῷ
398 3259 496 3343 βυθῷ
519 3261 720 3323 καταποντί-
774 3260 848 3326 cilia
868 3260 1052 3324 veneranda
1074 3259 1311 3345 constringimt.

111 3365 166 3441 ζει.
209 3358 262 3425 Ἐν
285 3357 490 3443 ὀφθαλμοῖς,
516 3360 621 3445 ἐντῷ
644 3360 721 3426 στό-

110 3486 205 3548 ματι,
230 3463 269 3527 έν
291 3459 409 3538 αὐτοῖς
430 3472 502 3538 ταῖς
523 3465 639 3545 χερσίν
658 3463 721 3527 είσι

110 3570 180 3631 τῶν
202 3565 356 3645 πατέρων
378 3561 417 3628 τά
434 3563 594 3648 δόγματα,
617 3560 721 3649 dpv-

110 3666 244 3732 λάττειν
267 3665 507 3751 ἐντελλόμεθα·
539 3664 619 3731 καθ’
643 3666 720 3732 ἑκά-

111 3785 194 3853 στην
215 3765 300 3851 πρὸς
327 3762 389 3852 την
411 3766 569 3852 φυλακὴν
591 3768 720 3836 ἑαυτῶν

110 3872 148 3935 αί
167 3871 345 3954 σεβάσμιαι
368 3869 514 3954 σύνοδοι
540 3876 720 3956 περισφίγ-

110 3990 220 4056 γουσι.

137 4075 182 4138 ’6.
212 4077 436 4159 Μακρημορία
460 4076 530 4141 ἐστὶ
545 4075 625 4142 καθ’
641 4077 719 4142 ἕκα-
813 4079 843 4167 6.
872 4076 1018 4161 Longum
1033 4081 1083 4143 est
1097 4078 1288 4164 singillatim
1310 4081 1379 4144 uni-

110 4194 191 4241 στον
214 4176 323 4241 πάντα
339 4182 526 4261 φανεροῦν·
552 4176 592 4242 τά
607 4185 665 4263 τῆς
682 4180 720 4245 έν
770 4202 862 4244 versa
894 4183 1053 4245 retexere:
1087 4180 1379 4246 Calchedonensem

109 4278 303 4363 Χαλκηδόνι
324 4280 486 4363 συνόδου,
511 4271 587 4366 ἐνῇ
601 4286 719 4347 πασῶν
771 4281 942 4366 synodum,
980 4283 1015 4346 in
1054 4305 1116 4367 qua
1152 4283 1295 4347 omnium
1330 4306 1378 4348 re-

109 4378 147 4445 τδ
163 4379 264 4464 σέβας
285 4381 481 4466 περιέχεται,
506 4381 591 4448 α’λλά
606 4385 661 4447 καί
678 4381 718 4449 τά
771 4383 914 4448 verentia
936 4384 1134 4468 continetur,
1159 4384 1213 4448 scd
1236 4388 1269 4448 et
1284 4407 1377 4449 vene-

108 4483 200 4566 παρόι
215 4488 276 4548 τοῦ
292 4484 565 4568 σεβασμιωτάτου
574 4485 719 4563 Λέοντος
769 4486 862 4549 randi
891 4486 1007 4551 Leonis
1050 4487 1176 4571 prolata
1218 4487 1257 4549 de
1298 4487 1378 4572 ipsis

108 4584 357 4668 προενεχθέντα
380 4586 413 4663 ἐξ
434 4585 537 4670 αὐτῆς
551 4592 619 4651 τῶν
634 4586 717 4652 ciao-
769 4588 984 4672 apostolorum
1043 4588 1237 4673 praecordiis
1286 4588 1378 4653 insti-

108 4686 241 4751 στόλων
277 4689 335 4770 της
370 4689 510 4770 καρδίας
543 4684 717 4774 ὁρίσματα,
768 4693 838 4754 tuta
871 4694 904 4755 et
940 4713 1033 4756 nosse
1071 4713 1129 4755 nos
1163 4689 1314 4754 convenit
1345 4695 1378 4753 et

107 4788 165 4852 καί
179 4788 362 4871 γινώσκειν
383 4785 469 4874 ἡμᾶς
483 4790 645 4875 προσήκει
661 4792 717 4855 καὶ
767 4793 861 4857 tueri.
926 4793 966 4858 In
1007 4793 1057 4857 his
1098 4790 1249 4856 vexillum
1290 4790 1374 4872 fidei,

107 4901 232 4975 τηρεῖν.
265 4889 320 4956 Ἐν
334 4892 466 4970 τούτοις
481 4890 517 4957 τό
534 4893 716 4982 σεβάσμιον
766 4895 801 4961 iu
828 4894 878 4960 his
911 4894 1189 4989 propugnaculum
1217 4893 1374 4980 veritatis,

1400 2114 1482 2170 16οε.
1490 2121 1514 2181 6,

1400 2189 1487 2238 16.17.
