3450 5678
709 340 903 388 sslssonas
929 333 978 389 10.
1004 332 1053 388 ll.

862 527 904 591 Il.

321 646 361 711 6.
399 644 447 710 De
469 645 531 710 hoc
553 668 642 728 sane,
667 646 720 731 qui
743 645 818 710 licet
840 646 983 711 indebite
1006 646 1185 711 Decnsilms
1209 651 1413 735 cognoscitur
1434 655 1515 717 ordi·
1528 669 1618 717 anot.

240 755 338 817 nstris
349 798 359 831 ,
382 745 529 832 justitiae
556 747 683 812 ratione
712 749 909 831 consumme,
946 751 982 812 ut
1009 750 1221 815 sacerdotium
1249 752 1318 835 ejus
1346 753 1456 818 fratris
1485 760 1518 819 et

240 848 425 938 coepiscopi
447 849 552 914 nostri
573 848 700 914 Leontii
725 850 930 915 confirmetur
952 851 1095 934 arbitrio,
1120 876 1139 915 a
1161 875 1223 937 quo
1241 853 1301 917 rite
1317 854 1427 919 debuit
1443 878 1516 921 con-

236 952 423 1038 senario).
475 950 563 1015 Deus
591 974 648 1017 vos
678 952 850 1035 costodiat,
884 953 1001 1017 fratres
1038 954 1210 1038 carissimi,
1245 978 1323 1019 aevo
1353 956 1513 1041 longiore!

232 1051 316 1120 [lata
361 1056 448 1118 sexto
469 1052 628 1120 Calendas
652 1053 787 1119 Martias
809 1058 883 1139 post
905 1056 1106 1120 consulatum
1129 1055 1241 1120 Basilii
1263 1057 1324 1121 viri
1348 1058 1514 1124 clarissimi

229 1155 393 1222 consulis.
1175 1153 1182 1160 ’

750 1375 931 1481 Epistola
958 1379 1007 1462 11.

229 1528 383 1598 Hilari
402 1547 512 1616 popae
534 1531 578 1596 ad
601 1531 783 1615 episcopos
803 1530 1031 1599 diversarum
1054 1501 1322 1615 provinciarum
1346 1533 1497 1602 Galliae.
1526 1562 1638 1628 (anai)

179 1696 201 1739 3.
243 1686 276 1734 b'e
307 1691 464 1754 quaternos
486 1691 606 1740 tennione
628 1690 806 1747 transcendat,
835 1696 860 1738 ct
877 1696 904 1738 ut
921 1690 1029 1739 concilia
1048 1692 1182 1756 quotannis
1198 1691 1244 1741 srcb
1263 1692 1367 1742 Leontii
1383 1694 1476 1742 Arela-

666 1776 745 1824 tensis
760 1775 896 1839 praesidio
913 1774 1082 1825 celebrentur.

394 1907 692 1973 Dilectissimis
714 1908 914 1972 fratribus
931 1908 1133 1992 episcopis
1148 1909 1382 1992 provinciae
1397 1911 1512 1977 Vien-

484 2009 639 2093 nensis,
673 2009 967 2095 Lugdunensis,
997 2010 1277 2075 Narbonensis
1300 2013 1448 2096 primae
1473 2018 1512 2080 ct

484 2113 701 2196 secundae,
726 2112 900 2197 Alpinae
923 2112 1089 2203 llilarus
1113 2113 1332 2199 episcopus

297 2228 360 2295 1.
399 2231 470 2297 Etsi
503 2232 741 2296 meminerimus
769 2232 1007 2297 fraternitatem
1043 2237 1180 2297 vestram
1214 2255 1252 2297 ea
1284 2241 1464 2318 quaesunt
1492 2261 1511 2300 a

210 2326 304 2397 robis
328 2331 370 2419 ¹)
388 2338 510 2400 statuta
531 2335 680 2418 retinere,
704 2357 765 2399 nee
788 2334 907 2419 aliquid
930 2358 967 2399 ex
983 2334 1034 2399 his
1057 2335 1255 2399 dissimulare
1278 2358 1359 2421 quae
1382 2338 1509 2422 scripsi·

213 2448 296 2502 mro:
347 2439 387 2501 ut
405 2437 527 2502 scilicet
549 2460 607 2522 pre
629 2437 800 2522 disciplina
822 2437 1039 2502 ecclesiastica
1061 2441 1093 2502 et
1115 2460 1173 2522 pro
1189 2438 1304 2521 causis,
1328 2462 1407 2523 quas
1422 2440 1509 2505 inter

219 2530 372 2604 Domini
396 2540 574 2605 sacerdotes
609 2539 732 2603 oboriri
759 2539 945 2624 plerumque
978 2562 1044 2603 non
1073 2540 1205 2622 dubium
1239 2543 1303 2624 est,
1342 2543 1509 2626 synodalia

220 2636 410 2726 quotannis
438 2642 592 2724 concilia,
621 2663 756 2725 quorum
778 2642 915 2706 maxime
942 2643 977 2705 in
999 2641 1100 2706 fratre
1123 2645 1156 2705 et
1189 2645 1376 2728 coepiscopo
1397 2648 1508 2709 nostro

224 2741 376 2811 Leontio
389 2744 586 2810 Arelatensis
608 2743 761 2809 ecclesiae
783 2744 947 2808 sacerdote
969 2745 1158 2828 summaml)
1181 2744 1304 2829 placuit
1324 2767 1403 2829 esse,
1429 2747 1506 2810 celc-

227 2842 385 2929 brontur,
414 2869 474 2912 nce
501 2846 588 2937 aliud
610 2846 679 2911 ficri
702 2869 795 2930 posse
818 2846 994 2928 credamus,
1025 2868 1121 2929 quam
1143 2847 1226 2931 quod
1249 2869 1306 2930 pro
1330 2849 1507 2911 conmmnis

235 2941 373 3014 Domini
392 2949 481 3013 domo
504 2951 616 3013 nostra
637 2946 797 3012 ordinatio
819 2949 909 3012 vobis
935 2947 1093 3031 placitura
1116 2948 1298 3030 constituit3
1328 2952 1436 3013 tamen
1461 2971 1506 3013 re·

239 3040 351 3137 pelitis
372 3049 484 3115 litteris
506 3050 616 3124 cadem
638 3073 726 3114 nunc
748 3072 872 3135 quoque
887 3050 1086 3114 observanda
1101 3049 1311 3131 decernimus,
1335 3050 1506 3134 praecipue

244 3165 335 3236 quom
369 3154 553 3237 gravissima
581 3152 775 3217 Viennensis
805 3153 945 3216 civitatis
973 3152 1141 3236 episcopus
1169 3151 1351 3215 involvatur
1373 3153 1504 3234 offensa,

250 3256 281 3318 in
296 3247 442 3330 injuriam
462 3256 575 3320 fratris
597 3258 630 3319 ct
652 3255 830 3339 coepiscopi
852 3255 954 3318 nostri
976 3254 1103 3318 Leontii
1125 3254 1304 3318 llecnsibus
1327 3255 1505 3319 emtistitcm

258 3357 460 3422 consecrando.
505 3357 555 3422 De
584 3358 674 3441 cujus
702 3358 789 3421 facto
818 3357 978 3420 vindictae
1006 3377 1167 3441 congruae
1194 3356 1391 3420 sententiam
1418 3358 1505 3422 diffe-

263 3453 369 3535 ronsto,
398 3459 545 3524 relationi
572 3460 709 3524 fratrum
740 3482 821 3542 quae
854 3459 982 3522 iuterim
1010 3460 1140 3524 fucrant
1174 3459 1241 3523 visa
1273 3459 1504 3542 respondimus.

269 3551 318 3617 Sol
339 3562 475 3639 quoniam
505 3561 589 3625 tanti
618 3583 764 3625 excessus
792 3561 946 3644 majorem
968 3562 1062 3625 nobis
1089 3561 1314 3625 sollicitudinis
1337 3563 1504 3626 materiam

274 3651 429 3746 detulerunt,
458 3663 538 3728 haec
566 3663 607 3726 ad
638 3665 820 3727 universam
849 3663 1016 3728 caritatem
1046 3664 1142 3728 etiam
1165 3687 1222 3748 per
1243 3664 1377 3728 fratrem
1400 3668 1433 3726 ct
1455 3687 1520 3727 co-.
1608 3730 1615 3737 ,

278 3752 419 3843 episcopm
445 3770 591 3831 nostrum
619 3765 797 3829 Antonium
827 3766 947 3849 scripta
975 3765 1147 3829 direximus
1154 3817 1163 3847 ,
1198 3766 1312 3849 cpribus
1340 3766 1504 3830 admonita

281 3865 414 3931 mamonis
433 3867 575 3933 omnium
598 3867 778 3932 sollicitudo
800 3871 959 3952 procuret,
991 3890 1031 3932 ne
1054 3868 1221 3952 quisquam
1243 3868 1380 3931 fratrum
1403 3868 1437 3931 in
1460 3869 1504 3931 al-

280 4024 538 4053 χ-

331 4126 356 4185 “l
369 4133 460 4194 Contra
476 4141 519 4194 sas
537 4139 694 4194 ordinatum
712 4157 768 4193 non
784 4138 896 4209 penitus
908 4158 925 4193 a
938 4138 1094 4193 sacerdotio
1111 4141 1230 4205 arnovet,
1248 4140 1308 4192 tum
1326 4140 1357 4193 ut
1368 4143 1502 4209 paternae

281 4206 433 4278 metationis
450 4225 607 4294 exemplum
626 4225 770 4294 praebeat,
794 4231 851 4278 tum
876 4224 942 4291 qiua
963 4224 1010 4278 ille
1033 4224 1153 4294 ipsomet
1169 4223 1266 4279 Ililaro
1288 4242 1343 4279 non
1367 4225 1502 4279 dillitentc

281 4291 314 4343 stt
327 4311 346 4348 ¹¹·
353 4306 373 4367 ἵ)
386 4307 451 4365 bunc
468 4310 588 4380 gradum
606 4308 773 4379 promeritus
786 4311 887 4364 suerat.

330 4380 345 4445 ¹}
357 4389 407 4445 del
422 4416 438 4448 a
454 4399 538 4455 ηοῠὶκ,
561 4394 659 4448 melius
678 4395 744 4448 bc'¹
764 4413 825 4449 cum
844 4413 907 4447 mss.
931 4394 977 4447 llic
995 4395 1024 4448 ot
1040 4394 1113 4448 inl'ru
1130 4415 1146 4447 o
1165 4399 1245 4449 uobis:
1275 4411 1330 4448 nou
1354 4394 1429 4461 qnod
1453 4412 1502 4461 per

278 4475 301 4512 ⁸²
312 4478 338 4554 to
350 4469 486 4534 definierint
504 4479 553 4534 sed
571 4496 622 4549 per
639 4479 749 4547 legatos
767 4496 831 4533 auos
849 4480 982 4533 Ferret-um
1006 4482 1035 4534 ct
1052 4479 1222 4545 auxanium,
1246 4497 1314 4547 quos
1332 4495 1405 4531 cuum
1423 4494 1502 4544 prae·

279 4544 341 4601 nnn
353 4561 390 4614 46¹2
405 4564 546 4620 Romanae
564 4565 670 4633 synodo
687 4564 844 4618 interfuisse
864 4566 978 4634 ejusque
997 4566 1110 4619 decreta
1129 4564 1240 4618 calculis
1258 4563 1312 4616 siris
1331 4561 1501 4630 approbasse

277 4646 340 4701 *lllla
352 4641 451 4704 obuius
470 4651 523 4715 (cir
535 4649 616 4720 epist.
630 4655 646 4704 8
664 4667 690 4703 n.
705 4653 739 4718 2).

325 4720 341 4787 ’l
352 4726 403 4787 lom
418 4736 525 4791 Leontii
545 4736 720 4790 decessorem
731 4733 904 4789 Ravennium
923 4753 1008 4804 quum
1026 4734 1054 4789 in
1066 4735 1185 4806 epistola
1197 4743 1230 4790 99
1249 4733 1285 4788 ad
1297 4733 1418 4785 Leonem
1438 4748 1455 4784 a
1470 4737 1500 4785 19

275 4802 375 4895 ‘limbis
390 4820 488 4891 scripta
505 4824 567 4874 tum
584 4821 613 4874 in
625 4820 706 4890 epist.
723 4827 778 4885 102,
797 4839 853 4889 qua
869 4820 915 4874 hic
926 4820 1025 4875 iisdem
1037 4821 1186 4890 rescripsit,
1203 4837 1272 4890 prae
1285 4817 1384 4873 ceteris
1397 4816 1500 4886 cpisco-

275 4904 307 4957 lss
320 4894 384 4954 voluti
398 4906 494 4973 synodi
511 4923 608 4962 eorum
626 4906 784 4976 praesidem
801 4906 946 4974 nominari,
964 4925 1048 4977 supra
1066 4904 1282 4961 observavimus.
