3412 5664
210 290 272 357 128
691 258 721 352 a.
738 301 862 351 mmm
883 301 999 351 Paean

208 455 293 525 κατά
337 455 399 542 τὴν
438 455 817 538 Κωνσταντινούπολιν,
868 455 942 539 lim,
967 455 1072 521 dicere
1093 476 1161 520 non
1184 455 1262 521 debe

209 563 321 646 λέγειν
356 557 419 626 οὐκ
453 559 598 645 ὀφείλω,
637 558 817 642 ἐπειδήπερ
868 558 1043 623 manifesba
1073 558 1249 647 necessibae

209 659 342 748 φανερά
355 655 400 748 ἦν
414 660 555 748 ἀνάγκη,
572 660 643 748 ἥτις
654 658 695 727 τά
710 659 818 745 γράμ-
869 682 921 724 me
948 660 1074 726 litteras
1101 660 1262 726 beaiieu

209 791 296 852 ματα
328 769 390 831 τοῦ
423 764 680 852 μακαριωτάτου
714 762 818 828 Πάπα
870 766 1010 829 vestram
1039 762 1244 829 clementiam

209 866 294 954 πρὸς
304 865 366 953 τὴν
377 863 542 953 ὑμετέραν
553 869 819 951 φιλανθρωπίαν
869 865 954 931 ferre
983 866 1204 951 compelleret,
1234 875 1262 931 ul

210 970 440 1038 ἀποσταλέντα
463 972 588 1034 δοῦναί
611 992 653 1054 με
674 973 721 1055 τῷ
743 968 818 1032 δια·
869 971 995 1034 vestrae
1017 969 1132 1054 pietati
1153 990 1193 1034 ac
1213 969 1262 1034 im

210 1077 377 1160 κομιζοντι
399 1071 595 1157 ἠνάγκαζεν,
617 1068 659 1135 ἵν’
676 1067 744 1154 ἅμα
761 1070 818 1134 καί
871 1070 1137 1136 christiamssimo
1164 1071 1262 1156 princ

209 1180 268 1261 τῆς
289 1172 451 1260 ὑμετέρας
474 1172 646 1257 εὐσεβείας
673 1172 729 1236 καὶ
756 1177 818 1236 τοῦ
870 1174 954 1258 quod
976 1173 1131 1238 debebam
1143 1174 1262 1243 ”venere

209 1275 374 1363 ἀηττήτου
396 1274 728 1361 Χριστιανικωτάτου
754 1276 818 1359 βα·
871 1298 987 1352 verem.
1010 1274 1073 1341 Sed
1083 1274 1159 1341 huic
1172 1297 1262 1363 oongn

210 1380 328 1457 σιλέως
342 1376 380 1445 τδ
388 1384 554 1464 καθῆκον,
564 1375 648 1462 ὅπερ
656 1370 818 1461 ὤφειλον,
869 1378 975 1463 posito
985 1377 1065 1453 illud
1079 1378 1262 1463 impedimn

209 1481 248 1549 τδ
269 1479 353 1548 κατὰ
376 1480 438 1567 τὴν
459 1483 648 1565 θρησκείαν
667 1481 819 1563 ἐναργῶς
870 1481 954 1564 quod
976 1481 1118 1545 omnium
1140 1481 1262 1547 bonoru

209 1583 377 1651 ἀποτίσαι.
409 1580 507 1649 Ἀλλά
530 1587 570 1668 τῇ
593 1582 756 1667 προθέσει
777 1586 818 1667 τῇ
870 1584 920 1646 est
947 1586 979 1648 et
1007 1581 1262 1649 Christianorum

210 1689 275 1775 ἐμῇ
296 1691 336 1773 τῇ
359 1683 467 1762 οὕτως
490 1685 564 1769 ίερᾷ
580 1684 818 1769 προσέμποδον
870 1684 1019 1769 affectus,
1056 1685 1118 1751 hoc
1144 1690 1210 1770 eet,
1241 1686 1262 1751 A

210 1791 343 1874 ἐγένετο
367 1789 496 1871 έκεῖνο,
524 1783 562 1852 τδ
591 1785 728 1852 πάντων
749 1790 819 1851 τῶν
870 1787 1038 1872 episcopus
1053 1788 1088 1853 in
1109 1788 1262 1855 damnabit

103 1888 105 1893 ’
210 1890 351 1976 ἀγαθῶν
374 1886 500 1975 ἐχθρὸν
528 1888 585 1954 καί
610 1887 631 1954 δ
657 1893 815 1972 Χριστια-
869 1889 1115 1975 inculpabilium
1127 1891 1262 1977 potentii

210 1990 329 2078 νῶνὴ
360 1991 512 2069 διάθεσις
542 1988 765 2075 ἀποδάρεται,
799 1986 818 2055 ὁ
870 1995 1078 2084 posteaquam
1102 1993 1245 2078 injustae

207 2095 458 2179 Ἀλεξανδρείας
492 2093 674 2170 ἐπίσκοπος
708 2089 726 2158 ὁ
763 2092 819 2159 εἰτλ
870 2095 931 2159 tati
960 2098 1057 2181 atque
1090 2098 1262 2162 sententia<

160 2268 168 2284 ‚
210 2201 251 2283 τῇ
274 2197 436 2283 καταδίκῃ
451 2199 520 2261 τῶν
536 2193 741 2261 ἀνευθύνων
756 2196 815 2260 δυ
871 2219 943 2262 care
965 2219 1032 2263 non
1054 2198 1160 2283 potui,
1191 2198 1262 2263 ad:

209 2300 322 2377 νατάς.
354 2294 450 2364 Μετὰ
464 2294 529 2383 γάρ
545 2297 583 2362 τό
598 2320 639 2382 με
654 2301 695 2383 τῇ
710 2293 816 2384 ἀδίκῳ
870 2299 983 2386 lium2)
1010 2300 1188 2366 terroribus
1223 2302 1262 2367 ab

210 2399 317 2468 αὐτοῦ
338 2400 455 2487 γνώμη
478 2401 535 2465 καὶ
557 2397 725 2484 ἀποφάσει
746 2424 818 2466 κοι-
870 2424 921 2468 me
936 2424 1067 2468 evocare
1083 2407 1216 2469 canabis
1234 2425 1262 2469 ee

210 2514 335 2570 νωνεῑν
356 2500 602 2589 μὴδύνασθαι,
625 2503 819 2589 συνήλασεν
869 2526 931 2588 me,
955 2505 1039 2590 quod
1053 2504 1149 2589 absit,
1168 2509 1226 2570 aab
1239 2528 1262 2571 n

212 2608 258 2684 είς
280 2605 387 2691 ἀλλην
409 2605 571 2688 σύνοδον,
593 2603 746 2684 ἀπειλαῖς
761 2606 818 2672 καί
868 2606 991 2672 faceret
1013 2608 1193 2673 consentire
1209 2607 1251 2672 ad

211 2710 407 2792 ἐπιβουλαῖς
415 2705 819 2792 προσκαλούμενος-πρὸς
869 2708 945 2773 dum
998 2710 1236 2775 sanctissimum

210 2811 249 2877 τό
270 2834 322 2897 με,
345 2807 429 2895 ὅπερ
452 2807 601 2894 ἀπέστω,
630 2807 652 2894 ἦ
674 2810 708 2888 ἐξ
730 2809 817 2875 ἀπά-
869 2811 1065 2896 episcopum,
1089 2815 1146 2878 aut
1166 2813 1262 2879 reciet

209 2938 269 2998 της,
289 2911 487 2979 συναινέσαι
511 2913 557 2990 είς
579 2909 616 2978 τδ
634 2912 819 2978 καταδικά-
870 2917 935 2998 reb,
969 2918 1006 2979 ut
1032 2913 1113 2980 mihi
1140 2937 1206 2982 non
1235 2937 1262 2981 ec

210 3034 266 3082 σαι
305 3014 365 3081 τὸν
401 3012 588 3099 ἀγιτάτατον
622 3011 819 3099 Φλαβιανδν
870 3016 910 3080 ad
938 3017 1092 3101 pietatem
1124 3021 1262 3083 vestram

209 3115 270 3184 τὸν
293 3119 495 3202 ἐπίσκοπον,
524 3114 546 3203 ἢ
567 3115 818 3203 ἀνθιστάμενον
869 3118 1011 3202 nopolim
1025 3141 1222 3205 percurrere,
1239 3143 1262 3187 a*

210 3221 372 3304 κατέχειν,
387 3221 444 3284 ἵνα
459 3207 575 3305 μοι’μὴ
589 3218 721 3302 γένοιτο
736 3218 818 3305 μήτε
869 3241 946 3285 nam
968 3221 1136 3287 ecclesiam
1156 3244 1262 3289 remea

210 3327 271 3386 τοῦ
300 3323 482 3408 ἐκδραμεῖν
515 3319 599 3405 πρὸς
628 3319 690 3407 τήν
720 3319 818 3388 εάσέ-
991 3310 996 3319 ’

209 3425 307 3506 {letan
322 3420 384 3507 τὴν
400 3419 565 3510 ὑμετέραν
580 3422 635 3488 καὶ
647 3420 819 3508 τηνΚων-

211 3524 511 3608 σταντινούπολιν,
551 3523 573 3610 ἢ
610 3522 818 3613 ἀναδραμεῖν

212 3626 258 3704 είς
279 3623 342 3711 τὴν
359 3624 483 3712 Ῥάμης
506 3627 689 3712 ἐκκλησίαν
709 3651 819 3713 παρα-

210 3731 347 3813 σχεθείη
369 3725 476 3794 ἄδεια.

272 3829 818 3918 2.”ομωςτεθάρρηκα,βοηθοῦν-
938 3835 969 3900 2.
1034 3835 1262 3904 Verumtamen

209 3957 265 4012 τος
290 3938 352 3999 τοῦ
379 3938 530 4019 Χριστοῦ
562 3940 624 4001 τοῦ
652 3932 817 4021 ἡμετέρου
869 3936 941 4022 de³)
965 3938 1083 4003 auxilio
1098 3938 1219 4005 Christi
1240 3963 1262 4005 n

188 4118 193 4131 Ι
209 4041 307 4121 θεοῦ,
330 4032 394 4102 ἀπὸ
415 4039 473 4122 τῆς
488 4037 668 4123 καταδίκης
682 4042 744 4104 τοῦ
759 4036 816 4104 ed
869 4039 1075 4106 damnatione
1090 4043 1262 4109 reverentia

209 4137 417 4224 λαβεστάτου
461 4140 518 4205 καί
559 4137 658 4206 ὁσίου
694 4137 818 4226 ἀνδρὸς
870 4143 1005 4208 ctissimi
1032 4145 1093 4209 vin'
1119 4144 1262 4212 innocen¹

209 4237 327 4309 άθῶόν
355 4264 396 4328 με
428 4243 486 4308 καλ
517 4240 676 4329 ἀκέραιον
705 4243 818 4329 φνλά-
868 4247 1058 4335 tegrumque
1097 4249 1237 4335 servovi3

276 4539 299 4607 ²)
316 4533 350 4592 d¹
368 4541 508 4602 comana,
532 4533 608 4606 qaod
625 4537 771 4592 contextus
787 4531 918 4606 laniare
934 4536 1057 4608 videtin,
1081 4538 1132 4596 ned
1153 4556 1206 4596 nec
1226 4555 1262 4596 co

209 4618 331 4679 Graecae
347 4622 485 4694 interpres
502 4622 596 4682 habet.

244 4726 247 4737 ·
276 4707 412 4779 ³)1na2
433 4707 586 4764 secundum
611 4707 782 4777 exemplaria
811 4708 981 4764 collectionis
1003 4709 1247 4781 Calchedonem,

209 4792 316 4849 textum
334 4794 481 4859 Graecum,
498 4791 552 4847 nisi
569 4791 645 4862 quod
656 4790 720 4848 Vct.
733 4798 800 4847 4166
818 4795 847 4848 et
858 4793 956 4850 Venet.
967 4802 999 4851 79
1017 4796 1151 4853 omittunt
1161 4802 1259 4853 caran

209 4872 307 4937 aleon
327 4884 429 4941 Christi,
447 4885 516 4948 qaod
532 4886 623 4935 attinet
640 4883 677 4934 ad
692 4884 877 4936 damnationem
893 4888 1097 4938 renerendnn‘mt'
1113 4886 1166 4939 eto.
