3412 5664
745 119 917 169 aurarem
943 109 992 168 13.
1376 101 1379 109 '
1443 105 1505 168 719

191 278 363 341 auctore
390 272 517 359 pcccati
544 272 643 337 finem
670 273 775 338 sancti
803 273 950 338 llariam'
978 276 1129 357 operatus
1155 273 1308 339 innotuit.
1353 273 1608 339 Tacenaaaan.

191 380 309 443 mut
331 375 525 441 Antiochiae
546 375 648 457 mala,
671 376 727 439 ubi
748 397 807 460 per
828 375 959 441 alterius
981 376 1070 440 Petri
1091 376 1234 440 nefanda
1255 376 1394 441 ludibria
1416 399 1502 443 reve-

191 477 415 563 rendum¹²)
442 478 613 543 sacerdotii
641 499 759 542 nomen
792 479 921 542 irrisum
950 481 1010 542 est.
1064 476 1140 552 Quis
1169 479 1333 562 Apameae
1366 483 1400 544 st
1427 479 1502 565 Tyri

191 580 387 665 gemitus,
411 581 546 665 tragicis
569 579 755 644 criminibus
779 579 1026 664 comparandos,
1050 579 1100 644 vel
1123 580 1150 643 si
1172 580 1250 644 solis
1272 584 1380 664 vacet,
1404 582 1505 666 digna

192 682 336 765 possit
356 681 588 746 lamentatione
611 681 750 746 deflere?
786 681 915 768 Quiaffi)
939 680 1117 746 Acacium?
1153 680 1214 757 Qui
1236 683 1327 766 quasi
1356 683 1433 747 boni
1455 684 1504 748 sui

195 781 357 850 fascino
378 787 542 870 gravatus,
567 805 648 868 quae
670 783 827 848 Basilisco
849 784 1028 868 imperante
1050 784 1272 868 praemiserat,
1295 807 1378 850 novo
1400 805 1504 850 exem—

199 882 271 967 plo
306 908 429 970 poenae
453 885 670 971 deprehensus
686 889 735 951 est
751 887 902 952 adversus
918 885 1058 970 seipsum
1073 887 1183 951 dicens
1199 887 1409 952 sententiam:
1431 888 1504 952 illos

202 990 356 1052 mutata
373 988 541 1053 voluntate
556 988 743 1073 defendens,
766 1010 844 1073 quos
859 988 947 1072 prius
963 988 1138 1073 gloriosum
1152 990 1280 1073 paean
1298 990 1502 1076 addicere¹⁴)‚

205 1090 244 1149 et
272 1088 437 1155 laborans
459 1091 582 1156 sociare
603 1090 760 1175 fidelibus,
784 1112 863 1174 quos
879 1090 998 1154 dudum
1013 1090 1192 1155 haereticos
1202 1085 1399 1156 ‘marrifestae
1414 1114 1503 1176 prae-

207 1190 438 1257 varicationis
471 1193 670 1277 ostenderat3
707 1194 886 1277 proptera)
920 1215 998 1277 quos
1025 1193 1164 1257 maxime
1190 1193 1363 1278 fugiendus
1392 1200 1425 1258 et
1452 1194 1503 1257 de-

209 1287 362 1374 signata
383 1295 528 1380 superius
550 1295 774 1359 damnatorum
789 1294 913 1380 agmini
929 1296 1161 1380 coaequandae,
1184 1295 1252 1379 illa,
1275 1300 1406 1380 propter
1421 1318 1503 1381 quae

212 1388 337 1461 fidelis
356 1397 512 1483 probatus
535 1402 679 1480 estesse,
703 1396 891 1480 dissolvens,
916 1400 948 1461 et
962 1399 1139 1481 permixtus
1154 1396 1215 1481 his,
1239 1419 1296 1481 per
1311 1420 1391 1483 quae
1406 1398 1504 1463 laesio

212 1488 397 1563 Ecclesiae
418 1500 580 1584 generalis
603 1499 720 1564 evenit.

317 1601 347 1666 3.
379 1600 544 1666 Adversus
565 1600 624 1666 hos
646 1603 674 1665 si
696 1606 826 1686 patrum
848 1601 1001 1685 dogmata
1022 1602 1106 1667 ratio
1121 1603 1234 1667 suadet
1249 1625 1318 1668 esse
1334 1604 1501 1688 servanda,

215 1700 387 1787 eogiue,
420 1705 448 1768 si
477 1708 611 1789 possunt
639 1726 677 1768 ea
699 1704 813 1787 majori
835 1705 1092 1789 transgressione
1121 1704 1255 1790 calcari,
1292 1727 1389 1789 quam
1416 1729 1504 1770 nunc

214 1815 283 1877 per
313 1826 379 1889 eos,
403 1806 458 1889 qui
480 1806 683 1891 inpartibus
711 1806 826 1871 vestris
848 1806 1039 1890 Eutychetis
1061 1807 1214 1892 dogmata
1240 1808 1428 1894 recidivam)
1456 1831 1503 1873 re-

214 1908 405 1972 suscitant·
445 1906 577 1973 sivero
605 1912 770 1993 tamquam
797 1909 924 1973 infirme
953 1909 1147 1974 constitutae
1155 1910 1194 1996 17)
1227 1910 1407 1975 sententiae
1434 1911 1504 1975 sinc

213 2006 373 2080 Pariana
390 1994 617 2096 'negligrmtun
642 2011 722 2075 eitra
744 2010 844 2075 ullum
859 2013 957 2075 robur
972 2010 1171 2076 credulitatis
1186 2015 1317 2076 nostrae
1326 2013 1363 2098 18)
1379 2034 1504 2076 summa
1587 2061 1592 2069 .

212 2198 275 2260 ¹¹⁰⁰
299 2212 361 2269 loco
378 2214 517 2284 sequitur:
545 2218 572 2268 1⁰
589 2216 621 2268 ut
638 2215 752 2269 Petrum
768 2215 903 2284 Mongum
920 2214 1012 2270 adhuc
1029 2215 1176 2270 diaconum
1194 2215 1356 2284 Dioscorus,
1375 2217 1422 2286 qni
1440 2235 1503 2272 erun

211 2284 303 2351 lfflfie
323 2298 455 2355 Liberata
478 2317 500 2353 c.
525 2305 558 2355 15
581 2299 737 2367 ordinarat,
761 2318 854 2356 eccum
878 2300 915 2354 ad
937 2300 1108 2370 Ephesinurn
1129 2300 1306 2355 latrocinium
1329 2302 1503 2371 perduxerit;

210 2372 241 2420 2⁰
261 2384 309 2435 ut
324 2382 362 2437 ibi
374 2384 473 2438 Petrus
486 2384 612 2439 Flaviani
624 2385 699 2439 neeis
715 2386 883 2456 praecipuus
895 2385 1022 2439 minister
1034 2387 1129 2451 luerit3
1149 2389 1177 2440 3ο
1189 2389 1220 2439 ut
1231 2385 1380 2441 Flavianus
1392 2386 1503 2458 Ephesi,

208 2454 355 2536 adeoque
377 2486 433 2523 uon
455 2469 485 2523 in
508 2468 615 2531 cnsilio,
639 2471 722 2524 finem
746 2469 856 2524 vivendi
877 2469 982 2524 fecerit.
1023 2470 1083 2524 Nisi
1105 2472 1178 2525 forto
1198 2471 1296 2526 l‘ctrns
1319 2471 1382 2525 ideo
1400 2472 1503 2542 Ephesi

208 2532 355 2607 flaviani
375 2553 459 2609 finem
482 2557 616 2625 operatus
639 2554 761 2618 dicatur,
785 2555 852 2623 qnia
874 2555 920 2609 ille
944 2556 980 2607 oh
1003 2572 1050 2622 ca,
1073 2573 1144 2624 quac
1167 2554 1228 2626 ipso
1246 2559 1382 2625 operante
1399 2557 1502 2627 liphcsi

207 2635 329 2692 Pstfleus
345 2639 401 2706 eet,
421 2639 501 2694 brevi
517 2641 583 2710 post
599 2641 628 2693 in
647 2640 743 2694 exsilio
761 2640 848 2694 vitam
867 2639 977 2694 finierit.

298 2725 331 2790 ¹¹)
348 2723 382 2778 G¹
404 2731 600 2793 perferendam,
624 2728 650 2780 a¹
670 2730 880 2794 maefecendam,
902 2728 932 2779 et
953 2725 1027 2780 infra
1048 2733 1088 2780 vel
1109 2731 1133 2779 si
1153 2732 1202 2780 aad
1218 2731 1347 2793 srabjacet‚
1372 2745 1424 2797 pro
1441 2734 1503 2783 solis

207 2808 312 2882 .'⁰‘'“·
345 2806 397 2865 Hic
413 2810 624 2879 perstringitur,
647 2827 703 2880 quo
726 2811 809 2879 pacto
825 2810 925 2865 Petrus
943 2811 1022 2864 Fullo
1041 2828 1126 2879 quum
1143 2811 1172 2863 iu
1189 2811 1391 2866 Antiochenam
1408 2813 1501 2867 sedern

207 2886 377 2961 evaseris,
398 2894 556 2951 lohannem
574 2895 725 2964 quomdam
742 2895 894 2966 Apamenis
912 2895 1063 2961 ordinavit,
1086 2895 1134 2965 qui
1152 2896 1189 2950 ab
1207 2895 1273 2965 ipsis
1291 2912 1346 2950 non
1365 2904 1502 2968 receptus,

211 2960 378 3035 tutionis
405 2979 499 3051 ipsum
520 2980 635 3035 Petrum
664 2980 841 3051 episcopatus
870 2980 912 3035 sui
938 2983 1081 3035 auctorem
1107 2981 1226 3049 expulit,
1261 2998 1294 3035 ac
1323 2981 1435 3036 demum
1465 2984 1501 3037 ab

214 3045 333 3203 ffio
349 3064 441 3134 'I'yriis
463 3066 620 3135 praefectus
642 3065 708 3132 fair,
736 3067 767 3119 ut
788 3067 862 3136 apud
881 3066 1022 3121 Gelasium
1044 3066 1151 3120 tractl
1170 3072 1245 3120 n.12
1268 3068 1421 3122 memoriae
1439 3086 1501 3137 pro-

301 3236 331 3303 1’)
345 3235 378 3289 In
396 3234 462 3291 edit
482 3236 566 3292 Basil.
587 3242 653 3303 Qadd
669 3244 702 3292 de
720 3243 836 3292 acacio?
871 3237 990 3303 Quaevis
1013 3237 1096 3292 lectio
1115 3237 1232 3306 arridet,
1254 3238 1440 3308 supplendum
1458 3241 1503 3292 est

227 3306 329 3378 lmen
362 3320 470 3377 Deinde
490 3321 533 3376 ed
552 3322 616 3377 Bas.
636 3328 666 3377 et
682 3324 762 3377 Rom.
781 3327 850 3388 Quae
868 3329 900 3377 de
918 3327 990 3377 donis
1007 3329 1060 3376 suis
1076 3327 1177 3389 sasaim
1195 3329 1304 3394 quodam
1324 3330 1440 3393 praemis
1458 3328 1501 3378 ba·

233 3396 310 3459 ⁸5¹5&
325 3414 496 3477 coimperaate
514 3414 700 3476 praemiserat,
724 3429 788 3464 novo
810 3415 927 3478 exemplo
949 3427 1057 3476 poenae.
1096 3407 1130 3462 G¹
1143 3408 1172 3462 b'
1191 3425 1249 3478 seq.
1269 3408 1425 3479 sequimur,
1447 3408 1501 3463 nisi

239 3488 308 3547 quod
321 3512 387 3560 pene
403 3491 434 3546 in
448 3513 551 3561 poenae
568 3494 745 3547 mutavimus.

300 3577 330 3646 ¹⁴)
346 3577 365 3631 b
384 3577 420 3632 ad
438 3594 527 3647 marg.
541 3582 668 3646 abjicere,
687 3578 768 3649 quasi
785 3579 837 3633 hoc
848 3580 959 3645 mallet,
977 3597 1062 3648 quam
1074 3585 1209 3647 addicere,
1229 3579 1303 3649 quod
1316 3582 1411 3634 tamen
1423 3579 1501 3649 Sym·

246 3659 328 3715 mado
344 3678 397 3733 pro
415 3668 537 3719 daranare
555 3663 691 3718 familiare
710 3666 760 3718 cst.
797 3663 843 3719 Sic
861 3664 1039 3719 Timotheum
1057 3667 1086 3718 ct
1104 3665 1217 3718 Petrum
1235 3684 1321 3735 supra
1338 3667 1421 3720 vocat
1437 3687 1501 3734 pra·

242 3754 544 3813 mimendensem
555 3755 688 3819 addictae,
706 3749 736 3803 id
754 3750 808 3815 est,
825 3770 918 3803 causae
937 3756 1080 3804 decanatiae.
1111 3749 1228 3804 Acaeeius
1247 3751 1327 3821 epist.
1347 3757 1364 3805 8
1382 3751 1418 3806 ad
1431 3750 1500 3805 Sim·

239 3828 341 3900 ptcium
358 3850 415 3889 non
431 3833 516 3889 modo
534 3833 711 3889 Timotheum
723 3835 856 3889 Aclunun
873 3834 923 3889 sed
941 3835 1054 3888 Petrum
1072 3835 1158 3890 etiarm
1175 3835 1309 3906 Mongum
1327 3836 1501 3891 damnandos

236 3918 344 3977 aaut.

298 4005 330 4073 ¹⁵)
345 4004 381 4060 G¹
394 4008 422 4060 8¹
443 4017 555 4075 propter
576 4025 639 4076 quos
661 4011 771 4060 maxime
790 4011 928 4076 sopiendos
950 4017 975 4059 et
999 4012 1133 4075 decipnato
1205 4013 1385 4078 coaequandos
1401 4015 1447 4062 illa

229 4102 271 4145 eu
281 4108 338 4145 esse
350 4096 490 4147 deuotam
502 4102 529 4144 er
538 4096 682 4158 pmniaelm
742 4110 793 4158 per
804 4112 884 4161 quae.-
901 4091 945 4145 cd.
959 4091 1040 4145 Basil.
1055 4109 1117 4146 eum
1129 4092 1159 4146 b¹
1170 4105 1282 4162 propter
1293 4114 1356 4163 praes
1368 4095 1406 4161 (h¹
1421 4100 1500 4163 parad)

278 4180 417 4246 suadendas
488 4182 668 4246 coaequandae
685 4182 728 4230 ille
746 4176 787 4244 (1)ι
804 4181 859 4243 ida)
934 4189 973 4231 est
990 4183 1144 4240 dissolvens,
1161 4185 1307 4247 permixtas
1362 4198 1412 4248 per
1425 4199 1496 4248 qaas.

297 4262 329 4329 ¹¹)
346 4260 391 4317 lta
407 4260 442 4316 G¹
455 4264 481 4315 a'
501 4260 545 4314 ed.
563 4260 646 4316 hasil.
683 4263 721 4315 At
738 4261 757 4315 b
774 4267 902 4329 rediviva,
920 4261 1026 4331 rejecta
1044 4262 1081 4317 ad
1099 4279 1177 4317 oram
1195 4271 1317 4319 recidiua.

296 4348 329 4415 Ι7)
346 4346 382 4401 d¹
395 4347 425 4400 b*
438 4349 464 4399 0⁷
481 4364 522 4415 sq.
547 4352 643 4414 infirme
666 4347 712 4414 (θ’
732 4349 838 4425 ι’πβπης)
860 4355 997 4402 coarctanda
1016 4355 1143 4403 sententia
1164 4357 1219 4404 siae
1240 4356 1342 4418 pa'acalo
1366 4350 1411 4417 (G¹
1429 4357 1498 4417 peri·

215 4434 302 4501 ulo).
339 4430 440 4487 sanior
457 4432 500 4486 est
517 4430 599 4486 lectio
618 4430 685 4487 edit
704 4432 788 4487 Basil.
808 4434 837 4487 ct
855 4433 934 4486 Rom.

296 4518 328 4585 11“)
346 4519 373 4571 a*
391 4528 505 4579 aetnae,
535 4535 568 4572 ac
590 4518 709 4573 subinde
732 4519 816 4573 ctiam
836 4519 919 4574 Basil.
938 4524 1009 4575 aalide
1030 4538 1083 4591 pro
1105 4526 1183 4576 nouis.
1225 4520 1301 4573 ldmn
1325 4520 1353 4573 in
1377 4520 1497 4589 gratiam

212 4620 335 4671 eorum,
352 4618 426 4672 quao
443 4619 461 4657 a
477 4603 630 4672 majoribus
647 4604 777 4659 instituta
793 4607 864 4669 saint,
883 4609 1079 4673 argumentum
1094 4606 1155 4673 jam
1172 4608 1232 4660 ilisa
1244 4608 1407 4676 prosecutus
1420 4606 1499 4676 Syrn-

211 4690 344 4751 machaa
361 4691 442 4760 epist.
457 4698 473 4744 3
490 4709 517 4743 n.
535 4697 557 4744 l.
