<?xml version="1.0" encoding="UTF-8"?>
<!DOCTYPE html PUBLIC "-//W3C//DTD XHTML 1.0 Transitional//EN"
    "http://www.w3.org/TR/xhtml1/DTD/xhtml1-transitional.dtd">
<html xmlns="http://www.w3.org/1999/xhtml" xml:lang="en" lang="en">
 <head>
  <title>
</title>
<meta http-equiv="Content-Type" content="text/html;charset=utf-8" />
  <meta name='ocr-system' content='tesseract 3.04.00' />
  <meta name='ocr-capabilities' content='ocr_page ocr_carea ocr_par ocr_line ocrx_word'/>
</head>
<body>
  <div class='ocr_page' id='page_1' title='image "./epistolaeromano00cousgoog/epistolaeromano00cousgoog_0229.png"; bbox 0 0 3450 5678; ppageno 0'>
   <div class='ocr_carea' id='block_1_1' title="bbox 274 327 1085 394">
    <p class='ocr_par' dir='ltr' id='par_1_1' title="bbox 274 327 1085 394">
     <span class='ocr_line' id='line_1_1' title="bbox 274 327 1085 394; baseline -0.012 0"><span class='ocrx_word' id='word_1_1' title='bbox 274 327 335 394; x_wconf 83' lang='grc'><strong>182</strong></span> <span class='ocrx_word' id='word_1_2' title='bbox 735 340 763 388; x_wconf 90' lang='lat' dir='ltr'><strong>s.</strong></span> <span class='ocrx_word' id='word_1_3' title='bbox 781 336 949 387; x_wconf 76' lang='lat' dir='ltr'><strong>sinecion</strong></span> <span class='ocrx_word' id='word_1_4' title='bbox 970 336 1085 385; x_wconf 82' lang='lat' dir='ltr'><strong>naras</strong></span> 
     </span>
    </p>
   </div>
   <div class='ocr_carea' id='block_1_2' title="bbox 86 490 1558 3865">
    <p class='ocr_par' dir='ltr' id='par_1_2' title="bbox 161 490 1547 576">
     <span class='ocr_line' id='line_1_2' title="bbox 161 490 1547 576; baseline -0.006 -10"><span class='ocrx_word' id='word_1_5' title='bbox 161 498 343 567; x_wconf 78' lang='lat' dir='ltr'><strong>a.476.n1isi</strong></span> <span class='ocrx_word' id='word_1_6' title='bbox 367 497 480 562; x_wconf 88' lang='lat' dir='ltr'><strong>vestris</strong></span> <span class='ocrx_word' id='word_1_7' title='bbox 502 496 648 561; x_wconf 85' lang='lat' dir='ltr'>sensibus</span> <span class='ocrx_word' id='word_1_8' title='bbox 670 492 841 558; x_wconf 88' lang='lat' dir='ltr'><strong>offerenda.</strong></span> <span class='ocrx_word' id='word_1_9' title='bbox 879 490 970 557; x_wconf 88' lang='lat' dir='ltr'><strong>Haec</strong></span> <span class='ocrx_word' id='word_1_10' title='bbox 997 491 1098 576; x_wconf 91' lang='lat' dir='ltr'><strong>igitur</strong></span> <span class='ocrx_word' id='word_1_11' title='bbox 1123 490 1228 575; x_wconf 87' lang='lat' dir='ltr'><strong>pietas</strong></span> <span class='ocrx_word' id='word_1_12' title='bbox 1248 493 1306 555; x_wconf 88' lang='lat' dir='ltr'><strong>tua</strong></span> <span class='ocrx_word' id='word_1_13' title='bbox 1327 491 1356 555; x_wconf 90' lang='lat' dir='ltr'><strong>si</strong></span> <span class='ocrx_word' id='word_1_14' title='bbox 1377 512 1547 557; x_wconf 83' lang='lat' dir='ltr'><strong>recensere</strong></span> 
     </span>
    </p>

    <p class='ocr_par' dir='ltr' id='par_1_3' title="bbox 86 578 1549 783">
     <span class='ocr_line' id='line_1_3' title="bbox 86 578 1548 687; baseline -0.003 -21"><span class='ocrx_word' id='word_1_15' title='bbox 86 578 102 603; x_wconf 64' lang='lat'><em>⁶</em></span> <span class='ocrx_word' id='word_1_16' title='bbox 271 602 423 687; x_wconf 81' lang='lat' dir='ltr'><strong>dignetur</strong></span> <span class='ocrx_word' id='word_1_17' title='bbox 457 599 507 663; x_wconf 88' lang='lat' dir='ltr'><strong>vel</strong></span> <span class='ocrx_word' id='word_1_18' title='bbox 541 619 622 682; x_wconf 89' lang='lat' dir='ltr'><strong>quae</strong></span> <span class='ocrx_word' id='word_1_19' title='bbox 649 595 747 660; x_wconf 88' lang='lat' dir='ltr'><strong>totius</strong></span> <span class='ocrx_word' id='word_1_20' title='bbox 777 594 920 661; x_wconf 74' lang='lat' dir='ltr'><strong>Orientis</strong></span> <span class='ocrx_word' id='word_1_21' title='bbox 948 593 1090 678; x_wconf 79' lang='lat' dir='ltr'>episcopi</span> <span class='ocrx_word' id='word_1_22' title='bbox 1115 592 1155 658; x_wconf 91' lang='lat' dir='ltr'><strong>de</strong></span> <span class='ocrx_word' id='word_1_23' title='bbox 1177 592 1271 678; x_wconf 89' lang='lat' dir='ltr'><strong>hujus</strong></span> <span class='ocrx_word' id='word_1_24' title='bbox 1292 594 1548 678; x_wconf 74' lang='lat' dir='ltr'><strong>praedicationis</strong></span> 
     </span>
     <span class='ocr_line' id='line_1_4' title="bbox 273 690 1549 783; baseline -0.005 -14"><span class='ocrx_word' id='word_1_25' title='bbox 273 702 483 770; x_wconf 78' lang='lat' dir='ltr'><strong>consensione</strong></span> <span class='ocrx_word' id='word_1_26' title='bbox 504 698 771 783; x_wconf 86' lang='lat' dir='ltr'><strong>rescripserint¹⁰,</strong></span> <span class='ocrx_word' id='word_1_27' title='bbox 794 690 929 782; x_wconf 77' lang='lat' dir='ltr'><strong>aspiciet</strong></span> <span class='ocrx_word' id='word_1_28' title='bbox 950 698 1096 781; x_wconf 90' lang='lat' dir='ltr'><strong>profecto</strong></span> <span class='ocrx_word' id='word_1_29' title='bbox 1111 695 1295 762; x_wconf 84' lang='lat' dir='ltr'><strong>examirrata</strong></span> <span class='ocrx_word' id='word_1_30' title='bbox 1316 695 1495 783; x_wconf 88' lang='lat' dir='ltr'><strong>diligenter</strong></span> <span class='ocrx_word' id='word_1_31' title='bbox 1515 702 1549 763; x_wconf 88' lang='lat' dir='ltr'><strong>et</strong></span> 
     </span>
    </p>

    <p class='ocr_par' dir='ltr' id='par_1_4' title="bbox 271 798 1549 888">
     <span class='ocr_line' id='line_1_5' title="bbox 271 798 1549 888; baseline -0.004 -16"><span class='ocrx_word' id='word_1_32' title='bbox 271 806 428 872; x_wconf 85' lang='lat' dir='ltr'><strong>veraciter</strong></span> <span class='ocrx_word' id='word_1_33' title='bbox 449 803 663 888; x_wconf 87' lang='lat' dir='ltr'><strong>promulgata,</strong></span> <span class='ocrx_word' id='word_1_34' title='bbox 693 803 788 885; x_wconf 88' lang='lat' dir='ltr'><strong>atque</strong></span> <span class='ocrx_word' id='word_1_35' title='bbox 815 799 886 865; x_wconf 93' lang='lat' dir='ltr'><strong>ideo</strong></span> <span class='ocrx_word' id='word_1_36' title='bbox 908 798 1079 883; x_wconf 76' lang='lat' dir='ltr'><strong>pestiferae</strong></span> <span class='ocrx_word' id='word_1_37' title='bbox 1101 798 1255 863; x_wconf 84' lang='lat' dir='ltr'><strong>falsitatis</strong></span> <span class='ocrx_word' id='word_1_38' title='bbox 1277 799 1471 885; x_wconf 77' lang='lat' dir='ltr'><strong>ambagibus</strong></span> <span class='ocrx_word' id='word_1_39' title='bbox 1493 823 1549 867; x_wconf 88' lang='lat' dir='ltr'><strong>ne-</strong></span> 
     </span>
    </p>

    <p class='ocr_par' dir='ltr' id='par_1_5' title="bbox 271 900 1550 1195">
     <span class='ocr_line' id='line_1_6' title="bbox 271 900 1550 994; baseline -0.002 -21"><span class='ocrx_word' id='word_1_40' title='bbox 271 929 431 994; x_wconf 89' lang='lat' dir='ltr'><strong>quaquam</strong></span> <span class='ocrx_word' id='word_1_41' title='bbox 458 906 573 970; x_wconf 90' lang='lat' dir='ltr'><strong>debere</strong></span> <span class='ocrx_word' id='word_1_42' title='bbox 601 903 731 988; x_wconf 86' lang='lat' dir='ltr'><strong>pulsari.</strong></span> <span class='ocrx_word' id='word_1_43' title='bbox 776 902 858 979; x_wconf 78' lang='lat' dir='ltr'><strong>Quia</strong></span> <span class='ocrx_word' id='word_1_44' title='bbox 886 921 997 966; x_wconf 86' lang='lat' dir='ltr'><strong>revera</strong></span> <span class='ocrx_word' id='word_1_45' title='bbox 1024 921 1105 986; x_wconf 88' lang='lat' dir='ltr'><strong>quae</strong></span> <span class='ocrx_word' id='word_1_46' title='bbox 1133 900 1173 965; x_wconf 90' lang='lat' dir='ltr'><strong>de</strong></span> <span class='ocrx_word' id='word_1_47' title='bbox 1195 900 1435 986; x_wconf 84' lang='lat' dir='ltr'><strong>Scripturarum</strong></span> <span class='ocrx_word' id='word_1_48' title='bbox 1456 904 1550 971; x_wconf 80' lang='lat' dir='ltr'><strong>fonte</strong></span> 
     </span>
     <span class='ocr_line' id='line_1_7' title="bbox 272 1002 1550 1096; baseline -0.002 -21"><span class='ocrx_word' id='word_1_49' title='bbox 272 1011 443 1096; x_wconf 87' lang='lat' dir='ltr'><strong>purissimo</strong></span> <span class='ocrx_word' id='word_1_50' title='bbox 471 1009 596 1072; x_wconf 88' lang='lat' dir='ltr'><strong>sincera</strong></span> <span class='ocrx_word' id='word_1_51' title='bbox 623 1005 854 1091; x_wconf 85' lang='lat' dir='ltr'><strong>perspicuaque</strong></span> <span class='ocrx_word' id='word_1_52' title='bbox 880 1006 1068 1087; x_wconf 89' lang='lat' dir='ltr'><strong>manarunt,</strong></span> <span class='ocrx_word' id='word_1_53' title='bbox 1100 1002 1198 1068; x_wconf 90' lang='lat' dir='ltr'><strong>nullis</strong></span> <span class='ocrx_word' id='word_1_54' title='bbox 1225 1003 1345 1089; x_wconf 87' lang='lat' dir='ltr'><strong>agitari</strong></span> <span class='ocrx_word' id='word_1_55' title='bbox 1372 1006 1550 1073; x_wconf 77' lang='lat' dir='ltr'><strong>nebulosae</strong></span> 
     </span>
     <span class='ocr_line' id='line_1_8' title="bbox 272 1106 1550 1195; baseline -0.002 -17"><span class='ocrx_word' id='word_1_56' title='bbox 272 1112 431 1178; x_wconf 84' lang='lat' dir='ltr'><strong>versutiae</strong></span> <span class='ocrx_word' id='word_1_57' title='bbox 446 1111 598 1195; x_wconf 83' lang='lat' dir='ltr'><strong>potenurt</strong></span> <span class='ocrx_word' id='word_1_58' title='bbox 613 1108 822 1193; x_wconf 73' lang='lat' dir='ltr'><strong>argumentis.</strong></span> <span class='ocrx_word' id='word_1_59' title='bbox 858 1106 1035 1193; x_wconf 87' lang='lat' dir='ltr'><strong>Perstat¹¹)</strong></span> <span class='ocrx_word' id='word_1_60' title='bbox 1058 1107 1201 1172; x_wconf 90' lang='lat' dir='ltr'><strong>enimin</strong></span> <span class='ocrx_word' id='word_1_61' title='bbox 1223 1106 1461 1174; x_wconf 85' lang='lat' dir='ltr'><strong>successoribus</strong></span> <span class='ocrx_word' id='word_1_62' title='bbox 1483 1108 1550 1175; x_wconf 86' lang='lat' dir='ltr'><strong>suis</strong></span> 
     </span>
    </p>

    <p class='ocr_par' dir='ltr' id='par_1_6' title="bbox 137 1209 1552 1622">
     <span class='ocr_line' id='line_1_9' title="bbox 272 1209 1550 1296; baseline -0.001 -16"><span class='ocrx_word' id='word_1_63' title='bbox 272 1216 352 1280; x_wconf 87' lang='lat' dir='ltr'><strong>haec</strong></span> <span class='ocrx_word' id='word_1_64' title='bbox 374 1219 407 1279; x_wconf 91' lang='lat' dir='ltr'><strong>et</strong></span> <span class='ocrx_word' id='word_1_65' title='bbox 429 1213 540 1278; x_wconf 89' lang='lat' dir='ltr'><strong>eadem</strong></span> <span class='ocrx_word' id='word_1_66' title='bbox 555 1212 757 1296; x_wconf 85' lang='lat' dir='ltr'><strong>apostolicae</strong></span> <span class='ocrx_word' id='word_1_67' title='bbox 780 1231 893 1275; x_wconf 90' lang='lat' dir='ltr'><strong>norma</strong></span> <span class='ocrx_word' id='word_1_68' title='bbox 915 1209 1091 1293; x_wconf 87' lang='lat' dir='ltr'><strong>doctrinae,</strong></span> <span class='ocrx_word' id='word_1_69' title='bbox 1115 1211 1167 1274; x_wconf 93' lang='lat' dir='ltr'><strong>cui</strong></span> <span class='ocrx_word' id='word_1_70' title='bbox 1187 1209 1345 1275; x_wconf 86' lang='lat' dir='ltr'><strong>Dominus</strong></span> <span class='ocrx_word' id='word_1_71' title='bbox 1367 1232 1481 1277; x_wconf 85' lang='lat' dir='ltr'><strong>euram</strong></span> <span class='ocrx_word' id='word_1_72' title='bbox 1502 1216 1550 1279; x_wconf 81' lang='lat' dir='ltr'><strong>to</strong></span> 
     </span>
     <span class='ocr_line' id='line_1_10' title="bbox 137 1280 1550 1413; baseline -0.001 -31"><span class='ocrx_word' id='word_1_73' title='bbox 137 1280 257 1413; x_wconf 41' lang='lat' dir='ltr'><strong>mffligs,</strong></span> <span class='ocrx_word' id='word_1_74' title='bbox 271 1319 335 1383; x_wconf 91' lang='lat' dir='ltr'><strong>tius</strong></span> <span class='ocrx_word' id='word_1_75' title='bbox 358 1317 450 1381; x_wconf 89' lang='lat' dir='ltr'><strong>ovilis</strong></span> <span class='ocrx_word' id='word_1_76' title='bbox 472 1314 625 1400; x_wconf 84' lang='lat' dir='ltr'><strong>injunxit,</strong></span> <span class='ocrx_word' id='word_1_77' title='bbox 650 1313 700 1379; x_wconf 91' lang='lat' dir='ltr'><strong>eui</strong></span> <span class='ocrx_word' id='word_1_78' title='bbox 722 1335 756 1378; x_wconf 86' lang='lat' dir='ltr'><strong>se</strong></span> <span class='ocrx_word' id='word_1_79' title='bbox 778 1334 877 1397; x_wconf 91' lang='lat' dir='ltr'><strong>usque</strong></span> <span class='ocrx_word' id='word_1_80' title='bbox 900 1312 935 1376; x_wconf 89' lang='lat' dir='ltr'><strong>in</strong></span> <span class='ocrx_word' id='word_1_81' title='bbox 957 1312 1054 1376; x_wconf 86' lang='lat' dir='ltr'><strong>finem</strong></span> <span class='ocrx_word' id='word_1_82' title='bbox 1069 1312 1188 1377; x_wconf 88' lang='lat' dir='ltr'><strong>saeculi</strong></span> <span class='ocrx_word' id='word_1_83' title='bbox 1203 1312 1335 1379; x_wconf 90' lang='lat' dir='ltr'><strong>minime</strong></span> <span class='ocrx_word' id='word_1_84' title='bbox 1349 1313 1550 1399; x_wconf 85' lang='lat' dir='ltr'><strong>defuturum,</strong></span> 
     </span>
     <span class='ocr_line' id='line_1_11' title="bbox 141 1415 1552 1505; baseline -0.002 -19"><span class='ocrx_word' id='word_1_85' title='bbox 141 1416 240 1471; x_wconf 62' lang='lat' dir='ltr'><strong>Mstilh·</strong></span> <span class='ocrx_word' id='word_1_86' title='bbox 272 1421 323 1486; x_wconf 90' lang='lat' dir='ltr'><strong>cui</strong></span> <span class='ocrx_word' id='word_1_87' title='bbox 345 1424 456 1505; x_wconf 89' lang='lat' dir='ltr'><strong>portas</strong></span> <span class='ocrx_word' id='word_1_88' title='bbox 471 1418 568 1483; x_wconf 89' lang='lat' dir='ltr'><strong>inferi</strong></span> <span class='ocrx_word' id='word_1_89' title='bbox 583 1437 747 1501; x_wconf 86' lang='lat' dir='ltr'><strong>nunquam</strong></span> <span class='ocrx_word' id='word_1_90' title='bbox 763 1415 996 1501; x_wconf 85' lang='lat' dir='ltr'><strong>praevalituras</strong></span> <span class='ocrx_word' id='word_1_91' title='bbox 1012 1437 1081 1480; x_wconf 86' lang='lat' dir='ltr'><strong>esse</strong></span> <span class='ocrx_word' id='word_1_92' title='bbox 1097 1416 1254 1501; x_wconf 88' lang='lat' dir='ltr'><strong>promisit,</strong></span> <span class='ocrx_word' id='word_1_93' title='bbox 1278 1417 1369 1501; x_wconf 87' lang='lat' dir='ltr'><strong>cujus</strong></span> <span class='ocrx_word' id='word_1_94' title='bbox 1384 1416 1552 1483; x_wconf 87' lang='lat' dir='ltr'><strong>sententia</strong></span> 
     </span>
     <span class='ocr_line' id='line_1_12' title="bbox 138 1490 1529 1622; baseline -0.001 -34"><span class='ocrx_word' id='word_1_95' title='bbox 138 1490 258 1622; x_wconf 40' lang='lat' dir='ltr'><strong>13⁵1}ss</strong></span> <span class='ocrx_word' id='word_1_96' title='bbox 271 1546 352 1609; x_wconf 90' lang='lat' dir='ltr'><strong>quae</strong></span> <span class='ocrx_word' id='word_1_97' title='bbox 375 1522 555 1608; x_wconf 87' lang='lat' dir='ltr'><strong>ligarentur</strong></span> <span class='ocrx_word' id='word_1_98' title='bbox 576 1520 611 1584; x_wconf 95' lang='lat' dir='ltr'><strong>in</strong></span> <span class='ocrx_word' id='word_1_99' title='bbox 632 1519 737 1602; x_wconf 82' lang='lat' dir='ltr'><strong>terris,</strong></span> <span class='ocrx_word' id='word_1_100' title='bbox 762 1517 843 1583; x_wconf 76' lang='lat' dir='ltr'><strong>solvi</strong></span> <span class='ocrx_word' id='word_1_101' title='bbox 865 1521 1002 1583; x_wconf 90' lang='lat' dir='ltr'><strong>testatus</strong></span> <span class='ocrx_word' id='word_1_102' title='bbox 1024 1521 1073 1583; x_wconf 88' lang='lat' dir='ltr'><strong>est</strong></span> <span class='ocrx_word' id='word_1_103' title='bbox 1095 1540 1161 1584; x_wconf 91' lang='lat' dir='ltr'><strong>non</strong></span> <span class='ocrx_word' id='word_1_104' title='bbox 1183 1540 1277 1604; x_wconf 88' lang='lat' dir='ltr'><strong>posse</strong></span> <span class='ocrx_word' id='word_1_105' title='bbox 1297 1518 1409 1585; x_wconf 89' lang='lat' dir='ltr'><strong>necin</strong></span> <span class='ocrx_word' id='word_1_106' title='bbox 1424 1518 1529 1586; x_wconf 88' lang='lat' dir='ltr'><strong>coelo.</strong></span> 
     </span>
    </p>

    <p class='ocr_par' dir='ltr' id='par_1_7' title="bbox 271 1621 1552 2118">
     <span class='ocr_line' id='line_1_13' title="bbox 356 1621 1552 1708; baseline -0.002 -18"><span class='ocrx_word' id='word_1_107' title='bbox 356 1626 387 1690; x_wconf 86' lang='grc'><strong>6.</strong></span> <span class='ocrx_word' id='word_1_108' title='bbox 433 1623 635 1708; x_wconf 72' lang='lat' dir='ltr'><strong>Quapropter</strong></span> <span class='ocrx_word' id='word_1_109' title='bbox 661 1621 864 1687; x_wconf 88' lang='lat' dir='ltr'><strong>clementiam</strong></span> <span class='ocrx_word' id='word_1_110' title='bbox 891 1624 1041 1705; x_wconf 85' lang='lat' dir='ltr'><strong>vestram,</strong></span> <span class='ocrx_word' id='word_1_111' title='bbox 1080 1621 1131 1686; x_wconf 92' lang='lat' dir='ltr'><strong>cui</strong></span> <span class='ocrx_word' id='word_1_112' title='bbox 1159 1642 1231 1687; x_wconf 89' lang='lat' dir='ltr'><strong>mea</strong></span> <span class='ocrx_word' id='word_1_113' title='bbox 1257 1621 1327 1687; x_wconf 80' lang='lat' dir='ltr'><strong>vice</strong></span> <span class='ocrx_word' id='word_1_114' title='bbox 1354 1622 1552 1708; x_wconf 87' lang='lat' dir='ltr'><strong>propensius</strong></span> 
     </span>
     <span class='ocr_line' id='line_1_14' title="bbox 271 1724 1550 1811; baseline -0.001 -19"><span class='ocrx_word' id='word_1_115' title='bbox 271 1730 373 1793; x_wconf 83' lang='lat' dir='ltr'><strong>frater</strong></span> <span class='ocrx_word' id='word_1_116' title='bbox 395 1730 428 1791; x_wconf 92' lang='lat' dir='ltr'><strong>et</strong></span> <span class='ocrx_word' id='word_1_117' title='bbox 451 1725 658 1811; x_wconf 87' lang='lat' dir='ltr'><strong>eoepiscopus</strong></span> <span class='ocrx_word' id='word_1_118' title='bbox 676 1746 764 1789; x_wconf 76' lang='lat' dir='ltr'><strong>naeus</strong></span> <span class='ocrx_word' id='word_1_119' title='bbox 780 1724 918 1789; x_wconf 81' lang='lat' dir='ltr'><strong>Aeacius</strong></span> <span class='ocrx_word' id='word_1_120' title='bbox 934 1724 1139 1809; x_wconf 79' lang='lat' dir='ltr'><strong>supplicabit,</strong></span> <span class='ocrx_word' id='word_1_121' title='bbox 1162 1746 1276 1809; x_wconf 91' lang='lat' dir='ltr'><strong>precor</strong></span> <span class='ocrx_word' id='word_1_122' title='bbox 1290 1728 1387 1811; x_wconf 88' lang='lat' dir='ltr'><strong>atque</strong></span> <span class='ocrx_word' id='word_1_123' title='bbox 1402 1724 1550 1809; x_wconf 86' lang='lat' dir='ltr'><strong>obsecro,</strong></span> 
     </span>
     <span class='ocr_line' id='line_1_15' title="bbox 271 1825 1552 1911; baseline -0.001 -17"><span class='ocrx_word' id='word_1_124' title='bbox 271 1835 307 1895; x_wconf 88' lang='lat' dir='ltr'><strong>ut</strong></span> <span class='ocrx_word' id='word_1_125' title='bbox 334 1829 513 1893; x_wconf 89' lang='lat' dir='ltr'><strong>imitatores</strong></span> <span class='ocrx_word' id='word_1_126' title='bbox 545 1828 625 1893; x_wconf 86' lang='lat' dir='ltr'><strong>iacti</strong></span> <span class='ocrx_word' id='word_1_127' title='bbox 657 1830 821 1892; x_wconf 89' lang='lat' dir='ltr'><strong>tantorum</strong></span> <span class='ocrx_word' id='word_1_128' title='bbox 856 1830 889 1891; x_wconf 90' lang='lat' dir='ltr'><strong>et</strong></span> <span class='ocrx_word' id='word_1_129' title='bbox 915 1825 1029 1890; x_wconf 81' lang='lat' dir='ltr'><strong>taliimr</strong></span> <span class='ocrx_word' id='word_1_130' title='bbox 1061 1827 1358 1911; x_wconf 89' lang='lat' dir='ltr'><strong>praedeeessorum,</strong></span> <span class='ocrx_word' id='word_1_131' title='bbox 1385 1826 1552 1893; x_wconf 86' lang='lat' dir='ltr'><strong>nefandae</strong></span> 
     </span>
     <span class='ocr_line' id='line_1_16' title="bbox 272 1929 1552 2017; baseline 0.001 -21"><span class='ocrx_word' id='word_1_132' title='bbox 272 1931 543 2017; x_wconf 84' lang='lat' dir='ltr'><strong>praesumptionis</strong></span> <span class='ocrx_word' id='word_1_133' title='bbox 566 1931 727 2014; x_wconf 87' lang='lat' dir='ltr'><strong>operarios</strong></span> <span class='ocrx_word' id='word_1_134' title='bbox 744 1929 901 1995; x_wconf 76' lang='lat' dir='ltr'><strong>cadrolico</strong></span> <span class='ocrx_word' id='word_1_135' title='bbox 917 1933 1046 2013; x_wconf 89' lang='lat' dir='ltr'><strong>pectore</strong></span> <span class='ocrx_word' id='word_1_136' title='bbox 1060 1933 1257 2014; x_wconf 86' lang='lat' dir='ltr'><strong>respuentes,</strong></span> <span class='ocrx_word' id='word_1_137' title='bbox 1281 1931 1372 2017; x_wconf 90' lang='lat' dir='ltr'><strong>regia</strong></span> <span class='ocrx_word' id='word_1_138' title='bbox 1387 1929 1552 1997; x_wconf 86' lang='lat' dir='ltr'><strong>censeatis</strong></span> 
     </span>
     <span class='ocr_line' id='line_1_17' title="bbox 272 2031 1551 2118; baseline 0.002 -21"><span class='ocrx_word' id='word_1_139' title='bbox 272 2037 432 2118; x_wconf 83' lang='lat' dir='ltr'><strong>potestate</strong></span> <span class='ocrx_word' id='word_1_140' title='bbox 455 2031 606 2097; x_wconf 91' lang='lat' dir='ltr'><strong>cohiberi.</strong></span> <span class='ocrx_word' id='word_1_141' title='bbox 648 2036 784 2112; x_wconf 74' lang='lat' dir='ltr'><strong>Quisquis</strong></span> <span class='ocrx_word' id='word_1_142' title='bbox 805 2039 900 2111; x_wconf 83' lang='lat' dir='ltr'><strong>aliud,</strong></span> <span class='ocrx_word' id='word_1_143' title='bbox 926 2032 1009 2097; x_wconf 89' lang='lat' dir='ltr'><strong>sicut</strong></span> <span class='ocrx_word' id='word_1_144' title='bbox 1031 2032 1189 2116; x_wconf 83' lang='lat' dir='ltr'><strong>praedixit</strong></span> <span class='ocrx_word' id='word_1_145' title='bbox 1212 2032 1385 2117; x_wconf 84' lang='lat' dir='ltr'><strong>apostolus,</strong></span> <span class='ocrx_word' id='word_1_146' title='bbox 1406 2044 1551 2115; x_wconf 80' lang='lat' dir='ltr'><strong>praeier-</strong></span> 
     </span>
    </p>

    <p class='ocr_par' dir='ltr' id='par_1_8' title="bbox 131 2134 1554 3121">
     <span class='ocr_line' id='line_1_18' title="bbox 131 2134 1553 2219; baseline -0.004 -13"><span class='ocrx_word' id='word_1_147' title='bbox 131 2136 511 2219; x_wconf 76' lang='lat' dir='ltr'><strong>Ga1.1,s.quomquoa¹²)</strong></span> <span class='ocrx_word' id='word_1_148' title='bbox 534 2142 712 2215; x_wconf 70' lang='lat' dir='ltr'><strong>accepimus,</strong></span> <span class='ocrx_word' id='word_1_149' title='bbox 743 2141 893 2200; x_wconf 79' lang='lat' dir='ltr'><strong>seminare</strong></span> <span class='ocrx_word' id='word_1_150' title='bbox 914 2140 1046 2212; x_wconf 69' lang='lat' dir='ltr'><strong>incolitur,</strong></span> <span class='ocrx_word' id='word_1_151' title='bbox 1077 2140 1242 2201; x_wconf 74' lang='lat' dir='ltr'><strong>anathemo</strong></span> <span class='ocrx_word' id='word_1_152' title='bbox 1268 2141 1317 2200; x_wconf 80' lang='lat' dir='ltr'><strong>sie.</strong></span> <span class='ocrx_word' id='word_1_153' title='bbox 1360 2134 1481 2200; x_wconf 91' lang='lat' dir='ltr'><strong>Nullus</strong></span> <span class='ocrx_word' id='word_1_154' title='bbox 1509 2134 1553 2201; x_wconf 87' lang='lat' dir='ltr'><strong>ad</strong></span> 
     </span>
     <span class='ocr_line' id='line_1_19' title="bbox 272 2236 1550 2324; baseline 0.002 -22"><span class='ocrx_word' id='word_1_155' title='bbox 272 2259 364 2302; x_wconf 90' lang='lat' dir='ltr'><strong>sures</strong></span> <span class='ocrx_word' id='word_1_156' title='bbox 391 2240 513 2301; x_wconf 87' lang='lat' dir='ltr'><strong>vestras</strong></span> <span class='ocrx_word' id='word_1_157' title='bbox 546 2238 735 2320; x_wconf 85' lang='lat' dir='ltr'><strong>perniciosis</strong></span> <span class='ocrx_word' id='word_1_158' title='bbox 772 2237 934 2301; x_wconf 87' lang='lat' dir='ltr'><strong>ment-ibus</strong></span> <span class='ocrx_word' id='word_1_159' title='bbox 968 2236 1166 2321; x_wconf 90' lang='lat' dir='ltr'><strong>subripiendi</strong></span> <span class='ocrx_word' id='word_1_160' title='bbox 1195 2237 1356 2322; x_wconf 87' lang='lat' dir='ltr'><strong>pandatur</strong></span> <span class='ocrx_word' id='word_1_161' title='bbox 1387 2258 1550 2324; x_wconf 72' lang='lat' dir='ltr'><strong>acuemus,</strong></span> 
     </span>
     <span class='ocr_line' id='line_1_20' title="bbox 272 2339 1552 2425; baseline 0.003 -21"><span class='ocrx_word' id='word_1_162' title='bbox 272 2340 361 2404; x_wconf 86' lang='lat' dir='ltr'><strong>nulla</strong></span> <span class='ocrx_word' id='word_1_163' title='bbox 390 2340 586 2403; x_wconf 89' lang='lat' dir='ltr'><strong>retractandi</strong></span> <span class='ocrx_word' id='word_1_164' title='bbox 617 2340 781 2425; x_wconf 84' lang='lat' dir='ltr'><strong>quidpiam</strong></span> <span class='ocrx_word' id='word_1_165' title='bbox 804 2340 843 2404; x_wconf 90' lang='lat' dir='ltr'><strong>de</strong></span> <span class='ocrx_word' id='word_1_166' title='bbox 865 2339 1026 2404; x_wconf 76' lang='lat' dir='ltr'><strong>veteribus</strong></span> <span class='ocrx_word' id='word_1_167' title='bbox 1049 2339 1232 2405; x_wconf 88' lang='lat' dir='ltr'><strong>constitutis</strong></span> <span class='ocrx_word' id='word_1_168' title='bbox 1255 2339 1371 2405; x_wconf 87' lang='lat' dir='ltr'><strong>fiducia</strong></span> <span class='ocrx_word' id='word_1_169' title='bbox 1392 2341 1552 2407; x_wconf 85' lang='lat' dir='ltr'><strong>conceda·</strong></span> 
     </span>
     <span class='ocr_line' id='line_1_21' title="bbox 272 2441 1552 2527; baseline 0.002 -20"><span class='ocrx_word' id='word_1_170' title='bbox 272 2446 341 2507; x_wconf 90' lang='lat' dir='ltr'><strong>tur:</strong></span> <span class='ocrx_word' id='word_1_171' title='bbox 365 2441 451 2526; x_wconf 88' lang='lat' dir='ltr'><strong>quia,</strong></span> <span class='ocrx_word' id='word_1_172' title='bbox 476 2442 559 2506; x_wconf 89' lang='lat' dir='ltr'><strong>sicut</strong></span> <span class='ocrx_word' id='word_1_173' title='bbox 581 2443 708 2526; x_wconf 88' lang='lat' dir='ltr'><strong>saepius</strong></span> <span class='ocrx_word' id='word_1_174' title='bbox 731 2442 913 2507; x_wconf 87' lang='lat' dir='ltr'><strong>iterandum</strong></span> <span class='ocrx_word' id='word_1_175' title='bbox 929 2446 988 2524; x_wconf 89' lang='lat' dir='ltr'><strong>est,</strong></span> <span class='ocrx_word' id='word_1_176' title='bbox 1013 2442 1096 2526; x_wconf 90' lang='lat' dir='ltr'><strong>quod</strong></span> <span class='ocrx_word' id='word_1_177' title='bbox 1112 2442 1295 2527; x_wconf 88' lang='lat' dir='ltr'><strong>apostolicis</strong></span> <span class='ocrx_word' id='word_1_178' title='bbox 1309 2442 1461 2508; x_wconf 88' lang='lat' dir='ltr'><strong>manibus</strong></span> <span class='ocrx_word' id='word_1_179' title='bbox 1476 2464 1552 2509; x_wconf 92' lang='lat' dir='ltr'><strong>cum</strong></span> 
     </span>
     <span class='ocr_line' id='line_1_22' title="bbox 273 2544 1552 2631; baseline 0.002 -22"><span class='ocrx_word' id='word_1_180' title='bbox 273 2544 439 2609; x_wconf 81' lang='lat' dir='ltr'><strong>Ecclesiae</strong></span> <span class='ocrx_word' id='word_1_181' title='bbox 461 2544 651 2608; x_wconf 86' lang='lat' dir='ltr'><strong>universalis</strong></span> <span class='ocrx_word' id='word_1_182' title='bbox 676 2567 809 2609; x_wconf 87' lang='lat' dir='ltr'><strong>assensu</strong></span> <span class='ocrx_word' id='word_1_183' title='bbox 831 2545 899 2609; x_wconf 88' lang='lat' dir='ltr'><strong>acie</strong></span> <span class='ocrx_word' id='word_1_184' title='bbox 922 2544 1039 2608; x_wconf 89' lang='lat' dir='ltr'><strong>meruit</strong></span> <span class='ocrx_word' id='word_1_185' title='bbox 1067 2544 1274 2627; x_wconf 87' lang='lat' dir='ltr'><strong>evangelicae</strong></span> <span class='ocrx_word' id='word_1_186' title='bbox 1295 2544 1389 2610; x_wconf 83' lang='lat' dir='ltr'><strong>falcis</strong></span> <span class='ocrx_word' id='word_1_187' title='bbox 1411 2545 1552 2631; x_wconf 81' lang='lat' dir='ltr'><strong>abscidi,</strong></span> 
     </span>
     <span class='ocr_line' id='line_1_23' title="bbox 275 2646 1554 2731; baseline 0.003 -20"><span class='ocrx_word' id='word_1_188' title='bbox 275 2647 418 2731; x_wconf 85' lang='lat' dir='ltr'><strong>vigorem</strong></span> <span class='ocrx_word' id='word_1_189' title='bbox 441 2668 565 2711; x_wconf 88' lang='lat' dir='ltr'><strong>sumere</strong></span> <span class='ocrx_word' id='word_1_190' title='bbox 593 2670 659 2712; x_wconf 91' lang='lat' dir='ltr'><strong>non</strong></span> <span class='ocrx_word' id='word_1_191' title='bbox 681 2650 787 2731; x_wconf 90' lang='lat' dir='ltr'><strong>potest</strong></span> <span class='ocrx_word' id='word_1_192' title='bbox 809 2646 1010 2729; x_wconf 88' lang='lat' dir='ltr'><strong>renascendi,</strong></span> <span class='ocrx_word' id='word_1_193' title='bbox 1045 2669 1105 2711; x_wconf 91' lang='lat' dir='ltr'><strong>nee</strong></span> <span class='ocrx_word' id='word_1_194' title='bbox 1127 2647 1162 2711; x_wconf 91' lang='lat' dir='ltr'><strong>in</strong></span> <span class='ocrx_word' id='word_1_195' title='bbox 1184 2646 1363 2712; x_wconf 88' lang='lat' dir='ltr'><strong>dominicae</strong></span> <span class='ocrx_word' id='word_1_196' title='bbox 1386 2647 1463 2712; x_wconf 85' lang='lat' dir='ltr'><strong>sitis</strong></span> <span class='ocrx_word' id='word_1_197' title='bbox 1484 2649 1554 2715; x_wconf 79' lang='lat' dir='ltr'><strong>tru-</strong></span> 
     </span>
     <span class='ocr_line' id='line_1_24' title="bbox 273 2749 1552 2835; baseline 0.003 -22"><span class='ocrx_word' id='word_1_198' title='bbox 273 2750 392 2814; x_wconf 87' lang='lat' dir='ltr'><strong>ctivam</strong></span> <span class='ocrx_word' id='word_1_199' title='bbox 407 2749 493 2813; x_wconf 85' lang='lat' dir='ltr'><strong>valet</strong></span> <span class='ocrx_word' id='word_1_200' title='bbox 508 2749 611 2814; x_wconf 90' lang='lat' dir='ltr'><strong>redire</strong></span> <span class='ocrx_word' id='word_1_201' title='bbox 627 2750 849 2834; x_wconf 78' lang='lat' dir='ltr'><strong>propaginem,</strong></span> <span class='ocrx_word' id='word_1_202' title='bbox 874 2750 957 2834; x_wconf 82' lang='lat' dir='ltr'><strong>quod</strong></span> <span class='ocrx_word' id='word_1_203' title='bbox 972 2749 1043 2835; x_wconf 88' lang='lat' dir='ltr'><strong>igni</strong></span> <span class='ocrx_word' id='word_1_204' title='bbox 1058 2749 1247 2835; x_wconf 86' lang='lat' dir='ltr'><strong>deputatum</strong></span> <span class='ocrx_word' id='word_1_205' title='bbox 1261 2752 1389 2815; x_wconf 89' lang='lat' dir='ltr'><strong>constat</strong></span> <span class='ocrx_word' id='word_1_206' title='bbox 1404 2754 1552 2817; x_wconf 84' lang='lat' dir='ltr'><strong>aeterno.</strong></span> 
     </span>
     <span class='ocr_line' id='line_1_25' title="bbox 274 2851 1554 2939; baseline 0.002 -23"><span class='ocrx_word' id='word_1_207' title='bbox 274 2851 374 2936; x_wconf 67' lang='lat' dir='ltr'><strong>sice)</strong></span> <span class='ocrx_word' id='word_1_208' title='bbox 396 2851 562 2916; x_wconf 85' lang='lat' dir='ltr'><strong>haeresum</strong></span> <span class='ocrx_word' id='word_1_209' title='bbox 581 2852 718 2936; x_wconf 85' lang='lat' dir='ltr'><strong>denique</strong></span> <span class='ocrx_word' id='word_1_210' title='bbox 740 2852 1002 2917; x_wconf 86' lang='lat' dir='ltr'><strong>machinamenta</strong></span> <span class='ocrx_word' id='word_1_211' title='bbox 1025 2856 1213 2918; x_wconf 88' lang='lat' dir='ltr'><strong>cunctarum</strong></span> <span class='ocrx_word' id='word_1_212' title='bbox 1236 2851 1462 2919; x_wconf 88' lang='lat' dir='ltr'><strong>ecclesiasticis</strong></span> <span class='ocrx_word' id='word_1_213' title='bbox 1478 2875 1554 2939; x_wconf 82' lang='lat' dir='ltr'><strong>pro</strong></span> 
     </span>
     <span class='ocr_line' id='line_1_26' title="bbox 274 2952 1554 3042; baseline 0.004 -24"><span class='ocrx_word' id='word_1_214' title='bbox 274 2957 377 3019; x_wconf 86' lang='lat' dir='ltr'><strong>strata</strong></span> <span class='ocrx_word' id='word_1_215' title='bbox 399 2952 536 3019; x_wconf 89' lang='lat' dir='ltr'><strong>decretis</strong></span> <span class='ocrx_word' id='word_1_216' title='bbox 558 2976 722 3039; x_wconf 79' lang='lat' dir='ltr'><strong>nimquam</strong></span> <span class='ocrx_word' id='word_1_217' title='bbox 744 2955 895 3021; x_wconf 90' lang='lat' dir='ltr'><strong>sinuntur</strong></span> <span class='ocrx_word' id='word_1_218' title='bbox 916 2954 1168 3039; x_wconf 81' lang='lat' dir='ltr'><strong>oppugnationis</strong></span> <span class='ocrx_word' id='word_1_219' title='bbox 1191 2955 1287 3021; x_wconf 89' lang='lat' dir='ltr'><strong>elisae</strong></span> <span class='ocrx_word' id='word_1_220' title='bbox 1308 2976 1460 3042; x_wconf 85' lang='lat' dir='ltr'><strong>reparare</strong></span> <span class='ocrx_word' id='word_1_221' title='bbox 1484 2978 1554 3023; x_wconf 81' lang='lat' dir='ltr'><strong>cer·</strong></span> 
     </span>
     <span class='ocr_line' id='line_1_27' title="bbox 273 3057 408 3121; baseline 0.007 -1"><span class='ocrx_word' id='word_1_222' title='bbox 273 3057 408 3121; x_wconf 82' lang='lat' dir='ltr'><strong>tamine.</strong></span> 
     </span>
    </p>

    <p class='ocr_par' dir='ltr' id='par_1_9' title="bbox 273 3159 1558 3865">
     <span class='ocr_line' id='line_1_28' title="bbox 359 3159 1555 3247; baseline 0.005 -24"><span class='ocrx_word' id='word_1_223' title='bbox 359 3161 388 3223; x_wconf 79' lang='grc'><strong>7.</strong></span> <span class='ocrx_word' id='word_1_224' title='bbox 430 3159 515 3224; x_wconf 87' lang='lat' dir='ltr'><strong>Ante</strong></span> <span class='ocrx_word' id='word_1_225' title='bbox 537 3161 646 3223; x_wconf 88' lang='lat' dir='ltr'><strong>onmia</strong></span> <span class='ocrx_word' id='word_1_226' title='bbox 669 3174 775 3225; x_wconf 90' lang='lat' dir='ltr'><strong>autem</strong></span> <span class='ocrx_word' id='word_1_227' title='bbox 798 3182 930 3244; x_wconf 86' lang='lat' dir='ltr'><strong>quaeso,</strong></span> <span class='ocrx_word' id='word_1_228' title='bbox 951 3162 987 3223; x_wconf 90' lang='lat' dir='ltr'><strong>ut</strong></span> <span class='ocrx_word' id='word_1_229' title='bbox 1001 3159 1089 3224; x_wconf 93' lang='lat' dir='ltr'><strong>beati</strong></span> <span class='ocrx_word' id='word_1_230' title='bbox 1104 3159 1207 3225; x_wconf 89' lang='lat' dir='ltr'><strong>Marci</strong></span> <span class='ocrx_word' id='word_1_231' title='bbox 1222 3160 1442 3247; x_wconf 80' lang='lat' dir='ltr'><strong>evangelistae</strong></span> <span class='ocrx_word' id='word_1_232' title='bbox 1456 3162 1555 3229; x_wconf 66' lang='lat' dir='ltr'><strong>seda</strong></span> 
     </span>
     <span class='ocr_line' id='line_1_29' title="bbox 273 3261 1555 3347; baseline 0.005 -23"><span class='ocrx_word' id='word_1_233' title='bbox 273 3261 577 3326; x_wconf 84' lang='lat' dir='ltr'><strong>-Alexandrinam</strong></span> <span class='ocrx_word' id='word_1_234' title='bbox 591 3262 703 3346; x_wconf 85' lang='lat' dir='ltr'><strong>loquor</strong></span> <span class='ocrx_word' id='word_1_235' title='bbox 715 3263 883 3327; x_wconf 89' lang='lat' dir='ltr'><strong>ecelesiam</strong></span> <span class='ocrx_word' id='word_1_236' title='bbox 894 3300 937 3310; x_wconf 90' lang='lat'><strong>—</strong></span> <span class='ocrx_word' id='word_1_237' title='bbox 952 3284 971 3325; x_wconf 88' lang='lat' dir='ltr'><strong>a</strong></span> <span class='ocrx_word' id='word_1_238' title='bbox 988 3262 1201 3327; x_wconf 87' lang='lat' dir='ltr'><strong>cruentissimi</strong></span> <span class='ocrx_word' id='word_1_239' title='bbox 1217 3262 1389 3347; x_wconf 90' lang='lat' dir='ltr'><strong>praedonis</strong></span> <span class='ocrx_word' id='word_1_240' title='bbox 1414 3264 1555 3331; x_wconf 80' lang='lat' dir='ltr'><strong>incuba-</strong></span> 
     </span>
     <span class='ocr_line' id='line_1_30' title="bbox 274 3362 1556 3453; baseline 0.008 -28"><span class='ocrx_word' id='word_1_241' title='bbox 274 3362 410 3447; x_wconf 76' lang='lat' dir='ltr'><strong>tione¹¹)</strong></span> <span class='ocrx_word' id='word_1_242' title='bbox 434 3362 587 3445; x_wconf 90' lang='lat' dir='ltr'><strong>liberata,</strong></span> <span class='ocrx_word' id='word_1_243' title='bbox 617 3363 774 3429; x_wconf 90' lang='lat' dir='ltr'><strong>catholico</strong></span> <span class='ocrx_word' id='word_1_244' title='bbox 801 3367 992 3429; x_wconf 90' lang='lat' dir='ltr'><strong>reformetur</strong></span> <span class='ocrx_word' id='word_1_245' title='bbox 1021 3364 1162 3430; x_wconf 89' lang='lat' dir='ltr'><strong>antistiti</strong></span> <span class='ocrx_word' id='word_1_246' title='bbox 1189 3363 1435 3453; x_wconf 88' lang='lat' dir='ltr'><strong>libertatemque</strong></span> <span class='ocrx_word' id='word_1_247' title='bbox 1456 3388 1556 3435; x_wconf 84' lang='lat' dir='ltr'><strong>suam</strong></span> 
     </span>
     <span class='ocr_line' id='line_1_31' title="bbox 274 3464 1556 3555; baseline 0.009 -29"><span class='ocrx_word' id='word_1_248' title='bbox 274 3464 395 3546; x_wconf 83' lang='lat' dir='ltr'><strong>pariter</strong></span> <span class='ocrx_word' id='word_1_249' title='bbox 416 3464 552 3548; x_wconf 90' lang='lat' dir='ltr'><strong>recipiat</strong></span> <span class='ocrx_word' id='word_1_250' title='bbox 575 3469 607 3528; x_wconf 92' lang='lat' dir='ltr'><strong>et</strong></span> <span class='ocrx_word' id='word_1_251' title='bbox 629 3465 777 3549; x_wconf 90' lang='lat' dir='ltr'><strong>quietem.</strong></span> <span class='ocrx_word' id='word_1_252' title='bbox 817 3467 862 3529; x_wconf 92' lang='lat' dir='ltr'><strong>At</strong></span> <span class='ocrx_word' id='word_1_253' title='bbox 884 3488 957 3530; x_wconf 85' lang='lat' dir='ltr'><strong>vero</strong></span> <span class='ocrx_word' id='word_1_254' title='bbox 972 3467 1135 3551; x_wconf 88' lang='lat' dir='ltr'><strong>improbus</strong></span> <span class='ocrx_word' id='word_1_255' title='bbox 1156 3467 1328 3553; x_wconf 88' lang='lat' dir='ltr'><strong>parricida,</strong></span> <span class='ocrx_word' id='word_1_256' title='bbox 1353 3469 1408 3555; x_wconf 91' lang='lat' dir='ltr'><strong>qui</strong></span> <span class='ocrx_word' id='word_1_257' title='bbox 1430 3469 1556 3537; x_wconf 83' lang='lat' dir='ltr'><strong>divinis</strong></span> 
     </span>
     <span class='ocr_line' id='line_1_32' title="bbox 274 3563 1556 3657; baseline 0.012 -31"><span class='ocrx_word' id='word_1_258' title='bbox 274 3563 368 3628; x_wconf 89' lang='lat' dir='ltr'><strong>simul</strong></span> <span class='ocrx_word' id='word_1_259' title='bbox 392 3586 463 3629; x_wconf 87' lang='lat' dir='ltr'><strong>reus</strong></span> <span class='ocrx_word' id='word_1_260' title='bbox 486 3569 534 3629; x_wconf 87' lang='lat' dir='ltr'><strong>est</strong></span> <span class='ocrx_word' id='word_1_261' title='bbox 556 3566 681 3651; x_wconf 87' lang='lat' dir='ltr'><strong>legibus</strong></span> <span class='ocrx_word' id='word_1_262' title='bbox 703 3570 735 3630; x_wconf 89' lang='lat' dir='ltr'><strong>et</strong></span> <span class='ocrx_word' id='word_1_263' title='bbox 758 3567 917 3651; x_wconf 82' lang='lat' dir='ltr'><strong>hunianis,</strong></span> <span class='ocrx_word' id='word_1_264' title='bbox 947 3569 1096 3635; x_wconf 87' lang='lat' dir='ltr'><strong>reductus</strong></span> <span class='ocrx_word' id='word_1_265' title='bbox 1118 3570 1240 3653; x_wconf 90' lang='lat' dir='ltr'><strong>eodem,</strong></span> <span class='ocrx_word' id='word_1_266' title='bbox 1269 3592 1332 3655; x_wconf 92' lang='lat' dir='ltr'><strong>quo</strong></span> <span class='ocrx_word' id='word_1_267' title='bbox 1348 3571 1423 3657; x_wconf 89' lang='lat' dir='ltr'><strong>jure</strong></span> <span class='ocrx_word' id='word_1_268' title='bbox 1440 3570 1556 3641; x_wconf 79' lang='lat' dir='ltr'><strong>fuerat</strong></span> 
     </span>
     <span class='ocr_line' id='line_1_33' title="bbox 275 3667 1558 3760; baseline 0.011 -32"><span class='ocrx_word' id='word_1_269' title='bbox 275 3669 351 3729; x_wconf 89' lang='lat' dir='ltr'><strong>ante</strong></span> <span class='ocrx_word' id='word_1_270' title='bbox 374 3667 530 3749; x_wconf 82' lang='lat' dir='ltr'><strong>detrusus,</strong></span> <span class='ocrx_word' id='word_1_271' title='bbox 555 3668 595 3732; x_wconf 91' lang='lat' dir='ltr'><strong>ab</strong></span> <span class='ocrx_word' id='word_1_272' title='bbox 618 3668 839 3734; x_wconf 88' lang='lat' dir='ltr'><strong>innocentium</strong></span> <span class='ocrx_word' id='word_1_273' title='bbox 862 3692 940 3735; x_wconf 87' lang='lat' dir='ltr'><strong>nece</strong></span> <span class='ocrx_word' id='word_1_274' title='bbox 963 3672 1146 3737; x_wconf 89' lang='lat' dir='ltr'><strong>retrahatur</strong></span> <span class='ocrx_word' id='word_1_275' title='bbox 1168 3672 1365 3740; x_wconf 79' lang='lat' dir='ltr'><strong>allilnal&#39;um:</strong></span> <span class='ocrx_word' id='word_1_276' title='bbox 1395 3674 1513 3760; x_wconf 85' lang='lat' dir='ltr'><strong>procul</strong></span> <span class='ocrx_word' id='word_1_277' title='bbox 1535 3700 1558 3741; x_wconf 87' lang='lat' dir='ltr'><strong>a</strong></span> 
     </span>
     <span class='ocr_line' id='line_1_34' title="bbox 274 3767 1556 3865; baseline 0.011 -35"><span class='ocrx_word' id='word_1_278' title='bbox 274 3788 376 3851; x_wconf 89' lang='lat' dir='ltr'><strong>regno</strong></span> <span class='ocrx_word' id='word_1_279' title='bbox 404 3767 535 3852; x_wconf 87' lang='lat' dir='ltr'><strong>pietatis</strong></span> <span class='ocrx_word' id='word_1_280' title='bbox 563 3774 687 3834; x_wconf 86' lang='lat' dir='ltr'><strong>vestrae</strong></span> <span class='ocrx_word' id='word_1_281' title='bbox 715 3772 837 3838; x_wconf 87' lang='lat' dir='ltr'><strong>funesti</strong></span> <span class='ocrx_word' id='word_1_282' title='bbox 867 3773 981 3857; x_wconf 86' lang='lat' dir='ltr'><strong>eapitis</strong></span> <span class='ocrx_word' id='word_1_283' title='bbox 1009 3795 1133 3839; x_wconf 88' lang='lat' dir='ltr'><strong>venena</strong></span> <span class='ocrx_word' id='word_1_284' title='bbox 1160 3774 1338 3859; x_wconf 87' lang='lat' dir='ltr'><strong>discedant,</strong></span> <span class='ocrx_word' id='word_1_285' title='bbox 1366 3789 1452 3861; x_wconf 78' lang='lat' dir='ltr'><strong>quae</strong></span> <span class='ocrx_word' id='word_1_286' title='bbox 1474 3798 1556 3865; x_wconf 86' lang='lat' dir='ltr'><strong>quo·</strong></span> 
     </span>
    </p>
   </div>
   <div class='ocr_carea' id='block_1_3' title="bbox 274 3869 1558 3959">
    <p class='ocr_par' dir='ltr' id='par_1_10' title="bbox 274 3869 1558 3959">
     <span class='ocr_line' id='line_1_35' title="bbox 274 3869 1558 3959; baseline 0.012 -25"><span class='ocrx_word' id='word_1_287' title='bbox 274 3869 363 3935; x_wconf 88' lang='lat' dir='ltr'><strong>niam</strong></span> <span class='ocrx_word' id='word_1_288' title='bbox 392 3871 577 3936; x_wconf 81' lang='lat' dir='ltr'><strong>salutiferae</strong></span> <span class='ocrx_word' id='word_1_289' title='bbox 604 3873 853 3959; x_wconf 88' lang='lat' dir='ltr'><strong>praedicationis</strong></span> <span class='ocrx_word' id='word_1_290' title='bbox 885 3876 1015 3942; x_wconf 76' lang='lat' dir='ltr'><strong>alaribus</strong></span> <span class='ocrx_word' id='word_1_291' title='bbox 1043 3877 1201 3942; x_wconf 88' lang='lat' dir='ltr'><strong>obturatis</strong></span> <span class='ocrx_word' id='word_1_292' title='bbox 1228 3878 1424 3945; x_wconf 84' lang='lat' dir='ltr'><strong>medicantia</strong></span> <span class='ocrx_word' id='word_1_293' title='bbox 1450 3880 1558 3949; x_wconf 74' lang='lat' dir='ltr'><strong>verba</strong></span> 
     </span>
    </p>
   </div>
   <div class='ocr_carea' id='block_1_4' title="bbox 271 4146 1562 4815">
    <p class='ocr_par' dir='ltr' id='par_1_11' title="bbox 273 4146 1558 4300">
     <span class='ocr_line' id='line_1_36' title="bbox 347 4146 1558 4225; baseline 0.007 -22"><span class='ocrx_word' id='word_1_294' title='bbox 347 4147 376 4203; x_wconf 68' lang='lat'><strong>¹⁰)</strong></span> <span class='ocrx_word' id='word_1_295' title='bbox 395 4146 527 4217; x_wconf 87' lang='lat' dir='ltr'><strong>Quaeque</strong></span> <span class='ocrx_word' id='word_1_296' title='bbox 540 4148 595 4204; x_wconf 87' lang='lat' dir='ltr'><strong>Leo</strong></span> <span class='ocrx_word' id='word_1_297' title='bbox 608 4149 751 4217; x_wconf 85' lang='lat' dir='ltr'><strong>Augustus</strong></span> <span class='ocrx_word' id='word_1_298' title='bbox 768 4148 797 4205; x_wconf 91' lang='lat' dir='ltr'><strong>in</strong></span> <span class='ocrx_word' id='word_1_299' title='bbox 816 4168 900 4205; x_wconf 91' lang='lat' dir='ltr'><strong>unum</strong></span> <span class='ocrx_word' id='word_1_300' title='bbox 919 4149 1051 4219; x_wconf 90' lang='lat' dir='ltr'><strong>codicem,</strong></span> <span class='ocrx_word' id='word_1_301' title='bbox 1069 4168 1152 4221; x_wconf 88' lang='lat' dir='ltr'><strong>quem</strong></span> <span class='ocrx_word' id='word_1_302' title='bbox 1165 4158 1303 4222; x_wconf 73' lang='lat' dir='ltr'><strong>saepedum</strong></span> <span class='ocrx_word' id='word_1_303' title='bbox 1313 4152 1483 4225; x_wconf 66' lang='lat' dir='ltr'><strong>appellavit,</strong></span> <span class='ocrx_word' id='word_1_304' title='bbox 1500 4154 1558 4211; x_wconf 86' lang='lat' dir='ltr'><strong>ool·</strong></span> 
     </span>
     <span class='ocr_line' id='line_1_37' title="bbox 273 4228 1524 4300; baseline 0.002 -15"><span class='ocrx_word' id='word_1_305' title='bbox 273 4230 324 4300; x_wconf 77' lang='lat' dir='ltr'><strong>ligi</strong></span> <span class='ocrx_word' id='word_1_306' title='bbox 341 4231 437 4287; x_wconf 85' lang='lat' dir='ltr'><strong>voluit.</strong></span> <span class='ocrx_word' id='word_1_307' title='bbox 1520 4228 1524 4235; x_wconf 77' lang='lat'>&#39;</span> 
     </span>
    </p>

    <p class='ocr_par' dir='ltr' id='par_1_12' title="bbox 273 4319 1557 4476">
     <span class='ocr_line' id='line_1_38' title="bbox 343 4319 1557 4395; baseline 0.006 -22"><span class='ocrx_word' id='word_1_308' title='bbox 343 4321 374 4385; x_wconf 78' lang='lat'><strong>¹¹)</strong></span> <span class='ocrx_word' id='word_1_309' title='bbox 393 4320 419 4373; x_wconf 85' lang='lat' dir='ltr'><strong>a¹</strong></span> <span class='ocrx_word' id='word_1_310' title='bbox 436 4329 564 4387; x_wconf 78' lang='lat' dir='ltr'><strong>praeciae,</strong></span> <span class='ocrx_word' id='word_1_311' title='bbox 583 4319 681 4373; x_wconf 81' lang='lat' dir='ltr'><strong>inclina</strong></span> <span class='ocrx_word' id='word_1_312' title='bbox 694 4320 740 4374; x_wconf 88' lang='lat' dir='ltr'><strong>alii</strong></span> <span class='ocrx_word' id='word_1_313' title='bbox 753 4331 855 4389; x_wconf 74' lang='lat' dir='ltr'><strong>pei-siat</strong></span> <span class='ocrx_word' id='word_1_314' title='bbox 867 4321 894 4374; x_wconf 94' lang='lat' dir='ltr'><strong>h.</strong></span> <span class='ocrx_word' id='word_1_315' title='bbox 906 4338 929 4375; x_wconf 91' lang='lat' dir='ltr'><strong>e.</strong></span> <span class='ocrx_word' id='word_1_316' title='bbox 943 4325 1110 4392; x_wconf 86' lang='lat' dir='ltr'><strong>perseverat.</strong></span> <span class='ocrx_word' id='word_1_317' title='bbox 1130 4323 1194 4377; x_wconf 82' lang='lat' dir='ltr'><strong>llos</strong></span> <span class='ocrx_word' id='word_1_318' title='bbox 1206 4322 1373 4379; x_wconf 84' lang='lat' dir='ltr'><strong>vocabulum</strong></span> <span class='ocrx_word' id='word_1_319' title='bbox 1385 4332 1557 4395; x_wconf 65' lang='lat' dir='ltr'><strong>eposium:</strong></span> 
     </span>
     <span class='ocr_line' id='line_1_39' title="bbox 273 4402 1088 4476; baseline 0.005 -18"><span class='ocrx_word' id='word_1_320' title='bbox 273 4403 389 4473; x_wconf 88' lang='lat' dir='ltr'><strong>perinde</strong></span> <span class='ocrx_word' id='word_1_321' title='bbox 408 4402 608 4474; x_wconf 79' lang='lat' dir='ltr'><strong>accipiendum.</strong></span> <span class='ocrx_word' id='word_1_322' title='bbox 627 4423 660 4460; x_wconf 87' lang='lat' dir='ltr'><strong>ac</strong></span> <span class='ocrx_word' id='word_1_323' title='bbox 677 4404 700 4459; x_wconf 88' lang='lat' dir='ltr'><strong>si</strong></span> <span class='ocrx_word' id='word_1_324' title='bbox 719 4406 859 4475; x_wconf 85' lang='lat' dir='ltr'><strong>legeretur</strong></span> <span class='ocrx_word' id='word_1_325' title='bbox 877 4414 989 4476; x_wconf 80' lang='lat' dir='ltr'><strong>apostoli</strong></span> <span class='ocrx_word' id='word_1_326' title='bbox 1007 4412 1088 4462; x_wconf 74' lang='lat' dir='ltr'><strong>Petri.</strong></span> 
     </span>
    </p>

    <p class='ocr_par' dir='ltr' id='par_1_13' title="bbox 343 4488 1186 4563">
     <span class='ocr_line' id='line_1_40' title="bbox 343 4488 1186 4563; baseline 0.007 -22"><span class='ocrx_word' id='word_1_327' title='bbox 343 4491 373 4555; x_wconf 59' lang='grc' dir='ltr'><strong>1ἵ)</strong></span> <span class='ocrx_word' id='word_1_328' title='bbox 392 4488 427 4541; x_wconf 76' lang='lat' dir='ltr'><strong>G¹</strong></span> <span class='ocrx_word' id='word_1_329' title='bbox 447 4488 536 4543; x_wconf 67' lang='lat' dir='ltr'><strong>ornat.</strong></span> <span class='ocrx_word' id='word_1_330' title='bbox 556 4496 631 4559; x_wconf 73' lang='lat' dir='ltr'><strong>qucui.</strong></span> <span class='ocrx_word' id='word_1_331' title='bbox 668 4491 731 4544; x_wconf 80' lang='lat' dir='ltr'><strong>Mon</strong></span> <span class='ocrx_word' id='word_1_332' title='bbox 751 4490 819 4545; x_wconf 87' lang='lat' dir='ltr'><strong>editi</strong></span> <span class='ocrx_word' id='word_1_333' title='bbox 837 4496 993 4563; x_wconf 58' lang='lat' dir='ltr'><strong>erchamradi</strong></span> <span class='ocrx_word' id='word_1_334' title='bbox 1062 4498 1186 4548; x_wconf 67' lang='lat' dir='ltr'><strong>tiberiadi.</strong></span> 
     </span>
    </p>

    <p class='ocr_par' dir='ltr' id='par_1_14' title="bbox 271 4574 1562 4815">
     <span class='ocr_line' id='line_1_41' title="bbox 345 4574 1561 4657; baseline 0.009 -30"><span class='ocrx_word' id='word_1_335' title='bbox 345 4576 375 4641; x_wconf 67' lang='grc'><strong>13)</strong></span> <span class='ocrx_word' id='word_1_336' title='bbox 395 4575 424 4627; x_wconf 91' lang='lat' dir='ltr'><strong>lu</strong></span> <span class='ocrx_word' id='word_1_337' title='bbox 445 4574 564 4644; x_wconf 75' lang='lat' dir='ltr'><strong>vrdgatis</strong></span> <span class='ocrx_word' id='word_1_338' title='bbox 582 4582 606 4627; x_wconf 80' lang='lat' dir='ltr'><strong>si</strong></span> <span class='ocrx_word' id='word_1_339' title='bbox 680 4583 868 4645; x_wconf 73' lang='lat' dir='ltr'><strong>oppugnatione</strong></span> <span class='ocrx_word' id='word_1_340' title='bbox 886 4584 949 4633; x_wconf 77' lang='lat' dir='ltr'><strong>elisa</strong></span> <span class='ocrx_word' id='word_1_341' title='bbox 966 4585 1098 4646; x_wconf 83' lang='lat' dir='ltr'><strong>reparari.</strong></span> <span class='ocrx_word' id='word_1_342' title='bbox 1134 4579 1175 4633; x_wconf 79' lang='lat' dir='ltr'><strong>Ex</strong></span> <span class='ocrx_word' id='word_1_343' title='bbox 1193 4579 1345 4649; x_wconf 84' lang='lat' dir='ltr'><strong>archetypo</strong></span> <span class='ocrx_word' id='word_1_344' title='bbox 1357 4580 1393 4635; x_wconf 86' lang='lat' dir='ltr'><strong>G¹</strong></span> <span class='ocrx_word' id='word_1_345' title='bbox 1407 4582 1445 4641; x_wconf 80' lang='lat' dir='ltr'><strong>(si</strong></span> <span class='ocrx_word' id='word_1_346' title='bbox 1507 4606 1561 4657; x_wconf 71' lang='lat' dir='ltr'><strong>op·</strong></span> 
     </span>
     <span class='ocr_line' id='line_1_42' title="bbox 271 4661 1562 4741; baseline 0.009 -28"><span class='ocrx_word' id='word_1_347' title='bbox 271 4667 436 4729; x_wconf 63' lang='lat' dir='ltr'><strong>pugnatione</strong></span> <span class='ocrx_word' id='word_1_348' title='bbox 453 4666 514 4715; x_wconf 79' lang='lat' dir='ltr'><strong>elisa·</strong></span> <span class='ocrx_word' id='word_1_349' title='bbox 532 4666 666 4729; x_wconf 79' lang='lat' dir='ltr'><strong>reparari)</strong></span> <span class='ocrx_word' id='word_1_350' title='bbox 684 4664 711 4716; x_wconf 89' lang='lat' dir='ltr'><strong>et</strong></span> <span class='ocrx_word' id='word_1_351' title='bbox 724 4661 819 4731; x_wconf 88' lang='lat' dir='ltr'><strong>Vigilii</strong></span> <span class='ocrx_word' id='word_1_352' title='bbox 838 4662 988 4719; x_wconf 86' lang='lat' dir='ltr'><strong>constituto</strong></span> <span class='ocrx_word' id='word_1_353' title='bbox 1002 4682 1050 4719; x_wconf 91' lang='lat' dir='ltr'><strong>scu</strong></span> <span class='ocrx_word' id='word_1_354' title='bbox 1066 4664 1145 4735; x_wconf 88' lang='lat' dir='ltr'><strong>epist.</strong></span> <span class='ocrx_word' id='word_1_355' title='bbox 1157 4672 1190 4719; x_wconf 70' lang='lat' dir='ltr'><strong>‘ll</strong></span> <span class='ocrx_word' id='word_1_356' title='bbox 1208 4684 1234 4718; x_wconf 88' lang='lat' dir='ltr'><strong>n.</strong></span> <span class='ocrx_word' id='word_1_357' title='bbox 1247 4670 1295 4719; x_wconf 70' lang='lat'><strong>144</strong></span> <span class='ocrx_word' id='word_1_358' title='bbox 1306 4666 1355 4732; x_wconf 82' lang='lat' dir='ltr'><strong>(sie</strong></span> <span class='ocrx_word' id='word_1_359' title='bbox 1418 4686 1562 4741; x_wconf 66' lang='lat' dir='ltr'><strong>oppugn-</strong></span> 
     </span>
     <span class='ocr_line' id='line_1_43' title="bbox 275 4748 1127 4815; baseline 0.007 -17"><span class='ocrx_word' id='word_1_360' title='bbox 275 4750 383 4801; x_wconf 77' lang='lat' dir='ltr'><strong>u&#39;oaibua</strong></span> <span class='ocrx_word' id='word_1_361' title='bbox 401 4752 465 4801; x_wconf 81' lang='lat' dir='ltr'><strong>eliso</strong></span> <span class='ocrx_word' id='word_1_362' title='bbox 483 4750 623 4815; x_wconf 83' lang='lat' dir='ltr'><strong>reparare)</strong></span> <span class='ocrx_word' id='word_1_363' title='bbox 641 4748 764 4801; x_wconf 85' lang='lat' dir='ltr'><strong>nostram</strong></span> <span class='ocrx_word' id='word_1_364' title='bbox 783 4748 931 4804; x_wconf 85' lang='lat' dir='ltr'><strong>lectionem</strong></span> <span class='ocrx_word' id='word_1_365' title='bbox 949 4749 1127 4805; x_wconf 87' lang='lat' dir='ltr'><strong>restituimus.</strong></span> 
     </span>
    </p>
   </div>
   <div class='ocr_carea' id='block_1_5' title="bbox 273 4832 1562 4983">
    <p class='ocr_par' dir='ltr' id='par_1_15' title="bbox 273 4832 1562 4983">
     <span class='ocr_line' id='line_1_44' title="bbox 343 4832 1562 4909; baseline 0.007 -23"><span class='ocrx_word' id='word_1_366' title='bbox 343 4833 374 4887; x_wconf 75' lang='lat'><strong>¹⁴)</strong></span> <span class='ocrx_word' id='word_1_367' title='bbox 393 4832 419 4885; x_wconf 91' lang='lat' dir='ltr'><strong>b.</strong></span> <span class='ocrx_word' id='word_1_368' title='bbox 433 4848 456 4888; x_wconf 87' lang='lat' dir='ltr'><strong>e.</strong></span> <span class='ocrx_word' id='word_1_369' title='bbox 480 4838 577 4901; x_wconf 76' lang='lat' dir='ltr'><strong>injusta</strong></span> <span class='ocrx_word' id='word_1_370' title='bbox 599 4840 777 4901; x_wconf 47' lang='lat' dir='ltr'><strong>usupatione</strong></span> <span class='ocrx_word' id='word_1_371' title='bbox 813 4837 845 4889; x_wconf 88' lang='lat' dir='ltr'><strong>cl&#39;.</strong></span> <span class='ocrx_word' id='word_1_372' title='bbox 869 4835 943 4890; x_wconf 81' lang='lat' dir='ltr'><strong>iufra</strong></span> <span class='ocrx_word' id='word_1_373' title='bbox 961 4835 1071 4905; x_wconf 70' lang='lat' dir='ltr'><strong>curiatii</strong></span> <span class='ocrx_word' id='word_1_374' title='bbox 1093 4854 1119 4890; x_wconf 93' lang='lat' dir='ltr'><strong>n.</strong></span> <span class='ocrx_word' id='word_1_375' title='bbox 1137 4844 1162 4891; x_wconf 76' lang='lat'><strong>2.</strong></span> <span class='ocrx_word' id='word_1_376' title='bbox 1201 4836 1266 4890; x_wconf 86' lang='lat' dir='ltr'><strong>Mox</strong></span> <span class='ocrx_word' id='word_1_377' title='bbox 1288 4834 1337 4891; x_wconf 90' lang='lat' dir='ltr'><strong>alii</strong></span> <span class='ocrx_word' id='word_1_378' title='bbox 1359 4842 1457 4907; x_wconf 72' lang='lat' dir='ltr'><strong>inpias</strong></span> <span class='ocrx_word' id='word_1_379' title='bbox 1482 4842 1562 4909; x_wconf 84' lang='lat' dir='ltr'><strong>(loco</strong></span> 
     </span>
     <span class='ocr_line' id='line_1_45' title="bbox 273 4920 419 4983; baseline 0.048 -16"><span class='ocrx_word' id='word_1_380' title='bbox 273 4920 419 4983; x_wconf 68' lang='lat' dir='ltr'><strong>immotus).</strong></span> 
     </span>
    </p>
   </div>
   <div class='ocr_carea' id='block_1_6' title="bbox 0 0 1740 5678">
    <p class='ocr_par' dir='ltr' id='par_1_16' title="bbox 0 0 1740 5678">
     <span class='ocr_line' id='line_1_46' title="bbox 0 0 1740 5678; baseline 0 0"><span class='ocrx_word' id='word_1_381' title='bbox 0 0 1740 5678; x_wconf 95' lang='lat' dir='ltr'><strong> </strong></span> 
     </span>
    </p>
   </div>
  </div>
 </body>
</html>
