3412 5664
206 336 250 402 20
370 351 507 401 nonme
522 351 675 399 Peneum
691 352 728 400 m
742 350 878 401 remam
894 351 920 397 ιι
935 350 1046 400 emsa.
1063 351 1148 399 nens
1165 350 1305 399 sueres.
1383 352 1387 357 ’

209 521 290 588 atque
311 514 377 570 llaec
397 530 449 570 una
472 515 564 572 versio
586 512 619 569 ad
640 529 691 569 nos
711 513 874 586 pervenerit.
911 510 968 580 Qua
982 513 1087 568 ratione
1102 511 1217 576 lactum,
1245 519 1275 567 ιιι
1290 527 1343 566 una
1359 509 1428 566 sini
1443 509 1476 566 ιιι

210 598 360 656 litterarum
377 615 473 674 graeca
489 599 649 673 exemplaria
661 596 813 654 babeamus.

295 701 323 758 3.
355 699 489 757 Gravioris
510 701 639 756 momenti
659 697 779 762 videtur,
806 698 879 773 qnod
900 698 933 755 de
954 697 1049 755 Felicis
1073 699 1171 754 litteris
1192 699 1350 755 nominatim
1371 708 1474 761 monet,

210 785 276 842 nihil
291 802 352 841 esse
367 788 494 861 ineptius,
511 803 590 860 quam
606 775 680 860 quael
695 784 746 858 ipsi
761 781 901 858 affingitur
916 785 956 839 nis
972 782 1073 840 verbis:
1090 787 1125 840 sit
1140 787 1170 839 ia
1186 790 1213 839 te
1227 785 1302 841 baec
1316 786 1382 856 fiae
1394 786 1474 840 dam·

209 874 288 928 natio
309 890 327 927 a
347 887 391 928 me
413 879 440 929 et
461 872 497 928 ab
519 874 563 942 iis,
586 874 637 944 qai
650 870 702 926 sab
718 886 762 926 me
777 873 925 927 constituti
938 871 1120 942 episcopales
1140 870 1223 925 sedes
1243 870 1411 943 pabernare
1426 887 1477 925 no-

209 963 340 1027 scuntur,
357 963 384 1012 ei
396 958 432 1014 ab
445 958 553 1012 Acacio
565 955 898 1026 Constantinopolitanae
910 957 1052 1011 ccclesiae
1063 960 1184 1026 pastore
1195 960 1223 1010 et
1234 973 1253 1009 a
1265 956 1480 1012 venerabilibus

210 1044 354 1114 episcopis
369 1045 435 1114 ejas
444 1043 513 1114 jari
526 1041 676 1113 sabjectis.
702 1039 791 1095 Primo
808 1041 888 1103 enim,
904 1040 1002 1114 inquit,
1019 1039 1062 1095 bic
1077 1055 1135 1095 mos
1151 1055 1205 1095 non
1222 1048 1279 1095 erat
1294 1037 1479 1096 Romanorum

209 1126 376 1201 pontificum,
394 1134 423 1181 ut
438 1127 637 1200 episcoporum,
659 1127 706 1199 qui
721 1141 774 1180 una
789 1141 850 1180 eum
861 1125 926 1199 ipsis
942 1125 969 1180 iu
985 1123 1097 1198 synodis
1114 1123 1302 1188 consederant,
1318 1125 1345 1180 in
1361 1124 1480 1181 decretis

209 1213 265 1267 suis
281 1228 312 1266 ac
325 1212 467 1267 sententiis
483 1211 648 1266 mentionem
664 1209 793 1265 iacerent.
825 1207 901 1277 Quod
924 1217 952 1265 et
971 1206 1112 1265 coinfirmat
1127 1208 1214 1265 verbis
1229 1209 1326 1283 synodi
1341 1208 1480 1265 Romanae

210 1298 237 1352 iu
252 1295 348 1352 Felicis
369 1295 485 1370 epistola
500 1294 533 1350 Xl
549 1313 576 1352 n.
590 1294 620 1350 4.
652 1293 730 1363 Quid,
746 1293 870 1369 quodibi
889 1292 964 1349 Felix
979 1295 1103 1350 Acacium
1126 1292 1176 1350 sibi
1192 1292 1340 1369 adjungere
1354 1295 1479 1369 ponitur.

210 1381 286 1456 qnasi
306 1380 364 1452 ejus
385 1382 545 1437 sententiam
567 1382 594 1437 in
616 1378 766 1435 damnando
787 1379 867 1435 Petro
888 1379 1056 1435 Antiocheno
1078 1386 1188 1435 secutus
1210 1378 1346 1442 videatur,
1375 1380 1480 1435 omissa

209 1467 348 1522 mentione
363 1465 492 1541 Simplicii
507 1482 600 1540 papae,
616 1481 631 1519 a
646 1481 701 1539 quo
713 1463 784 1521 idem
799 1464 896 1520 Petrus
912 1463 958 1520 diu
973 1473 1051 1520 antea
1067 1464 1155 1521 iuerat
1169 1464 1379 1521 condemnatus!

293 1567 323 1624 4.
360 1567 489 1624 Gravibus
509 1567 563 1623 illis
584 1566 683 1622 eruditi
703 1567 752 1622 uiri
775 1568 919 1622 momentis
939 1574 1089 1640 suppetunt
1117 1566 1176 1621 alia.
1213 1565 1278 1622 Nam
1299 1567 1347 1622 liae
1369 1565 1480 1622 litterae

209 1652 323 1709 Felicem
340 1661 368 1708 et
382 1654 507 1709 Acacium
522 1652 638 1708 velutin
655 1669 737 1707 unum
753 1653 940 1726 conspirantes
955 1651 1065 1714 iaciunt.
1081 1653 1157 1725 qnasi
1168 1652 1284 1724 ¹nicecius
1300 1650 1333 1706 de
1348 1651 1479 1707 dannuato

209 1756 223 1793 a
238 1755 269 1793 se
284 1755 314 1794 ac
335 1737 463 1808 subjectis
485 1736 535 1793 sibi
550 1738 685 1811 episcopis
700 1736 781 1793 Petro
797 1736 830 1792 ad
845 1735 961 1792 Felicem
981 1737 1122 1810 scripserit
1137 1752 1168 1792 ac
1182 1735 1255 1792 Felix
1271 1736 1344 1792 illius
1360 1736 1477 1791 laudarit

208 1824 378 1886 sententiam,
399 1839 482 1896 quum
503 1821 558 1892 jam
575 1821 606 1876 ab
627 1837 692 1878 aevo
714 1821 842 1895 Simplicii
863 1822 973 1876 Aeacius
995 1819 1161 1877 obstinatum
1183 1821 1317 1896 quoddam
1338 1820 1480 1877 silentium

209 1909 338 1964 allectorit
352 1924 384 1963 ac
397 1908 508 1964 solitum
524 1907 698 1963 intermiserit
713 1915 758 1961 aut
774 1908 854 1963 etiam
869 1907 973 1980 ruperit
988 1922 1048 1961 cnm
1064 1905 1183 1962 llomauo
1198 1904 1327 1980 pontifice
1342 1922 1479 1962 comaner-

209 1995 289 2049 einm.
326 1992 466 2049 Praeterea
492 1991 636 2066 epistolam
655 1993 743 2049 Petro
770 1996 906 2064 episcopo
931 1992 1108 2048 Antiocheno
1128 1992 1282 2065 inscriptam
1303 1990 1396 2066 legere
1425 1999 1479 2052 est.

210 2094 294 2152 quum
314 2076 392 2133 sedes
416 2075 562 2151 apostolica
577 2076 650 2132 Petri
671 2076 867 2133 ordinationem
889 2092 939 2132 seu
959 2077 1051 2150 potius
1072 2077 1238 2133 invasionem
1258 2093 1395 2149 nunqnam
1421 2093 1478 2131 non

210 2161 369 2236 reprobarit.
385 2178 522 2235 nunquam
537 2178 593 2217 non
608 2160 748 2225 damnarit.
771 2172 852 2235 atque
867 2161 940 2217 huuc
954 2160 1119 2217 haereticum
1135 2179 1187 2217 una
1202 2179 1263 2218 cnm
1279 2160 1413 2225 omnibns,
1430 2161 1480 2234 qui

210 2246 242 2303 ab
264 2265 297 2303 eo
318 2264 379 2303 sese
400 2247 539 2303 ordinmos
556 2246 751 2310 existimabant,
774 2246 805 2302 ab
821 2246 988 2302 Antiocheno
1009 2247 1115 2302 civitate
1136 2246 1313 2321 depellendos
1337 2247 1480 2302 censuerit

211 2332 363 2407 Simplicius
379 2333 485 2407 episti
502 2333 557 2394 n.3
577 2331 660 2405 idque
681 2331 847 2388 eondrmarit
861 2332 941 2405 epist.
960 2332 1010 2388 15.
1045 2330 1098 2387 Sed
1120 2348 1152 2386 ιιι
1174 2332 1289 2406 epistola
1309 2331 1407 2409 synodi
1424 2329 1479 2386 lto·

211 2435 311 2480 manae,
327 2417 473 2492 quaeinlra
485 2417 599 2473 liabetur
612 2419 684 2473 inter
696 2417 790 2473 Felicis
806 2418 886 2490 epist.
896 2416 933 2471 11
947 2414 1008 2471 data
1021 2415 1053 2471 lll
1068 2416 1157 2472 Nonas
1170 2416 1300 2472 Octobres
1315 2416 1479 2490 Syrmuacbe

210 2503 323 2559 consule
337 2503 408 2576 (lae.
425 2520 495 2559 anno
507 2499 589 2574 485),
607 2501 777 2558 manifestum
793 2510 843 2565 est,
860 2501 969 2557 eosdem
985 2503 1137 2575 episcopos,
1152 2504 1199 2575 qui
1214 2519 1285 2558 anno
1296 2500 1480 2575 praecedente
1513 2544 1517 2551 .

210 2587 309 2644 tienne
324 2596 507 2644 convenerant
522 2604 572 2661 pro
584 2588 671 2642 Aeacii
687 2604 774 2650 causa,
790 2589 888 2643 iterum
903 2602 974 2642 auno
985 2585 1047 2642 485
1064 2603 1155 2642 caasa
1169 2588 1366 2644 Antiocberrae
1381 2588 1479 2642 ecclc·

210 2677 272 2729 siae
292 2681 475 2749 congregatos
498 2689 567 2728 esse.
597 2671 626 2726 ln
643 2672 695 2728 lmc
708 2689 792 2746 porro
809 2674 860 2727 sila
875 2680 933 2727 erat
948 2672 1130 2727 Antioelienae
1146 2672 1274 2728 ecclesiae
1293 2689 1380 2734 cansa,
1403 2670 1479 2744 qnod

211 2758 385 2816 Colendione
399 2775 495 2830 reaper
510 2760 604 2831 ejecto
620 2756 752 2830 (teocius)
768 2758 886 2813 Petram
901 2760 931 2812 in
946 2759 1013 2829 ejus
1034 2760 1180 2813 immiserit
1195 2760 1357 2813 ecclesiam.
1383 2756 1480 2829 Neque

209 2842 276 2898 illud
292 2845 429 2916 ,‚nuper“
446 2844 525 2898 latins
540 2840 649 2898 extendi
664 2841 747 2904 valet:
768 2841 901 2916 siquidem
917 2842 969 2896 boc
983 2840 1094 2897 molitus
1110 2859 1171 2897 esse
1182 2844 1293 2899 Aeacius
1310 2842 1410 2898 dicitnr
1421 2840 1480 2911 jam

210 2930 344 3001 dejectus
366 2937 393 2985 et
409 2946 495 3002 qnam
511 2931 622 2986 omnino
639 2931 715 2983 citra
732 2944 839 3000 corpas
853 2928 1012 2983 baberetur
1028 2927 1190 2998 Ecclesiae,
1209 2928 1236 2983 ιι.
1252 2944 1276 2983 ι.
1293 2936 1357 3001 post
1372 2926 1480 2982 denun-

211 3014 303 3076 tiatam
319 3015 370 3088 ipsi
387 3013 563 3070 damnationis
589 3014 759 3068 sententiam.
791 3012 828 3067 Ex
852 3028 906 3086 qno
926 3013 1059 3084 sequitur,
1082 3020 1111 3067 ιιι
1132 3012 1259 3069 Calendiu
1280 3012 1480 3068 Antiochenam

210 3098 301 3154 sellem
324 3098 485 3160 obtinuerit,
507 3098 595 3154 eloneo
615 3099 727 3154 Aeacius
748 3099 881 3172 accipiens
902 3113 932 3151 se
952 3113 967 3151 a
986 3095 1075 3152 Felice
1095 3096 1249 3152 damnatum
1269 3098 1364 3171 ipsum
1377 3095 1411 3151 ab
1433 3095 1482 3151 illa

211 3183 355 3240 deturbare
370 3185 469 3257 coepit,
491 3182 613 3256 adeoque
633 3184 661 3238 in
681 3181 787 3256 syuodo
809 3183 870 3238 anni
885 3179 948 3237 484
971 3189 1074 3237 tantum
1089 3181 1123 3238 de
1139 3184 1234 3244 Aeacii,
1262 3183 1327 3238 ιιιιιιι
1348 3181 1382 3237 ιιι
1404 3180 1481 3236 Ριιιι

210 3267 333 3324 l'nllonis
355 3268 526 3324 damnatione
548 3277 636 3324 actum
657 3267 748 3323 luerit.
779 3266 884 3323 liumus
905 3283 988 3340 qnnm
1004 3266 1095 3322 eadem
1110 3267 1231 3341 synodus
1246 3266 1363 3323 llomana
1378 3264 1481 3322 ibidem

212 3370 238 3409 n.
255 3352 273 3408 5
290 3352 446 3427 expostulat
460 3369 521 3408 cnm
537 3353 642 3414 Acacio,
665 3352 739 3425 qnod
755 3353 927 3409 Colendione
941 3369 1037 3424 nuper
1052 3355 1147 3424 ejecto
1162 3353 1280 3409 Petram
1296 3357 1400 3409 totiens
1416 3358 1444 3407 et
1460 3369 1480 3405 a

211 3453 242 3493 se
256 3439 422 3493 dominatam
438 3441 466 3493 in
482 3439 550 3509 ejas
564 3440 712 3494 immiserit
727 3439 889 3508 ecclesiam,
905 3437 970 3491 satis
982 3445 1075 3511 aperte
1087 3436 1193 3500 iudicat,
1209 3455 1239 3493 se
1251 3437 1285 3493 de
1296 3437 1481 3497 damnatione.

212 3538 280 3595 qnae
297 3539 367 3578 anno
383 3521 561 3595 praecedente
582 3521 650 3577 lacta
670 3523 714 3586 sit,
737 3524 844 3579 minime
859 3521 934 3595 loqui
955 3520 1038 3594 (hunc
1059 3524 1129 3577 enim
1151 3522 1318 3579 intellectum
1339 3539 1394 3578 nou
1415 3537 1481 3595 per·

213 3608 294 3662 mittit
315 3606 444 3681 particula
459 3605 621 3679 ..totiens“)‚
646 3616 727 3680 atque
742 3609 853 3681 iusuper
867 3605 1015 3670 confirmat.
1038 3606 1147 3663 Petrum
1162 3606 1313 3683 Fullonem.
1335 3624 1367 3663 en
1391 3623 1481 3681 quoa

212 3690 349 3765 Simplicio
364 3691 504 3747 damnatus
525 3701 575 3756 est.
598 3709 735 3765 nunquam
755 3690 872 3748 aFelice
893 3691 1013 3748 habitum
1035 3709 1096 3747 esse
1115 3692 1190 3748 νιιιιι
1210 3695 1375 3767 episcopum.
1408 3689 1481 3759 Quid

212 3777 296 3849 igitur
310 3776 361 3832 sibi
377 3777 434 3832 vult
449 3777 533 3850 qiriina
549 3777 672 3851 epistola,
690 3794 740 3850 qua
761 3794 822 3832 cum
839 3778 964 3833 bortatur
978 3776 1060 3839 Felix,
1077 3785 1107 3833 nt
1122 3777 1153 3832 ad
1170 3778 1307 3834 meliorem
1323 3777 1432 3851 frugem
1448 3794 1481 3831 se

212 3870 361 3924 convertet,
378 3863 463 3936 quasi.
478 3863 501 3917 si
516 3864 697 3935 resipisceret,
713 3861 745 3917 ab
761 3861 819 3932 ejus
835 3861 1006 3919 «insinuatione
1021 3870 1128 3936 paratus
1144 3872 1217 3919 essct
1228 3862 1377 3919 abstinere!
1400 3861 1481 3918 lieni·

212 3963 265 4018 quc
281 3949 303 4002 si
325 3965 403 4003 verae
424 3955 515 4003 essent
535 3946 595 4002 illae
616 3947 756 4020 epistolae,
778 3946 935 4003 ilormisdae
957 3948 1039 4021 legati
1059 3947 1186 4002 aelversns
1202 3948 1316 4022 Scythas
1330 3947 1481 4003 inonachus

212 4050 299 4088 anam
314 4034 349 4088 de
368 4033 507 4088 Trinitate
522 4035 698 4104 crecifia'am
713 4032 766 4087 dici
782 4031 904 4088 volentes
920 4033 989 4088 lianc
1003 4049 1097 4087 eornm
1111 4035 1274 4089 sententiam
1286 4031 1380 4089 Felicis
1392 4048 1480 4107 papae

212 4119 372 4173 cumtoritate
384 4117 438 4187 jam
454 4116 558 4191 pridem
573 4118 710 4190 explosam
727 4134 786 4172 esse
802 4133 857 4172 non
873 4119 1029 4174 tacuissent.
1051 4117 1079 4173 ln
1096 4126 1155 4174 toto
1172 4127 1258 4174 tamen
1274 4118 1322 4175 illo
1338 4118 1479 4177 cunllictu.

213 4203 258 4274 qni
274 4220 338 4258 sane
354 4204 500 4257 acerrimus
516 4211 573 4258 tum
589 4202 649 4263 init.
672 4218 760 4275 neque
782 4201 864 4276 legati
881 4201 1037 4259 ilormisdae
1053 4220 1142 4278 neque
1158 4202 1298 4259 llormisda
1313 4205 1372 4277 ipse
1387 4219 1480 4276 neque

212 4287 387 4350 lastinianus,
403 4304 484 4343 neruo
495 4286 611 4360 denique
623 4305 637 4341 a
650 4285 737 4343 Felice
752 4304 820 4362 papa
836 4288 884 4343 bac
898 4287 931 4342 de
947 4289 1105 4361 quaestione
1116 4288 1261 4363 quidquam
1272 4291 1404 4362 seriptum
1418 4304 1480 4343 eme

213 4374 342 4437 ιιιιιιιιιιίι,
360 4381 390 4428 ιιι
406 4371 484 4427 fidem
500 4371 601 4428 iaciunt
618 4370 773 4428 ilormisdae
789 4372 919 4445 epistolae
935 4373 984 4436 75.
1002 4373 1040 4430 76
1057 4373 1177 4447 aliaeque
1192 4372 1399 4448 subsequentes.
1424 4373 1481 4429 dee

213 4466 301 4514 tamen
315 4459 363 4514 lme
370 4456 466 4513 Felicis
481 4457 596 4520 litterae,
614 4465 708 4530 utpote
724 4474 820 4531 graece
832 4457 968 4531 latineque
980 4459 1106 4532 scriptae,
1113 4459 1228 4515 Graecos
1237 4457 1380 4515 Latiniosve
1392 4458 1479 4515 latere

212 4541 378 4599 debuissent.
410 4540 564 4598 Censendae
579 4550 644 4598 sunt
659 4543 744 4616 igilur
758 4551 785 4596 et
800 4539 887 4598 Felice
903 4542 924 4597 ll
939 4551 966 4598 et
982 4543 1122 4600 llormisda
1137 4545 1312 4619 posteriores.

298 4650 326 4709 5.
358 4645 414 4700 ntia
429 4643 516 4698 adbuc
530 4641 657 4699 universus
674 4642 748 4698 betas
764 4643 822 4699 illas
837 4644 957 4717 synodos
973 4648 1034 4702 ainai
1049 4645 1120 4708 483.
1137 4649 1163 4702 in
1180 4646 1277 4720 quibus
1288 4647 1385 4703 Petrus
1398 4646 1478 4705 Fullo

214 4729 353 4786 damnatus
374 4731 418 4791 sit.
441 4728 543 4803 opponi
563 4738 686 4801 possent.
717 4728 769 4784 Sed
791 4730 856 4785 lmec
875 4731 940 4785 satis
962 4748 992 4785 ac
1013 4731 1074 4804 plus
1095 4749 1174 4806 equam
1194 4734 1259 4787 satis
1280 4732 1479 4797 demonstrant,

215 4832 292 4887 qnam
308 4832 391 4888 ιιιιμιιι
407 4816 441 4869 sit
459 4813 563 4868 llenriei
580 4813 676 4873 Volusii
698 4823 754 4869 tnm
770 4813 803 4869 de
819 4814 871 4870 illis
888 4822 943 4870 tum
959 4815 992 4870 de
1008 4819 1197 4879 tiionumentis,
1219 4835 1287 4891 ιμιιιι
1303 4819 1329 4872 in
1345 4818 1398 4874 illis
1414 4836 1479 4892 pro·

213 4899 292 4956 clareia
308 4900 444 4962 «licuntur.
466 4914 587 4953 censum.
619 4897 711 4973 Neque
733 4917 796 4954 rere
814 4898 908 4954 Felicis
929 4901 1020 4955 stilum
1042 4912 1087 4957 ιιιιι
1109 4904 1247 4976 ingenium
1264 4904 1321 4959 ulle
1337 4904 1420 4959 mede
1435 4922 1479 4959 sa·
