3412 5664
234 288 296 354 896
675 305 703 353 s.
720 301 929 354 nonmsnas
951 302 1066 352 aaran

123 484 149 523 a.
160 474 217 523 510.
232 457 436 540 Trinitatem,
461 457 617 542 quomodo
638 457 798 542 praedixi,
821 479 920 521 unam
941 457 1119 539 Deitatem3
1143 462 1211 523 tres
1234 480 1385 543 personas,
1406 465 1456 547 quia

232 581 292 624 ncc
314 559 422 644 plures
445 559 520 623 deos
542 559 692 642 dicimus,
717 559 883 624 credentes
905 581 1005 623 unum
1022 559 1127 624 Deum
1149 582 1236 644 esse,
1259 551 1354 625 idest
1365 541 1455 629 Patria

233 667 266 726 et
287 661 403 725 Filium
426 665 460 726 et
481 662 635 746 Spiritum
657 664 820 745 sanetum,
844 683 904 727 nec
926 666 991 727 tres
1014 684 1169 747 personas
1190 684 1356 747 negamus,
1374 687 1404 729 ne
1420 666 1456 731 Se·

233 764 321 828 ballii
348 763 465 848 dogma
491 763 655 828 videamur
681 763 780 847 sequi.
827 762 946 828 Verum
975 768 1040 842 est,
1069 786 1241 850 personam
1269 765 1352 847 Filii,
1381 768 1456 832 idest

233 865 332 929 Verbi
354 865 430 948 Dei,
455 865 763 931 consubstantialem
784 866 876 930 Patri
884 867 921 952 8).
974 866 1019 930 Et
1041 867 1112 950 ipsa
1135 889 1209 931 caro
1231 867 1316 931 facta
1337 871 1388 950 est,
1409 870 1456 953 ipss

233 967 267 1031 in
289 971 380 1032 utero
395 967 516 1031 lllariae
539 967 708 1050 habitavit,
732 968 802 1052 ipsa
824 971 974 1032 naturam
997 968 1172 1033 humanam
1194 971 1332 1053 suscepit
1345 971 1456 1055 sinepec-

234 1072 316 1152 cato,
339 1071 408 1154 ipse
430 1069 531 1133 Filius
553 1069 614 1133 Dei
636 1069 730 1133 homo
753 1070 858 1132 factus
880 1074 977 1134 natus
1000 1074 1048 1134 est
1070 1069 1109 1135 de
1132 1071 1259 1156 virgine
1279 1070 1378 1135 llario.
1406 1071 1456 1136 Pro-

233 1174 304 1255 pter
326 1171 409 1256 quod
432 1193 503 1234 eam
517 1169 576 1234 Dei
599 1172 789 1256 genitricem
806 1170 939 1235 dicimus
962 1176 995 1236 et
1010 1172 1178 1252 credimus,
1202 1174 1276 1258 quia
1291 1174 1384 1238 unitas
1395 1173 1455 1237 Diri-

232 1272 345 1337 nitatis
367 1274 399 1337 et
420 1272 647 1356 humanitatis,
671 1296 752 1358 quae
773 1274 843 1338 ficri
867 1277 979 1358 coepta
1001 1278 1060 1356 est,
1084 1296 1123 1338 ex
1145 1296 1209 1358 quo
1223 1274 1341 1339 Mariae
1359 1275 1455 1361 augelus

148 1356 212 1476 {¹2⁰3
233 1373 363 1438 Gabriel
386 1374 593 1438 annuntiavit
615 1375 739 1440 fficens:
763 1382 834 1453 Aac,
854 1382 971 1453 Μανία,
987 1383 1093 1455 pratia
1110 1383 1217 1457 pterea,
1235 1381 1458 1456 Spiritussaacta

164 1466 170 1489 ’
212 1465 421 1556 'ertperuem'et
443 1484 474 1541 ia
497 1489 526 1541 te
546 1488 614 1555 etc,
640 1500 705 1541 non
727 1481 854 1541 tantum
877 1477 912 1540 in
935 1481 1026 1541 utero
1047 1499 1114 1542 non
1132 1482 1182 1542 est
1197 1478 1340 1563 divisall,
1361 1479 1404 1543 sed
1419 1500 1459 1543 nec

232 1580 267 1643 in
289 1581 385 1662 partu
406 1580 522 1642 necin
544 1579 751 1644 nutrimentis
773 1579 889 1643 necin
910 1580 1059 1663 passione
1081 1601 1141 1644 neo
1162 1583 1198 1644 in
1220 1580 1360 1664 sepulcro
1378 1581 1460 1645 necin

233 1680 465 1744 resurrectione
491 1703 552 1744 nec
579 1682 614 1745 in
643 1681 729 1746 coelo
757 1685 907 1765 separata
938 1684 1003 1744 est:
1036 1681 1112 1765 quie
1140 1704 1225 1746 unus
1252 1688 1302 1747 est
1321 1682 1405 1747 Filius
1420 1681 1460 1747 lui

234 1781 390 1846 Dominus
412 1786 521 1846 noster
542 1782 635 1847 Jesus
658 1782 814 1865 Christus,
838 1804 905 1847 non
927 1783 963 1846 in
984 1783 1129 1867 personis
1152 1783 1283 1868 divisus,
1304 1806 1365 1849 non
1382 1784 1460 1848 inna-

233 1885 314 1948 turis
343 1889 508 1968 separatus
537 1906 640 1969 neque
670 1885 705 1948 in
731 1885 878 1969 potentia
905 1884 1058 1949 diversus.
1118 1884 1208 1949 ldem
1236 1890 1286 1950 est
1316 1885 1460 1971 namquelj

234 1988 267 2049 et
289 1986 451 2050 sustinens
473 1987 670 2070 passionem,
705 1987 779 2071 quia
801 1987 960 2073 omnes¹¹)
983 1987 1145 2071 homines,
1176 1990 1233 2052 aut
1256 1988 1461 2071 dividensque

233 2087 326 2151 modo
347 2086 527 2172 Nestorius,
551 2092 607 2153 aut
628 2110 753 2173 negans
775 2089 931 2172 quomodo
953 2088 1127 2173 Eutyches,
1151 2091 1334 2154 autminus
1353 2091 1461 2154 incum-

233 2189 354 2253 tionem
384 2190 516 2255 credens
543 2191 698 2274 quomodo
725 2189 938 2274 Apollinaris,
977 2194 1032 2255 aut
1059 2191 1267 2275 phantasiam
1298 2191 1462 2256 introducens

234 2291 390 2374 quomodo
411 2291 541 2376 Manes,
572 2292 675 2356 afide
698 2290 855 2357 catholica
877 2295 953 2355 sunt
974 2292 1083 2375 incisi,
1117 2292 1264 2358 homines
1286 2292 1408 2378 operarii
1423 2293 1461 2355 ini·

234 2392 366 2476 quitatis
388 2396 421 2457 et
443 2393 550 2458 hostes
569 2394 733 2459 doctrinae
756 2394 981 2479 apostolorum.
1032 2395 1100 2458 Ista
1122 2394 1236 2478 didici,
1271 2393 1333 2459 ista
1353 2393 1462 2459 aulius

233 2495 408 2577 majoribus
430 2496 564 2560 nostris:
587 2502 619 2559 et
641 2496 668 2560 si
691 2497 773 2560 forte
796 2499 887 2560 extra
909 2496 973 2560 ista
994 2496 1070 2580 quid
1086 2496 1258 2562 debeamus
1275 2497 1360 2582 sequi
1372 2498 1461 2583 ignora

234 2599 415 2680 exponente
438 2596 638 2662 beatitudine
661 2602 768 2662 vestra
789 2620 919 2664 necesse
941 2602 991 2663 est
1011 2621 1062 2664 me
1084 2600 1185 2685 sequi.

318 2699 349 2763 4.
383 2698 567 2764 Maxentius
589 2703 710 2784 tumen,
733 2701 817 2786 quod
832 2701 891 2765 sub
907 2700 1034 2765 abbatis
1049 2702 1206 2766 vocabulo
1227 2702 1309 2766 dixit
1322 2724 1353 2766 se
1367 2718 1461 2784 corpe

234 2803 398 2886 gationem
420 2801 556 2886 habere,
584 2802 612 2866 si
634 2802 867 2888 interrogetur,
897 2806 954 2867 aut
982 2824 1054 2867 cum
1081 2804 1197 2888 quibus
1225 2803 1383 2871 monachis
1399 2801 1461 2877 sirit,

234 2907 290 2967 aut
318 2903 353 2967 in
381 2924 443 2989 quo
470 2905 665 2968 monasterio
698 2908 754 2968 aut
784 2905 843 2969 sub
870 2926 933 2989 quo
962 2902 1077 2969 abbate
1104 2905 1283 2971 monachus
1309 2908 1401 2972 factus
1421 2906 1461 2983 est,

234 3005 339 3070 dicere
353 3026 419 3070 non
434 3007 551 3090 potest.
586 3004 740 3070 Similiter
762 3010 795 3071 et
816 3007 843 3070 si
859 3006 898 3070 de
910 3005 1038 3071 Achille
1052 3006 1159 3072 dicere
1174 3008 1314 3093 voluero,
1335 3003 1462 3073 renlsdo

234 3129 478 3192 supervacuam:
502 3109 553 3172 cui
575 3106 696 3172 homini
720 3109 840 3173 sufficit
862 3131 987 3194 semper
1009 3109 1109 3174 latere
1126 3113 1260 3194 propter
1274 3108 1463 3176 conscientium

234 3210 377 3273 suamab
389 3210 535 3274 omnibus
548 3210 715 3275 catholicis
726 3210 922 3275 damnatum.
945 3210 1033 3276 Data
1043 3211 1319 3297 IdibusOctobris,
1327 3208 1464 3277 Eutharico

235 3312 375 3377 consule.
420 3313 564 3397 Accepta
586 3311 648 3376 XV
666 3312 824 3379 delendas
846 3312 1049 3398 Decembris,
1074 3314 1204 3379 consule
1227 3310 1464 3400 suprascriptae).

233 3505 354 3554 Dominae
370 3508 439 3556 satra
456 3506 511 3555 due
529 3506 585 3568 ejas
600 3505 663 3566 suit,
681 3499 808 3570 adeoque
827 3499 912 3556 etiam
930 3501 1081 3556 secundum
1097 3501 1252 3557 hebraeam
1269 3502 1387 3572 linguan
1400 3499 1468 3567 legn-

234 3585 300 3638 dum
318 3586 355 3639 sit
372 3590 487 3640 detrabat.

301 3674 322 3737 l)
341 3669 445 3741 Supplc
463 3691 533 3730 ema·
551 3687 713 3740 rursumque
731 3673 796 3740 post
813 3675 849 3724 Ie't
866 3677 924 3739 ipsa
936 3670 1054 3725 subaudi
1070 3692 1185 3740 persona
1197 3677 1265 3727 rust.
1291 3672 1417 3741 Deinceps
1426 3668 1472 3722 bio·

234 3770 327 3808 scorus
345 3756 500 3824 praevertit
518 3755 696 3820 calumniam,
720 3773 775 3823 qua
796 3755 849 3824 ipsi
869 3755 954 3809 etiam
976 3757 1075 3826 postea
1092 3757 1235 3813 Johannes
1251 3756 1401 3812 Maxentius
1418 3770 1473 3821 resp.

234 3840 332 3893 contra
349 3839 430 3909 epist.
449 3840 614 3895 Hormisdae
633 3840 705 3894 hanc
723 3840 806 3894 fidem
823 3839 942 3894 affinxit:
967 3846 1033 3895 Loci
1049 3850 1230 3912 opportunitas
1247 3850 1341 3911 eripit,
1359 3854 1384 3895 ut
1398 3846 1476 3895 tena-

233 3935 330 3977 stretur
347 3945 364 3978 a
382 3930 465 3987 uobis,
489 3931 598 3994 qualiter
616 3936 641 3979 et
659 3945 704 3979 car
722 3930 857 3991 baeretici,
882 3946 917 3980 ear
934 3930 1024 3996 quibus
1040 3947 1104 3980 uaris
1122 3940 1161 3981 eet
1179 3933 1333 3987 Dioscorus.
1355 3948 1421 3981 m
1434 3946 1480 3995 pn·

233 4029 319 4063 sonam
339 4014 462 4065 Christum
483 4016 666 4079 praedicantes
682 4031 717 4064 erc
739 4014 876 4071 Trinitate,
899 4032 971 4064 anaim
989 4032 1025 4065 ece
1046 4016 1172 4066 Trinitate
1190 4016 1301 4067 cristus
1317 4018 1428 4081 confieri
1441 4016 1482 4064 ml·

233 4101 331 4148 latenas
348 4101 518 4164 acquiescant.
556 4101 696 4150 Personam
712 4101 791 4164 ipitur
802 4099 853 4148 Dei
867 4100 947 4150 Verbi
963 4101 1057 4151 babere
1073 4109 1194 4151 eremum
1206 4101 1346 4159 Chistum,
1364 4119 1410 4154 uon
1421 4112 1486 4151 arm

234 4186 303 4249 qrtod
317 4186 373 4249 ipsc
391 4185 461 4234 Deus
482 4184 591 4234 Verbum
608 4190 641 4233 stt
661 4184 787 4247 Christus,
810 4186 875 4234 siem
890 4200 1028 4248 personam
1045 4186 1096 4235 Det
1112 4186 1246 4237 uidebatur
1262 4188 1360 4239 babere
1379 4188 1490 4255 propbeta

289 4270 349 4335 qrriu
367 4270 417 4319 Dei
437 4269 517 4319 Verbi
533 4272 559 4318 iu
576 4286 604 4319 sc
622 4269 760 4319 habitantis
775 4285 913 4334 personam
930 4270 1036 4327 babeat,
1055 4287 1120 4337 quae
1139 4278 1177 4320 ert
1196 4288 1249 4322 una
1266 4288 1304 4322 ex
1325 4274 1457 4326 trentam.
1471 4278 1492 4321 nl

227 4356 286 4416 jam
302 4356 340 4405 sir
357 4356 466 4404 uicarium
483 4355 663 4420 praedamnando
680 4356 733 4405 siue
751 4356 864 4404 minister
880 4356 915 4405 sit
934 4356 983 4405 Dei
1003 4354 1084 4405 Verbi
1101 4355 1225 4407 Cbristus.

300 4439 321 4502 ⁹)
340 4434 404 4489 Stil.
423 4442 508 4489 unitas
526 4440 670 4490 otviatratta
687 4448 714 4489 et
730 4440 902 4499 bremanitatie,
922 4435 1040 4505 quaein
1059 4434 1160 4490 Christi
1177 4454 1305 4506 persona
1322 4440 1438 4496 exstat

301 4521 333 4588 ¹⁰)
351 4520 403 4574 Hic
420 4520 594 4575 desideratur
606 4531 630 4575 et
643 4541 735 4575 creaaa
746 4527 872 4585 amnatam,
890 4520 934 4576 vel
951 4519 1019 4590 quid
1036 4520 1139 4589 dmsse,
1157 4538 1215 4589 quo
1228 4523 1361 4593 ejusdem
1378 4542 1502 4598 personne

233 4602 261 4657 in
280 4605 388 4659 duabus
405 4606 513 4660 naturis
531 4606 624 4661 unitas
643 4606 812 4661 adstruatur.

302 4693 332 4758 ¹¹)
351 4690 402 4744 llic
424 4692 501 4746 locus
518 4692 665 4747 mendosus
686 4691 727 4746 ita
749 4694 791 4747 est
813 4692 1023 4747 restaurandus:
1053 4696 1119 4748 Ideo
1143 4714 1231 4749 omaes
1254 4701 1508 4756 tantummodi:

233 4778 345 4843 Fluisto)
364 4786 407 4829 aaa
425 4783 564 4831 dividentes
634 4800 650 4831 a
665 4784 717 4845 fide
735 4784 861 4833 catholica
878 4788 935 4833 sum
953 4783 1046 4839 excisi,
1066 4799 1151 4833 artures
1168 4789 1295 4849 operarii
1313 4791 1465 4858 iniquitatis.

303 4864 333 4931 ¹²)
353 4861 395 4915 lta
413 4864 456 4917 (4¹.
495 4862 542 4916 Ed.
564 4868 665 4918 ltusttco
684 4885 705 4918 o.
725 4884 747 4917 c.
766 4872 875 4920 carcerale.
