3450 5678
547 323 741 373 arrsrouss
764 314 909 374 31—33.
1301 308 1362 375 807

95 483 176 547 tsine
190 476 567 562 Constantinopolitanae
588 478 735 562 populus,
758 498 854 563 quam
869 500 947 564 pure
963 479 1074 544 deceat
1089 478 1255 545 credentes
1272 477 1362 545 Chri·
1373 505 1399 544 a.
1410 493 1468 544 517.

95 583 203 649 atiena
224 601 350 646 servare
371 580 534 665 mysteria.
580 578 641 645 Sed
668 582 833 646 transacta
862 580 987 646 utinam
1014 580 1121 646 studia
1142 581 1296 665 luissent,
1331 585 1364 647 et

95 705 163 752 non
183 703 270 749 nunc
291 681 408 747 similia
435 685 561 767 tempus
590 683 768 767 expeteret!
805 680 946 749 Rursum
973 683 1060 748 enim
1086 678 1184 749 iidem
1210 682 1364 750 haeretiei

97 788 194 870 caput
219 784 401 869 improbum
428 784 467 849 de
493 783 669 868 profundo,
702 805 765 869 quo
788 784 931 850 immersi
953 785 1162 870 tenebantur,
1198 785 1362 853 attollunt

95 889 202 973 Atque
223 887 295 952 ideo
316 907 412 972 rogo,
442 885 568 969 hortor,
599 886 753 952 admoneo
775 886 981 953 dilectionem
1002 890 1156 953 vestram:
1185 887 1225 953 ab
1254 910 1363 955 corum

94 1011 151 1055 vos
174 989 317 1055 conciliis
339 991 372 1054 et
394 989 616 1054 communione
638 988 805 1054 secernite.
849 987 1077 1055 Recordemini
1099 990 1159 1054 aeli
1180 990 1306 1075 prioris,
1330 995 1363 1057 et

94 1091 201 1157 vivere
222 1092 258 1156 in
279 1089 369 1156 vobis
391 1090 495 1156 lucem
517 1090 692 1156 scintillam
718 1090 806 1176 ignis
827 1090 1004 1176 spiritualis
1027 1092 1200 1176 ostendite,
1224 1114 1266 1157 ne
1288 1093 1362 1157 sirn-

93 1193 211 1278 plicem
232 1193 268 1258 in
288 1192 379 1258 vobis
401 1192 547 1258 veritatis
569 1193 719 1258 affectum
739 1192 936 1278 perditorum
962 1193 1082 1259 astutia
1104 1214 1306 1280 expugnasse
1328 1216 1362 1260 se

93 1295 244 1380 gaudeat.
288 1294 334 1360 Et
354 1294 434 1359 haec
455 1295 598 1379 quidem,
622 1297 777 1380 quantum
800 1295 840 1360 ad
856 1299 1059 1380 praesentem
1080 1297 1307 1363 necessitatem
1329 1301 1362 1362 et

93 1397 317 1462 assumendam
333 1399 444 1461 contra
459 1397 575 1481 impios
591 1397 782 1481 cautionem,
806 1397 924 1463 dixisse
939 1398 1090 1464 sufficiat.
1124 1397 1224 1484 Spero
1239 1402 1359 1483 tamen,

92 1499 177 1584 quod
204 1499 231 1563 si
259 1499 433 1563 admonitio
466 1500 530 1563 ieta
558 1499 768 1585 promoverit,
803 1502 836 1564 et
867 1499 948 1564 mihi
980 1504 1013 1565 et
1039 1502 1129 1566 robis
1161 1500 1249 1565 utilis
1283 1501 1360 1565 erit:

92 1601 219 1686 quando
242 1604 275 1666 et
295 1600 382 1666 Deus
409 1601 445 1667 in
473 1605 578 1666 vestra
605 1602 708 1666 salute
735 1601 984 1688 glorificabitur,
1020 1607 1052 1668 et
1079 1604 1203 1668 fructus
1230 1607 1360 1668 nostrae

91 1703 316 1768 sollicitudinis
339 1702 516 1790 apparebit.
567 1702 653 1768 Data
674 1702 724 1783 ΠΙ
745 1702 857 1768 Nonas
880 1704 1014 1789 Aprilis,
1038 1706 1182 1791 Agapito
1205 1705 1272 1770 viro
1296 1706 1360 1770 cla·

91 1804 217 1870 rissimo
241 1803 380 1870 consule.

593 1990 775 2097 Epistola
800 1990 860 2076 33.

1370 2143 1394 2179 a.
1406 2131 1454 2178 517
1467 2125 1485 2178 d

133 2143 345 2212 Hormisdou
367 2161 478 2228 papae
499 2144 544 2210 ad
565 2144 766 2211 llnuodium
789 2147 827 2212 et
848 2145 1089 2230 Peregrlnum
1111 2147 1306 2232 episcopos.
1370 2199 1401 2247 1,
1413 2169 1499 2262 April
1565 2176 1568 2182 ’

124 2286 182 2336 Illis
199 2286 325 2351 profectis
341 2300 369 2335 se
388 2287 510 2349 epistolas
528 2301 544 2334 a
557 2285 675 2336 Jabanne
688 2283 869 2350 Nicopolitana
887 2288 994 2355 ejusque
1004 2288 1102 2353 synoda
1114 2289 1252 2353 accepisse,
1272 2289 1326 2354 qni·

123 2371 169 2421 tus
184 2385 214 2421 se
231 2387 248 2421 a
265 2370 397 2422 Daratltco
418 2368 638 2422 Thessalonicensi
658 2370 816 2421 vehementer
841 2372 925 2436 afllipt
946 2371 1118 2438 querebantur
1140 2379 1166 2422 et
1187 2379 1269 2422 utrum
1291 2374 1327 2423 ad

124 2455 235 2506 casselen
247 2457 395 2507 sabionem
411 2455 518 2506 subinde
534 2457 636 2505 mittere
653 2455 703 2505 sibl
718 2456 807 2506 liceret
824 2457 994 2508 consulebant.
1021 2454 1056 2507 Se
1069 2458 1098 2508 id
1108 2472 1215 2522 nepasse
1226 2459 1326 2508 numici

478 2546 503 2591 et
520 2542 553 2591 de
571 2541 628 2590 aliis
644 2541 833 2593 instructionem
850 2543 970 2593 insinuat.

241 2672 450 2738 Hormisda
472 2672 657 2737 Ennodio
679 2676 717 2736 et
738 2671 960 2758 Peregrino
983 2674 1197 2759 episeopis.

135 2877 137 2880 Α
173 2793 386 2879 Posteaquam
406 2792 554 2876 profecta
576 2794 625 2856 est
647 2791 763 2855 caritas
785 2795 902 2877 vestra,
926 2792 1172 2878 Nicopolitanus
1192 2792 1356 2880 diaconus,

88 2897 142 2983 qui
164 2896 253 2962 vobis
276 2897 374 2960 etiarn
395 2894 535 2959 occurrit
555 2894 590 2958 in
611 2893 743 2977 itinere,
770 2893 906 2959 Romam
929 2895 1019 2960 venit
1027 2895 1061 2982 ¹).
1107 2892 1207 2970 Quem
1229 2898 1358 2980 praeter

87 3021 211 3065 moram
237 2997 391 3081 vidimus,
421 2995 616 3083 cogitantes,
650 3017 692 3060 ne
719 2996 803 3061 forte
831 2999 913 3061 essct
935 2997 1018 3082 quod
1049 2996 1089 3061 ad
1110 2997 1356 3063 instructionem

87 3100 260 3167 mandatae
281 3099 371 3165 vobis
392 3098 564 3184 legationis
587 3097 724 3181 adjicere
746 3097 946 3183 deberemus3
970 3099 1053 3183 quod
1074 3102 1108 3164 et
1121 3099 1358 3166 rationabiliter

87 3204 210 3268 facturn
236 3203 307 3289 ipsa
333 3223 384 3266 res
411 3201 575 3265 evidenter
603 3199 752 3265 ostendit.
797 3199 924 3266 Obtulit
953 3201 1039 3265 enim
1066 3201 1159 3266 nobis
1188 3201 1356 3286 epistolam

71 3307 72 3312 ’
86 3304 247 3372 lobannis
261 3304 403 3390 episcopi
425 3303 473 3368 sui
491 3306 523 3368 et
537 3303 633 3367 aliam
649 3302 761 3387 synodi
778 3302 975 3388 subjacentis
984 3305 1010 3391 ²)
1027 3303 1179 3369 ecclesiae
1194 3303 1356 3389 Nicopoli-

86 3411 194 3493 tauae,
211 3430 273 3493 que
283 3409 461 3492 queruntur
473 3405 514 3469 ab
526 3404 960 3490 epiecopoThessalonieensi
974 3406 1131 3471 excitatas
1142 3406 1310 3470 adversum
1322 3428 1355 3472 se

86 3513 154 3575 tarn
168 3508 364 3595 principales
379 3530 474 3593 quam
485 3507 673 3591 judiciarias
687 3509 878 3592 potestates:
902 3508 1162 3573 concussionibus
1182 3511 1214 3573 et
1229 3507 1355 3594 dispen-

87 3613 147 3678 diis
168 3634 203 3677 ee
225 3610 430 3676 vehementer
452 3609 554 3696 affligi
576 3612 708 3695 propter
728 3608 805 3694 boc,
839 3610 913 3695 quia
941 3610 979 3675 de
1001 3611 1201 3676 ordinatione
1229 3633 1286 3674 sua
1315 3611 1356 3674 ad

86 3714 271 3802 episcopum
292 3712 480 3777 relationem
503 3710 709 3799 secundum³)
732 3712 838 3796 prisca
861 3712 1006 3798 exempla
1027 3734 1094 3777 non
1115 3712 1250 3777 miserit.
1292 3711 1355 3777 Pro

87 3874 247 3882 ...—.—--—
271 3874 289 3877 --
323 3873 354 3877 -ω
387 3873 389 3877 ι

85 3960 118 4009 33
155 3954 174 4021 ¹)
193 3951 327 4019 Adeoque
344 3950 419 4005 intra
436 3955 452 4005 5
469 3949 572 4021 Aprilis
590 3949 676 4017 diem,
695 3966 750 4020 quo
768 3949 855 4020 legati
872 3949 991 4020 profecti
1009 3952 1081 4004 sunt.

152 4041 175 4109 2)
192 4036 243 4092 Ed.
267 4036 331 4092 add.
350 4040 406 4092 sibi.
443 4035 563 4105 Moxque
583 4041 742 4104 principales
762 4045 906 4104 potestaten
925 4034 1002 4091 idem
1019 4042 1073 4103 est,
1096 4035 1172 4106 quod
1193 4041 1356 4105 imperatoris

83 4109 240 4194 potestates,
262 4120 316 4176 nisi
337 4121 397 4190 quis
419 4120 473 4175 hoc
489 4120 575 4175 verbo
598 4120 679 4174 malit
700 4118 821 4190 intelligi
838 4124 940 4191 Illyrici
959 4126 1150 4188 praefecturam
1168 4130 1193 4174 ct
1209 4124 1355 4176 sablirnissi·

84 4230 148 4264 narn
165 4214 233 4263 inter
250 4212 388 4262 mandanae
406 4211 493 4274 apices
514 4216 678 4274 potestatem,
702 4222 787 4273 quem
804 4205 903 4260 Leonis
920 4204 1093 4275 temporibus
1111 4206 1290 4260 Anastasium
1307 4223 1355 4275 pa-

84 4294 153 4349 riter
170 4291 445 4349 'thessalonicensem
463 4287 616 4344 antistitem
637 4288 736 4345 adiisse
759 4292 844 4360 amne
861 4289 955 4346 Attico
978 4289 1103 4360 ejusdem
1125 4290 1258 4346 ecclesiae
1274 4291 1354 4346 Nico-

83 4378 227 4450 politanae
245 4376 375 4448 episcopo
392 4374 586 4444 indignissima
602 4373 736 4441 intulisse,
755 4375 811 4430 Leo
828 4373 888 4445 ipse
907 4374 987 4445 epist.
1001 4380 1033 4428 14
1051 4393 1074 4429 c.
1089 4382 1102 4428 1
1120 4375 1249 4430 testatur.

153 4466 174 4534 ³)
191 4462 349 4517 dohanuem
370 4459 531 4530 episcopum
547 4458 774 4530 Nicopolitanum
791 4477 847 4514 una
864 4477 927 4514 curn
947 4459 1053 4529 synodo
1071 4458 1150 4530 Epiri
1165 4456 1267 4514 veteris
1285 4460 1354 4515 rela-

84 4548 191 4604 tionem
209 4547 243 4601 de
262 4545 436 4601 ordinatione
454 4545 490 4599 ad
502 4543 678 4599 Hormisdam
695 4543 800 4599 misisse
817 4546 903 4600 testes
920 4546 984 4600 sunt
1001 4543 1156 4615 superiores
1174 4544 1308 4614 epistolae
1322 4551 1354 4600 15

86 4634 115 4689 et
133 4638 173 4687 16.
203 4632 235 4686 In
251 4631 323 4685 libro
342 4629 473 4686 autemV
491 4629 525 4684 de
545 4629 692 4684 concordia
710 4628 816 4683 sacerd.
835 4632 865 4683 et
881 4629 947 4701 imp.
962 4648 984 4685 c.
998 4637 1031 4685 25
1047 4649 1073 4684 n.
1087 4637 1103 4685 9
1116 4629 1212 4700 Steph.
1225 4628 1354 4683 Baluaius

85 4718 224 4784 observat,
244 4716 275 4771 id
293 4719 390 4772 eontra
408 4731 514 4770 morem
530 4715 652 4769 veterem
671 4714 777 4769 factum
794 4712 889 4783 fuisse,
913 4732 947 4770 ac
969 4716 1003 4771 de
1022 4714 1197 4770 ordinatione
1214 4714 1351 4784 Nicopoli-

85 4802 144 4859 tani
156 4801 280 4873 episcopi
297 4801 333 4857 ad
345 4799 620 4857 Thessalonicensem
632 4798 800 4864 antisbtem,
818 4816 874 4853 non
890 4800 928 4855 ad
938 4800 1096 4856 Romanurn
1106 4798 1204 4854 referri
1217 4798 1352 4854 debuisse.

86 4886 218 4944 Similiter
236 4885 321 4943 etiam
339 4886 500 4953 arbitratur,
521 4884 574 4939 hac
592 4881 731 4940 <lucardis
748 4880 915 4942 Hormisdae
932 4885 1028 4940 datam
1046 4901 1105 4940 esse
1124 4883 1298 4940 occasionem
1315 4889 1353 4938 dr·-
