3412 5664
691 353 862 406 namneus
883 345 933 404 26.
1151 320 1154 325 ⁵
1395 337 1458 407 tos

191 532 333 596 sparse
370 511 567 594 noscuntnr3
614 509 763 595 flectique
799 508 976 595 potuisset,
1009 511 1071 575 nisi
1107 510 1457 597 Constantinopolitani
1471 529 1564 579 utos.
1595 509 1599 515 ’

191 613 342 680 ramilis
364 613 595 678 accenderetur
615 613 784 696 instinctu,
809 614 863 698 qui
878 615 1041 698 particeps
1057 617 1209 678 externae
1226 616 1458 681 commeationis

191 717 328 800 h'ectns,
351 717 544 799 necessarie,
569 717 604 780 in
627 717 709 801 quod
733 716 901 800 inciderat,
922 719 992 800 jam
1013 716 1153 798 fovebat,
1179 717 1303 783 malcus
1325 718 1360 781 in
1382 740 1458 783 suae

191 818 471 885 mevancationis
493 819 710 884 obstinatione
732 819 913 903 persistere,
943 842 1039 904 qnam
1062 819 1221 883 curandus
1250 819 1289 883 ad
1315 819 1458 888 salubria

191 944 339 1007 emessa,
361 923 446 988 ment
467 922 536 1007 ipse
550 944 659 987 rerum
672 922 831 1007 probarit
844 925 987 987 eventus.
1011 921 1095 986 Ecce
1117 944 1220 1006 nuper
1233 921 1457 1012 Honorico⁷⁶),

191 1025 259 1113 egi
284 1024 478 1090 Vandalicas
499 1025 653 1109 nationis,
678 1026 727 1089 vir
748 1047 885 1110 magnus
908 1028 941 1090 et
963 1025 1113 1111 egregins
1130 1024 1277 1089 sacerdos
1293 1024 1458 1110 Eugenius

191 1127 454 1214 dorthaginensis
481 1128 652 1213 'episcopus
679 1128 834 1213 multique
862 1150 933 1192 cum
962 1128 1072 1192 eodem
1101 1127 1249 1192 catholici
1278 1129 1457 1195 sacerdotes
1491 1112 1492 1121 ἵ

191 1233 375 1297 ronsmnter
401 1230 548 1296 restitere
556 1231 597 1318 ⁷⁷)
624 1231 791 1314 saevienti,
822 1234 1001 1315 cunctaque
1030 1233 1172 1295 extrema
1200 1230 1374 1296 tolerantes
1402 1232 1457 1297 ho·
1513 1295 1517 1301 .

191 1333 304 1419 dieque
323 1333 579 1418 persecutoribus
610 1334 759 1398 resistere
788 1357 853 1397 non
876 1334 1039 1398 omittunt.
1085 1332 1152 1397 Nos
1174 1355 1298 1419 quoqne
1320 1334 1457 1400 Odoacri

191 1436 327 1502 barbaro
347 1435 509 1501 haeretico
532 1459 668 1522 reguum
690 1435 805 1501 Italiae
827 1439 906 1501 tunc
928 1436 1064 1519 tenenti,
1089 1458 1186 1524 quum
1203 1436 1310 1521 aliqua
1323 1459 1388 1501 non
1410 1439 1457 1502 fa-

191 1538 305 1605 cienda
337 1539 597 1625 praeciperet⁷⁸),
643 1539 711 1604 Deo
743 1542 929 1623 praestante
959 1539 1145 1603 nullatenus
1178 1539 1322 1623 paruisse
1355 1541 1457 1605 mani·
1517 1586 1519 1593 ·

191 1642 308 1706 festum
327 1645 386 1707 est.
431 1640 495 1706 Hie
522 1645 629 1706 autem
664 1642 712 1705 vir
739 1643 841 1707 bonus
870 1643 1008 1707 Aeacius
1038 1645 1070 1705 et
1092 1642 1238 1709 sacerdos
1266 1643 1400 1706 eximius
1423 1646 1455 1708 in

194 1746 317 1809 tantum
342 1768 376 1810 se
397 1749 430 1810 et
452 1767 625 1830 suggerere
648 1745 788 1829 potuisse
811 1745 1003 1809 monstravit
1030 1748 1062 1807 et
1084 1744 1224 1808 noluisse
1247 1745 1454 1830 deprompsit,

197 1846 421 1913 immolavisse
449 1848 619 1932 patefecit,
649 1851 686 1911 nt
707 1850 740 1912 et
756 1849 935 1931 ‚imperator
963 1849 1079 1911 cuneta
1107 1868 1140 1910 se
1163 1869 1201 1909 ex
1229 1847 1297 1931 ejus
1320 1849 1457 1932 gessisse
1504 1872 1507 1879 ·

202 1949 324 2039 oonsilio
344 1972 408 2014 non
429 1953 563 2034 taceret,
587 1955 619 2015 et
640 1951 709 2035 ipse
731 1949 957 2034 imperatorem
979 1948 1106 2034 magnis
1121 1949 1300 2033 praeconiis
1317 1949 1457 2015 elevaret

204 2050 262 2115 ida
282 2050 462 2138 iacientem3
484 2075 614 2138 seseque
636 2052 777 2137 prodidit
798 2051 848 2116 his
871 2052 1005 2137 agendis
1028 2050 1122 2115 rebus
1136 2051 1235 2115 fuisse
1253 2053 1455 2136 participem.

286 2155 326 2220 12.
369 2155 432 2221 Sed
460 2158 538 2235 esto,
566 2155 742 2222 Calendion
772 2155 973 2239 imperatoris
1001 2176 1119 2218 nomen
1147 2154 1373 2242 abstuleritw),
1402 2155 1456 2221 Jo-
1556 2194 1588 2208 ,-

209 2251 317 2323 lennes
341 2258 478 2344 principi
505 2260 660 2323 mentitus
686 2258 785 2322 fuisse
810 2259 967 2341 jactetnr3
1000 2279 1081 2342 quae
1103 2260 1213 2322 tumen
1235 2280 1332 2343 quum
1354 2281 1457 2324 nevae

212 2456 279 2513 lem
289 2461 339 2531 jain
353 2464 490 2531 laudatas,
509 2480 580 2533 quae
598 2464 644 2518 hic
662 2463 803 2531 dicuntur,
831 2481 893 2519 cum
912 2463 992 2533 epist.
1010 2470 1043 2518 43
1063 2466 1091 2518 et
1108 2469 1140 2517 tt
1159 2463 1258 2518 Leonis
1276 2465 1312 2518 ad
1331 2465 1456 2519 Theodo-

213 2536 275 2595 *ἰπὶ
290 2549 433 2617 mutulerit,
451 2549 480 2603 in
497 2566 531 2604 eo
549 2549 624 2619 qued
642 2549 768 2619 proxime
786 2550 922 2605 assertum
940 2550 990 2615 est,
1008 2549 1195 2604 Theodosium
1214 2549 1319 2605 scilicet
1336 2551 1457 2628 aLeone

212 2618 288 2713 llere
302 2634 376 2690 inimo
394 2636 562 2705 correptum,
580 2635 649 2689 nihil
667 2635 728 2689 salsi
747 2634 945 2706 deprehendet,
963 2634 1064 2690 nedum
1083 2635 1112 2688 id
1130 2652 1192 2689 eum
1205 2634 1352 2700 Quesuelle
1371 2635 1458 2690 salsis·

212 2719 297 2768 “mum
310 2710 423 2774 mussat.

268 2798 296 2866 ²⁸)
311 2804 469 2875 tegendum
482 2810 628 2866 nummu·
645 2807 705 2859 tum
718 2808 750 2870 ΩΙ
762 2806 796 2870 (2²
814 2812 871 2875 repi
880 2811 1071 2859 ii'auduterum.
1105 2806 1148 2859 ab
1168 2805 1221 2860 hoc
1238 2822 1304 2875 rege
1322 2822 1395 2860 anno
1408 2813 1457 2862 483

207 2866 266 2942 ³1jS
283 2890 311 2940 ‘20
327 2889 370 2945 die
386 2890 513 2961 Eugenio
532 2890 743 2960 Carthaginensi
766 2891 900 2945 traditum
919 2892 960 2944 est
978 2890 1107 2956 edictum,
1126 2889 1169 2943 cni
1186 2890 1233 2944 ille
1251 2890 1370 2960 praesul,
1389 2892 1457 2945 mul

205 2952 275 3023 tque
289 2988 347 3029 eum
364 2992 407 3043 eo,
425 2991 481 3029 nen
499 2974 652 3030 cedendum
671 2977 756 3042 ratus,
775 2975 899 3030 exsilium
914 2994 976 3030 cum
989 2975 1069 3029 sociis
1081 2974 1227 3044 vanasque
1239 2992 1386 3030 aerumnas
1397 2976 1457 3045 pati

201 3040 299 3122 must,
316 3062 345 3116 nt
362 3078 395 3116 cx
413 3059 534 3115 Victoris
546 3061 603 3116 Vit.
621 3061 698 3124 liba
717 3080 743 3115 n.
759 3068 790 3116 13
802 3081 836 3114 ss.
856 3062 952 3114 notum
971 3063 1021 3116 est.
1059 3059 1190 3126 (triumvir
1207 3062 1301 3115 autom
1319 3060 1458 3115 Hunerico

197 3133 266 3221 ΨΟ
279 3146 328 3201 tet
344 3146 480 3202 msfincte
493 3146 705 3202 Guntamendus
717 3165 765 3201 seu
777 3147 979 3201 Gontubondus
997 3147 1056 3216 ejus
1075 3162 1217 3201 successor
1235 3165 1297 3201 cnm
1316 3146 1458 3201 catholicis

194 3208 285 3276 mmm
304 3231 399 3302 egerit,
418 3247 465 3285 ees
483 3232 578 3286 tamen
595 3248 694 3287 vexare
712 3231 846 3286 haeretici
865 3231 988 3301 episcopi
1006 3248 1062 3285 non
1080 3230 1259 3285 desistebant.

254 3304 289 3377 ¹⁷)
308 3317 339 3371 ln
355 3315 478 3386 vulgatis
494 3323 652 3380 resisterent,
670 3317 699 3370 in
714 3335 777 3372 mss
791 3323 919 3384 resistcre,
939 3317 973 3370 Gt
987 3324 1135 3384 consistere,
1154 3314 1187 3380 Q'
1202 3323 1319 3385 eprepius
1335 3322 1459 3372 sacerdes

191 3386 337 3456 b‘'¹⁸1⁴17rter
352 3408 475 3457 resistere
492 3408 622 3460 saeuienti.
660 3402 801 3457 Orationis
819 3402 903 3456 series
921 3401 1066 3458 manifeste
1084 3400 1209 3472 postulat
1226 3408 1354 3457 restitere.

191 3552 194 3563 .
252 3475 289 3548 ⁷⁸)
309 3486 435 3542 Odoacer
447 3485 542 3557 aliqua
553 3503 609 3541 non
620 3488 748 3542 facienda
758 3488 910 3559 praecepit,
929 3505 1014 3557 quum
1027 3505 1100 3543 anno
1112 3493 1163 3542 483
1180 3487 1305 3558 proxime
1323 3490 1388 3558 pest
1405 3489 1459 3544 exi-

191 3556 243 3665 :Q
264 3561 401 3643 Simplicii
423 3589 515 3644 papae
538 3572 676 3643 scriptura
698 3573 776 3639 data,
807 3591 878 3642 qnae
901 3590 974 3628 anuo
992 3579 1041 3628 502
1069 3573 1097 3627 in
1119 3572 1235 3627 cenatio
1258 3573 1384 3628 Romano
1407 3576 1458 3629 sub

191 3641 356 3714 'ymmoche
375 3657 494 3714 recitata
511 3659 562 3726 est,
580 3657 708 3712 interdici
728 3658 879 3715 constituta
898 3658 997 3731 eapitis
1015 3676 1106 3729 poena
1124 3657 1219 3724 voluit,
1242 3674 1276 3712 ne
1299 3657 1357 3714 sine
1375 3658 1460 3730 ipsius

191 3726 393 3799 ”munuum
411 3743 530 3798 Romani
552 3743 690 3814 pontificis
707 3745 787 3799 fieret
805 3744 911 3812 electio,
934 3761 1003 3799 neve
1022 3746 1115 3808 futuro
1133 3743 1258 3814 pontifici
1277 3760 1309 3798 ac
1327 3745 1461 3800 secuturis

191 3794 277 3893 ilum
297 3828 428 3885 eeclesiae
446 3828 593 3900 praedium
612 3829 751 3884 alienandi
768 3831 893 3899 potestas
912 3831 991 3885 esset.
1027 3830 1068 3883 De
1086 3830 1139 3883 hac
1156 3828 1295 3899 scriptura
1312 3829 1459 3898 quominus

191 3879 234 3985 ⁵¹?
251 3899 330 3983 loqui
347 3914 474 3970 Gelusius
491 3914 672 3985 intelligatur,
689 3915 758 3969 nihil
775 3917 859 3982 vetat,
883 3915 1001 3970 maxime
1020 3933 1106 3985 quum
1123 3914 1201 3968 ssiam
1218 3915 1278 3968 tnm
1296 3915 1387 3970 ratam
1405 3934 1459 3971 non

193 3968 278 4047 5²¹⁸&
300 3999 473 4069 sequentium
495 4000 659 4071 pontificum
682 3999 831 4057 elect-iones
856 4019 889 4056 ac
911 4000 1070 4071 praedictae
1094 3999 1192 4070 synodi
1220 3999 1270 4053 snb
1293 4000 1460 4070 Symmacho

198 4063 261 4127 “ld
278 4081 355 4141 tidem
374 4085 486 4153 faciam,
503 4102 555 4141 nec
573 4085 702 4142 dubitare
720 4103 770 4141 nos
783 4086 883 4153 sinant,
901 4103 972 4155 quae
986 4086 1121 4141 habemns
1133 4084 1231 4139 Felicis
1245 4086 1270 4139 H
1288 4087 1375 4154 gesta,
1394 4085 1460 4154 quin

204 4150 265 4211 *ΠΜ
279 4167 408 4241 temperis
426 4170 537 4226 Gelasio
555 4173 721 4244 praecipuus
740 4173 768 4225 in
786 4173 859 4226 clero
882 4174 911 4226 et
932 4171 961 4225 in
979 4171 1117 4226 Ecclesiae
1135 4170 1255 4239 negotiis
1272 4171 1349 4224 locus
1367 4170 1457 4224 scierit.

210 4228 250 4295 ll*
263 4253 339 4309 etiam
357 4256 526 4328 compositus
543 4258 586 4312 est
604 4256 675 4311 illius
694 4275 798 4323 semro,
821 4261 852 4310 nt
874 4256 949 4325 quod
970 4271 1026 4310 non
1048 4256 1136 4323 solus,
1158 4256 1205 4310 sed
1224 4255 1380 4325 quodcum
1399 4255 1459 4308 aliis

217 4319 440 4410 themiscirios,
459 4360 615 4399 memorare
632 4342 767 4398 rideatur¹
804 4341 875 4396 Vide
894 4342 969 4412 apud
987 4341 1184 4411 Symmachum
1202 4340 1309 4410 epistt
1327 4358 1352 4393 n.
1367 4346 1391 4393 t.

271 4422 298 4489 ²⁸)
313 4426 370 4482 Hoc
388 4429 444 4483 eet:
463 4434 625 4498 ediptyctis,
644 4429 676 4481 nt
694 4444 727 4482 er
745 4427 787 4481 his
806 4427 939 4498 epistolae
951 4434 984 4482 ‘tt
997 4426 1137 4496 sequentis
1149 4432 1199 4480 no
1213 4425 1365 4495 colligitur:
1386 4429 1459 4478 Nurr-

225 4506 269 4570 Μ
281 4528 361 4575 emme,
380 4535 443 4584 quus
460 4520 654 4578 memoravimus,
681 4520 797 4583 episcopi
813 4520 963 4583 imperatori
979 4520 1076 4567 mentiti
1090 4524 1156 4573 strat,
1181 4518 1298 4582 ritrruqm'd
1313 4530 1398 4565 omues
1415 4516 1459 4563 im-

224 4601 326 4657 merie
346 4619 434 4653 semea
456 4620 492 4653 ea·
513 4603 641 4667 diptychis
663 4603 836 4653 abstulerunt?
876 4600 982 4653 Horum
1004 4597 1091 4667 igitur
1118 4596 1262 4651 criminum
1288 4596 1460 4666 postremum

223 4672 367 4750 t'sleudieni,
390 4682 512 4754 primam
528 4684 648 4739 Johanni
671 4685 851 4754 affingebant.
889 4685 955 4738 ldeo
977 4685 1072 4738 autem
1090 4682 1308 4748 Calendion‚.ut
1324 4681 1460 4749 Euagrius

219 4763 258 4823 hb·
269 4770 281 4817 3
294 4784 349 4839 cup.
364 4776 395 4823 te
413 4769 518 4836 sentiit,
536 4769 639 4827 Zenoni
656 4770 686 4826 in
704 4771 797 4824 odimn
815 4769 899 4835 venit,
917 4769 983 4839 quia
1001 4774 1053 4825 lut.
1073 4774 1177 4824 Leontii
1194 4779 1218 4822 et
1237 4772 1398 4836 I'umprepii,
1418 4771 1462 4836 qui

213 4854 318 4913 dream
329 4860 452 4911 Zenonem
470 4863 628 4926 tyrannidem
645 4868 817 4926 sumpserunt,
838 4867 930 4924 partes
950 4860 1045 4923 [oense
1067 4857 1274 4919 existimabatur,
1297 4852 1341 4906 rel
1358 4851 1461 4929 potius,

211 4941 242 4999 ut
255 4937 375 4996 observat
391 4940 540 4998 Liberatus
558 4958 618 5012 cap.
634 4945 673 5010 ts,
691 4946 903 5013 praetexebatur.
