3412 5664
269 305 331 370 768
709 320 737 368 s.
752 318 960 367 aerumma
982 316 1097 365 esraa

139 491 168 556 (a
186 492 256 556 sle.)
270 475 397 539 llhristo
425 474 587 559 legatione
614 473 819 557 fungentem:
853 495 919 536 nen
948 469 1117 556 patiamini
1151 471 1192 535 ab
1220 470 1370 555 improbis
1398 487 1512 555 camin

270 575 390 642 Christi
411 575 554 640 membra
576 575 728 659 discerpi3
751 597 831 659 quac
851 573 1046 638 insanabilia
1063 573 1190 657 vidctis,
1215 572 1375 657 abscidite,
1395 578 1425 639 et
1447 606 1501 667 qm

270 701 383 763 aegra,
408 682 526 743 curate.
573 676 638 742 Cur
659 698 740 761 quae
763 699 842 740 sana
865 679 942 740 sunt
963 674 1112 740 invalidis
1135 675 1311 759 conjuncta
1329 676 1496 762 quatiantur?

271 780 401 845 Servate
429 779 589 863 ordinem,
620 801 714 863 quem
743 779 861 843 veritas
869 780 896 865 ³)
924 779 995 861 ipsa
1022 776 1189 862 praefinit,
1220 781 1254 842 et
1275 799 1381 862 pacem
1399 783 1489 865 munh,
1550 784 1552 799 '

270 904 364 966 elnam
386 882 529 967 poscitis,
552 880 746 945 reddidistis.
784 879 875 945 Haec
898 884 929 943 et
952 879 1011 943 sub
1033 879 1196 963 praesenti
1219 879 1380 945 occasione
1394 880 1489 967 deposce
1530 936 1536 951 .

270 988 303 1047 et
329 1006 454 1047 rursum
482 1006 519 1047 ac
547 984 674 1068 saepius
701 981 880 1067 supplicare
910 981 1043 1063 curabo,
1078 1003 1229 1065 sperans,
1264 982 1488 1067 importunitatem

271 1085 353 1149 hanc
375 1107 480 1148 meam
502 1089 535 1149 et
556 1085 624 1149 Deo
653 1106 721 1148 esse
747 1085 940 1167 placituram
968 1087 1001 1147 et
1029 1084 1117 1168 apud
1142 1106 1197 1148 vos
1224 1106 1348 1169 quoque
1370 1106 1417 1169 per
1435 1085 1488 1147 aui·

270 1188 347 1250 duas
370 1187 557 1271 petitiones,
581 1187 732 1272 queniam
754 1187 787 1250 id
810 1209 867 1251 nos
884 1186 1040 1250 Dominus
1062 1185 1186 1268 docuit,
1211 1207 1342 1251 vacuam
1361 1207 1415 1251 non
1430 1186 1488 1249 lutu·
1550 1230 1552 1235 -

269 1311 348 1352 ram.
396 1289 522 1375 Data4).

778 1474 960 1579 Epistola
986 1458 1031 1559 ll

880 1628 929 1666 seu

118 1701 216 1821 lffi
217 1716 256 1835 313,
315 1723 533 1791 asscriptum
553 1726 694 1780 senatus
716 1723 813 1779 man
834 1724 961 1779 acmes
982 1724 1027 1779 aa
1048 1722 1273 1779 maturum
1292 1724 1456 1793 amun

406 1839 468 1893 per
489 1827 745 1894 Theopompum
766 1829 801 1881 et
823 1825 1043 1881 Severianum
1063 1825 1152 1882 vires
1175 1824 1385 1881 clarissimes.

303 1957 389 2006 deeris
406 1959 463 2021 ejm
476 1957 634 2007 Theoderico
652 1965 779 2006 annuente
795 1973 824 2006 re
841 1956 949 2006 libenter
966 1958 1095 2020 paruisse,
1112 1964 1140 2005 at
1156 1973 1253 2022 papea
1269 1974 1319 2021 pro
1333 1956 1467 2022 ponera
1495 1967 1513 2019 p.

304 2049 416 2092 caretur.
453 2043 574 2102 Quantum
590 2044 664 2106 paria
685 2044 794 2093 studium
815 2058 881 2106 prae
903 2057 931 2091 ae
950 2043 1036 2091 tulerit
1054 2042 1204 2095 Ilorrnr'adn.
1240 2042 1318 2103 Quen
1336 2042 1427 2106 iniqua
1437 2042 1467 2091 al.

303 2143 353 2190 pro
372 2130 445 2177 enies
463 2128 556 2177 Acoeti
572 2128 692 2177 memorie
710 2144 726 2176 e
743 2128 854 2177 eantare
871 2128 994 2177 recedere
1012 2126 1049 2189 (n.
1064 2126 1098 2191 Ι).
1139 2127 1254 2193 Denique
1271 2134 1371 2177 senetur
1386 2126 1467 2175 Anarta

422 2213 484 2262 rium
502 2214 581 2276 ipsum
599 2214 635 2262 ed
651 2213 769 2261 unitatem
787 2213 949 2262 ecelesiarum
965 2214 1154 2276 procurandam
1171 2212 1290 2262 hortetur
1307 2210 1382 2276 (nt).

359 2347 386 2408 l.
424 2345 458 2409 si
481 2344 585 2429 prima
607 2366 732 2429 semper
755 2348 819 2428 est,
849 2345 1024 2429 imperator
1050 2344 1186 2427 invicte,
1215 2366 1236 2409 a
1256 2344 1426 2429 regentibus
1441 2362 1489 2425 rap

270 2446 389 2530 plieum
412 2449 558 2531 spectata
585 2447 725 2530 devotio,
761 2448 788 2511 si
817 2447 885 2510 sola
912 2446 1019 2531 gratia
1046 2446 1249 2511 dominorum
1276 2442 1489 2512 conciliatrici

271 2549 395 2633 sequio;
417 2549 639 2613 indubitanter
661 2570 828 2633 agnosces,
852 2569 962 2612 sacrae
980 2548 1136 2631 ‚jussionis
1154 2548 1285 2613 oracula
1304 2552 1414 2634 quanta
1429 2566 1490 2611 scra

271 2657 323 2715 tus
346 2640 443 2714 vestri
466 2650 588 2713 suerint
615 2650 832 2735 gratulatione
859 2654 1026 2734 suscepta,
1060 2651 1198 2715 maxime
1225 2673 1323 2736 quum
1349 2650 1385 2715 ad
1406 2648 1492 2713 hercl

271 2753 397 2817 animus
419 2752 540 2817 domini
562 2753 665 2816 nostri
688 2752 890 2817 invictissimi
920 2752 1006 2837 regis
1028 2751 1217 2818 Theoderici
1244 2752 1302 2817 lilii
1330 2751 1416 2817 vestri
1431 2770 1491 2815 aaa·

270 2857 419 2918 datorum
441 2858 618 2918 vestrorum
640 2854 854 2919 obedientiam
876 2854 1104 2939 praecipientis
1120 2855 1287 2920 accederet
1296 2858 1330 2941 ¹),
1351 2852 1492 2919 ammo

270 2978 366 3041 snper
393 2957 501 3020 emnia
529 2956 685 3020 beneficia
711 2960 817 3020 vestra
842 2960 922 3020 tune
949 2957 1053 3042 magis
1079 2978 1138 3021 nes
1166 2957 1266 3043 erigi,
1299 2978 1391 3042 quum
1410 2954 1493 3039 digna

272 3059 410 3143 creditis,
435 3058 549 3143 quibus
572 3058 688 3122 debeat
708 3059 869 3143 imperari.
911 3058 986 3123 Mox
1007 3059 1109 3143 igitur
1130 3081 1241 3124 sacrae
1262 3059 1365 3124 euno
1378 3053 1493 3142 jm‘om

271 3161 451 3246 implendae
474 3161 693 3226 beatissimum
714 3184 831 3245 papam
846 3160 1051 3226 Hormisdam
1074 3161 1267 3227 credidimus
1287 3157 1494 3245 deprecandum:

271 3264 310 3327 de
331 3285 393 3349 quo
416 3285 529 3346 parum
552 3267 602 3327 est
622 3263 737 3346 dicere,
761 3264 836 3348 quia
857 3267 932 3328 veta
953 3264 1204 3349 supplicantium
1226 3264 1417 3349 benignitate
1432 3278 1494 3344 pm*

272 3367 381 3448 cessit3
404 3365 459 3429 sed
482 3369 515 3429 et
529 3365 695 3430 nobiscum
709 3387 784 3430 siras
799 3387 921 3449 preces,
945 3371 982 3430 ut
995 3366 1079 3452 qued
1093 3365 1268 3431 hortamini
1288 3367 1355 3449 liat,
1374 3360 1495 3447 adjunxit

271 3467 467 3551 evangelicis
490 3468 688 3533 voluntatem
711 3489 801 3532 suam
822 3468 1017 3532 testimoniis
1032 3467 1219 3552 adserendo,
1242 3468 1416 3549 madens,
1433 3483 1497 3528 mun·

271 3570 346 3634 dum
369 3591 465 3654 supra
492 3570 730 3635 multitudinem
756 3573 960 3654 peccaterum
988 3592 1116 3635 suorum
1144 3570 1306 3636 scandalis
1332 3569 1399 3655 plus
1416 3584 1500 3653 grava·
1550 3566 1552 3587 '

141 3656 239 3711 Madd·
271 3677 356 3757 tum,
386 3672 462 3736 dum
484 3694 543 3737 vox
566 3673 609 3737 sit
630 3673 693 3737 ista
721 3673 896 3737 dominica:
925 3679 989 3737 Vae
1008 3679 1121 3739 mendo
1148 3678 1361 3757 emendate:
1386 3674 1416 3735 02
1437 3670 1503 3735 ilem·

133 3726 256 3790 testeis.

339 3947 359 4015 ³)
377 3945 427 3999 Ed.
445 3952 529 4001 renim
601 3951 710 3999 reddite.

339 4031 421 4099 4)Α1.
445 4031 509 4086 add.
533 4036 633 4091 Rornae.
652 4029 727 4100 qued
745 4030 779 4085 G*
794 4034 820 4084 οἵ
839 4030 977 4085 emittrmt.
1018 4030 1057 4086 Ut
1074 4032 1169 4087 autem
1191 4030 1346 4087 coraulmis
1364 4032 1441 4099 neta,
1458 4042 1515 4103 quae

272 4116 385 4173 excidit.
403 4117 577 4186 suppleatur,
595 4115 823 4186 perpendendum
841 4117 896 4169 est:
915 4124 938 4170 1.
958 4116 1105 4187 epistolam
1121 4116 1200 4171 illam
1216 4134 1269 4187 per
1280 4116 1518 4189 Theopompumel

271 4201 459 4267 Severianum,
478 4218 546 4271 ques
557 4200 718 4255 Anastasius
737 4201 855 4255 exeunte
865 4200 939 4254 Julie
957 4218 1052 4255 menae
1069 4200 1136 4257 anni
1148 4207 1199 4255 616
1216 4200 1246 4257 in
1262 4200 1372 4259 llrbsm
1389 4204 1522 4275 legaverat

270 4287 353 4341 luisse
372 4287 551 4352 destinatam
573 4293 597 4340 2.
616 4286 725 4356 legates
742 4286 816 4350 illes,
839 4288 938 4356 utpote
960 4286 1046 4341 laicos
1064 4286 1101 4341 ad
1119 4302 1167 4341 eas
1188 4302 1247 4355 res,
1267 4290 1390 4360 prepter
1412 4304 1477 4357 quaa
1490 4302 1525 4339 er·

270 4372 451 4443 spectabatur
473 4370 591 4442 legatio,
617 4371 779 4426 tractandas
804 4373 889 4441 atquc
911 4371 1117 4442 componendas
1138 4370 1230 4427 minus
1253 4371 1376 4429 idoneor
1397 4372 1528 4431 noman

271 4457 329 4527 ipso
347 4456 426 4527 epist.
445 4463 477 4510 22
495 4475 521 4510 n.
540 4464 555 4509 2
573 4458 654 4510 notat
672 4455 820 4522 exstitisse;
838 4457 965 4525 adeoque
983 4456 1051 4510 nihil
1068 4456 1166 4523 lause,
1185 4474 1235 4511 cur
1252 4473 1304 4513 ees
1323 4459 1473 4515 Homr'nda
1486 4460 1531 4515 llo·

271 4561 332 4597 mae
350 4542 453 4596 diutius
470 4541 615 4597 detineret.
652 4541 787 4607 Quocirca
804 4541 862 4596 veri
881 4544 923 4596 est
939 4540 1122 4610 simillimum,
1139 4558 1188 4597 ees
1205 4542 1311 4599 eodem
1325 4562 1402 4601 aune
1414 4544 1532 4603 eoum

269 4627 416 4698 tinopolim
434 4644 584 4682 remeasse:
603 4630 687 4696 atque
705 4627 776 4682 adeo
795 4626 943 4697 epistelam
960 4626 1032 4680 hanc
1050 4644 1112 4681 cnm
1130 4630 1283 4697 sequente,
1302 4648 1380 4701 qnae
1392 4633 1473 4689 aimm
1487 4650 1541 4705 per·

271 4713 329 4767 lata
351 4715 404 4781 est,
427 4718 507 4768 Petro
525 4721 637 4773 censue,
660 4712 714 4767 hec
736 4714 779 4767 est
800 4728 873 4767 anno
895 4717 945 4767 olo
966 4713 1031 4781 post
1051 4712 1210 4781 Augustum
1232 4730 1366 4772 mensem
1390 4718 1542 4791 cemigaae

270 4796 333 4849 darn
354 4816 419 4851 esse.

272 4888 303 4935 14
339 4885 358 4951 ¹)
377 4884 419 4936 lta
437 4884 472 4937 (1¹¹
486 4887 511 4937 οῦ
524 4888 550 4937 e⁷
563 4888 611 4951 ⁰¹⁰3
630 4885 660 4937 at
678 4886 703 4937 a¹
718 4883 736 4937 b
752 4889 944 4953 praecipientes
961 4889 1122 4943 ascenderet,
