3412 5664
206 317 257 364 ΧΗ
639 309 838 359 PRAEFATIO
862 308 1038 358 romolus.

310 475 343 545 ti.
379 470 456 556 Quo
482 469 603 565 magis
621 469 817 542 dolendum
836 470 904 556 est,
932 467 1030 561 quod
1047 467 1173 541 studia
1189 468 1290 540 omni
1310 472 1478 563 exparte

207 591 476 689 perfectissima
508 588 717 662 Constantii
751 589 796 659 'et
832 586 1014 660 sociorum
1041 586 1136 680 ejus,
1177 610 1273 680 quae
1306 588 1478 682 epistolas

208 710 416 808 pontificias
438 709 521 802 jam
547 730 662 802 usque
689 706 737 778 ad
763 706 952 778 saeculum
978 706 1179 800 septimum
1206 707 1377 800 amplexa
1403 709 1478 780 fue·

208 834 312 917 rant,
354 829 482 922 iniqua
515 827 665 899 fortuna
697 848 812 918 usque
852 824 899 895 ad
931 826 1060 896 nostra
1091 828 1261 918 tempora
1293 826 1480 898 desideriis

209 951 400 1023 doctorum
427 949 624 1041 praerepta
650 946 749 1016 sunt.
790 943 1128 1016 Reverendissimus
1155 943 1215 1015 ille
1241 948 1280 1016 et
1306 969 1391 1017 cum
1409 947 1480 1039 pri·

209 1068 280 1142 mis
305 1066 452 1162 ingenio
484 1069 523 1137 et
555 1062 760 1136 eruditione
795 1061 1016 1156 praecellens
1052 1063 1168 1134 totius
1201 1063 1320 1157 operis
1353 1068 1482 1136 auctor

210 1187 371 1260 Petrus
390 1183 706 1270 Coirstantius,
735 1181 834 1253 edito
852 1183 955 1252 tomo
973 1181 1102 1275 primo,
1123 1179 1482 1254 dieXVlllOetobris

211 1305 300 1378 anni
322 1305 416 1375 1721
446 1303 484 1373 in
511 1302 573 1374 illo
599 1301 813 1373 litterarum
839 1299 943 1394 asylo
966 1300 1192 1373 monasterio
1209 1325 1238 1373 s,
1258 1299 1432 1374 Germani
1459 1327 1483 1374 a

212 1423 335 1496 Pratis
362 1425 482 1494 morte
509 1423 750 1515 praematura
783 1419 953 1492 sublatus
988 1423 1055 1492 est.
1111 1417 1231 1502 Quum
1264 1423 1391 1493 autem
1418 1445 1483 1515 pro

214 1541 468 1638 prosecutione
486 1540 650 1633 ejusdem
667 1539 786 1633 operis
805 1538 1035 1632 amplissima
1052 1538 1177 1609 studia
1195 1538 1351 1627 fecisset,
1370 1540 1484 1611 immo

214 1660 416 1734 secundum
443 1663 481 1732 et
508 1659 664 1731 tertium
696 1661 842 1729 tomum
869 1657 952 1750 J‘am
987 1657 1062 1730 sere
1096 1656 1277 1729 edendum
1304 1663 1482 1752 parasset,

214 1780 309 1852 alter
335 1778 499 1872 ejusdem
517 1776 812 1871 congregationis
836 1776 953 1848 frater
979 1775 1148 1869 illiusque
1170 1776 1251 1869 jam
1278 1776 1420 1870 pridem
1447 1777 1485 1847 in

214 1900 285 1971 hac
312 1898 392 1991 ipsa
424 1919 463 1968 re
496 1897 614 1968 socius
643 1892 793 1966 Simon
819 1893 1096 1989 Mopinotius
1131 1895 1304 1967 ultimam
1332 1919 1485 1967 manum

215 2018 249 2091 ei
276 2016 471 2088 admovere
497 2014 623 2087 subiit.
663 2012 802 2086 Verum
829 2017 867 2086 et
894 2014 971 2107 ipse
997 2037 1083 2086 mox
1111 2037 1207 2086 anno
1234 2014 1371 2086 aetatis
1397 2038 1486 2085 suae

216 2135 407 2231 trigesimo
440 2156 535 2206 nono
568 2134 626 2206 die
659 2131 710 2202 XI
736 2130 902 2205 Octobris
936 2133 1024 2205 anni
1056 2134 1152 2204 tiit
1186 2156 1334 2205 emstmt
1367 2133 1487 2205 finivit

216 2257 433 2326 humanum.
475 2250 643 2345 Suscepit
668 2251 803 2324 tertius
829 2252 993 2324 laborem
1011 2251 1285 2324 sollertissimus
1304 2253 1364 2324 ille
1382 2277 1487 2325 anec-

218 2374 388 2446 dotorum
416 2371 585 2444 collector
612 2369 803 2441 Ursinus
829 2368 1088 2459 Durandus,
1123 2374 1161 2442 et
1188 2371 1388 2444 secundum
1415 2375 1487 2443 ter-

219 2493 388 2585 tiumque
415 2494 535 2562 tomos
557 2490 638 2581 jam
657 2488 812 2560 edendos
831 2489 1047 2583 perfecerat,
1075 2493 1252 2583 quartum
1280 2514 1418 2585 magna
1444 2514 1487 2562 ex

219 2590 326 2706 parte
344 2611 643 2703 praeparaverat.
679 2607 806 2700 Neque
825 2609 892 2681 hoe
908 2608 1056 2701 quidem
1076 2609 1285 2703 inooeptum
1314 2609 1360 2681 ad
1379 2610 1487 2681 tinem

219 2729 448 2825 perductum,
483 2747 541 2799 res
567 2726 686 2799 denuo
713 2712 842 2799 nescio
859 2751 934 2821 qua
960 2750 1072 2799 causa
1098 2728 1136 2799 in
1163 2728 1344 2801 incertum
1373 2728 1490 2800 dilata

221 2852 288 2922 est.
342 2846 433 2920 Fere
466 2846 645 2940 suspicor,
684 2849 766 2917 tum
799 2847 929 2919 turbas
962 2845 1247 2936 Jansenistieas,
1289 2847 1328 2917 in
1358 2847 1490 2940 quilius

221 2968 341 3040 dietus
373 2965 491 3037 editor
524 2965 734 3058 implicatus
775 2969 873 3052 erat,
921 2968 1003 3037 tum
1043 2966 1350 3038 violentissimam
1389 2966 1488 3037 illam

222 3110 345 3159 rertmt
372 3083 604 3179 publicarum
637 3085 675 3154 in
703 3084 823 3171 Gallia
848 3084 1092 3173 eversionem,
1126 3109 1221 3178 (ittae
1253 3109 1338 3156 mox
1364 3089 1491 3158 secuta.

223 3209 290 3294 est,
320 3206 356 3275 in
385 3204 494 3296 culpa
521 3202 643 3275 fnisse.
690 3203 759 3275 Sed
782 3204 903 3296 juvat,
932 3203 977 3275 de
1004 3204 1060 3274 his
1079 3204 1175 3276 eruis
1194 3204 1307 3298 ipsius
1328 3203 1490 3276 [iurandi

224 3323 337 3396 verba
364 3323 538 3410 audiisse,
575 3345 669 3415 qumr
696 3345 761 3415 pro
789 3322 1018 3416 praefatione
1045 3322 1215 3393 editionis
1242 3346 1331 3394 suae
1358 3324 1490 3417 posuit,

223 3465 389 3536 quaeque
416 3441 514 3512 inter
541 3443 766 3513 memoratas
793 3439 1000 3513 Constantii
1026 3441 1177 3514 schedas
1204 3444 1453 3514 asservantur.

506 3638 630 3719 (Ursini
656 3638 814 3722 Durandi)
837 3649 1007 3705 Praefatio
1030 3649 1208 3717 generalis.

312 3777 340 3839 7.
379 3784 486 3840 Plures
503 3786 568 3856 jam
592 3787 663 3839 atriti
685 3791 759 3853 sant,
784 3800 824 3840 ex
846 3803 901 3857 qao
924 3788 952 3840 in
972 3787 1065 3841 lacem
1085 3787 1193 3856 prodiit
1205 3789 1317 3857 primas
1333 3802 1423 3842 tiarae
1438 3788 1493 3842 edi·

227 3873 310 3927 tionis
332 3872 517 3941 epistolarum
547 3886 718 3924 summorum
743 3871 912 3941 pontificma
941 3877 1046 3940 tomas,
1077 3873 1211 3926 eximium
1239 3873 1396 3927 doctissimi
1423 3888 1495 3943 opas

228 3955 393 4011 Constantii.
438 3955 472 4009 ln
496 3970 528 4010 eo
551 3970 639 4026 opere
662 3970 714 4010 saa
739 3957 925 4026 epistolarum
954 3959 1047 4011 textui
1069 3960 1201 4013 restituta
1223 3959 1352 4027 puritas,
1382 3961 1495 4012 natirns

227 4041 356 4096 redditas
378 4043 462 4108 nitor,
487 4047 572 4096 notae
595 4041 724 4108 criticae,
744 4043 887 4111 praeciae
909 4042 1114 4097 admonitiones
1135 4044 1251 4114 aliaque
1267 4045 1369 4110 omnia,
1384 4043 1496 4114 'quibas

228 4127 301 4181 daec
324 4127 489 4181 illustratur
512 4130 539 4179 et
560 4127 713 4197 insipnitar
735 4125 827 4192 editio,
850 4126 935 4196 fidem
952 4128 1018 4196 jam
1031 4125 1134 4198 fecere
1150 4126 1278 4182 omnibns
1292 4143 1374 4181 suam
1388 4128 1493 4197 pienis-

229 4213 296 4265 sime
318 4210 459 4265 liberasse
482 4215 638 4276 auctorem,
669 4225 723 4265 nec
745 4212 773 4265 in
798 4213 894 4281 operis
917 4210 1017 4282 fronte
1038 4213 1195 4282 pollicitam
1217 4212 1371 4284 quidquam
1391 4210 1494 4282 faisse.

229 4296 305 4368 qaod
324 4298 354 4350 in
378 4310 465 4365 opere
489 4300 545 4350 toto
569 4296 790 4350 cumulatissime
813 4313 870 4351 noa
891 4296 985 4367 suerit
999 4302 1166 4353 exsecutus.
1199 4296 1288 4352 iliram
1303 4299 1332 4350 in
1349 4299 1419 4352 votis
1434 4313 1497 4353 esse

228 4386 357 4452 poterat,
383 4382 494 4435 scilieet
518 4386 547 4434 at
570 4381 646 4452 qnod
668 4386 724 4435 tam
744 4380 828 4452 felici
849 4395 987 4437 successa
1010 4388 1161 4452 coeperat,
1186 4385 1247 4452 ipse
1270 4382 1445 4450 absolveret,
1470 4389 1497 4436 et

230 4467 280 4538 qai
299 4468 421 4537 primam
445 4467 528 4535 operi
548 4483 662 4520 mantem
686 4466 862 4530 admoverat,
887 4468 956 4520 idem
974 4467 1137 4522 admoveret
1152 4473 1320 4522 extremam.
1356 4467 1497 4538 Suprema

230 4566 328 4607 reram
352 4550 470 4606 Domino
494 4552 581 4605 aliter
605 4552 692 4606 risam
714 4556 765 4605 est,
815 4551 964 4606 Virenim
989 4566 1003 4604 e
1023 4553 1108 4621 prelo
1128 4554 1240 4620 primas
1268 4555 1384 4607 erierat
1407 4557 1498 4607 tomus

231 4638 287 4699 itte,
311 4653 397 4708 qaam
420 4651 497 4690 mors
519 4652 621 4707 mapao
644 4637 780 4692 bonoram
802 4637 1007 4708 doctorumque
1029 4639 1151 4691 omnium
1167 4652 1297 4693 moerore
1320 4652 1373 4691 nec
1397 4639 1499 4692 minori

231 4723 275 4776 rei
295 4721 458 4775 litterariae
480 4721 584 4775 damno
606 4721 722 4776 abstulit
745 4722 884 4777 eruditam
902 4724 992 4778 viram
1008 4728 1065 4775 tam
1078 4724 1187 4792 pietate
1203 4728 1259 4777 tarn
1275 4723 1406 4777 doctrina
1424 4739 1497 4778 corn-

232 4805 428 4866 mcndandam
452 4806 504 4860 sed
524 4807 669 4878 sinptdari
688 4808 827 4876 imprimis
849 4809 1047 4879 exquisitaque
1070 4809 1186 4862 critices
1205 4815 1299 4880 pastu,
1324 4808 1412 4877 cujas
1434 4809 1498 4862 oiim

233 4890 425 4947 mendatium
448 4893 590 4962 specimen
614 4891 734 4948 dederat
753 4893 781 4946 in
805 4892 990 4948 emendandis
1011 4891 1121 4948 Hilarii
1142 4893 1286 4964 operibus,
1312 4897 1342 4946 nt
1363 4894 1495 4958 omittam,
