3412 5664
360 311 423 379 212
821 326 848 373 s.
866 324 1034 373 srnemcn
1057 324 1171 371 aaran:

254 499 349 549 ratos.
363 505 487 567 cunque
510 482 663 566 potueris
686 502 744 564 pro
768 480 893 544 uanitate
916 478 1074 543 catholica
1097 484 1129 543 et
1152 499 1209 562 pro
1232 479 1376 562 paternis
1392 476 1648 542 definitionibus

361 588 494 651 suadere
527 608 592 649 non
626 605 752 647 renuas.
805 583 889 647 Data
923 583 1032 647 Idibus
1058 580 1154 646 Juliis
1182 580 1333 646 Severius
1361 580 1430 645 niro
1459 579 1649 644 clarissimo

362 688 500 756 consule.

864 838 1046 941 Epistola
1073 839 1127 921 19.

218 977 350 1105 (iiiiii
430 976 610 1061 Simplicii
633 992 743 1059 papae
765 974 809 1040 ad
832 975 1006 1041 Zenonem
1030 975 1287 1058 imperatorem
1308 973 1578 1056 fragmentum.

399 1117 545 1182 Respondet
564 1119 728 1181 imperatoris
746 1119 778 1166 dc
796 1116 938 1178 rejiciendo
955 1115 1071 1165 debrians
1089 1123 1114 1165 et
1132 1115 1301 1179 promouendo
1321 1115 1399 1163 Petro
1415 1115 1608 1179 postulationi.
1657 1128 1697 1193 pi

427 1239 521 1299 Incipit
539 1237 649 1298 epistola
667 1240 771 1285 ranetm
789 1236 926 1283 memoriae
945 1235 1070 1297 simplicii
1087 1248 1169 1297 papae
1187 1234 1219 1282 nti
1235 1234 1360 1283 Zenonem
1374 1232 1576 1297 inperatorem.

806 1322 877 1370 Inter
895 1325 981 1369 cetera
999 1324 1025 1368 et
1042 1320 1076 1367 nd
1092 1320 1184 1368 locum.

445 1438 507 1503 Sed
531 1438 600 1522 jam
623 1436 786 1500 veniamus
813 1436 853 1500 ad
876 1458 940 1519 eos,
967 1457 1103 1521 >quorum
1130 1457 1228 1499 unum
1256 1458 1275 1498 a
1302 1434 1470 1519 pontificio
1494 1434 1646 1503 Alexan·

360 1538 472 1604 drinae
496 1539 648 1604 ecclesiae
672 1538 909 1621 secludendum,
933 1538 1069 1602 alterum
1091 1538 1166 1601 huic
1188 1535 1437 1622 praeficiendum
1451 1538 1645 1623 tranquilli·

361 1642 440 1707 tatis
462 1646 537 1706 tuae
560 1636 681 1724 sc‘ripta
710 1641 933 1725 pronuntiant,
961 1664 999 1705 ac
1021 1640 1134 1724 primo,
1159 1640 1186 1703 si
1208 1639 1315 1723 placet
1337 1640 1513 1727 persona¹)
1537 1638 1644 1725 Petri,

359 1744 509 1808 meritum
532 1743 758 1827 expendamus.
796 1742 956 1808 Nimirum
978 1743 1031 1806 hic
1053 1746 1102 1806 est
1117 1742 1261 1825 complex
1276 1740 1456 1825 parricidae
1471 1740 1646 1809 Timothei

360 1851 393 1911 et
415 1846 527 1910 exsilio
549 1845 744 1928 sempiterno
767 1849 873 1910 vestra
888 1866 1012 1929 quoque
1024 1846 1167 1930 jussione
1183 1843 1400 1929 dignissimus.
1439 1840 1507 1909 Hic
1525 1850 1645 1913 emitte

359 1948 527 2012 veritatem
555 1947 762 2011 militantium
789 1948 892 2012 socias
920 1969 1045 2032 semper
1071 1951 1104 2011 et
1130 1946 1251 2011 doctor.
1296 1944 1370 2031 Hie,
1400 1944 1440 2009 de
1467 1968 1537 2031 quo
1561 1948 1641 2013 Ale-

360 2049 519 2113 xandrina
548 2050 626 2114 urbe
659 2050 807 2135 pellendo
838 2073 932 2134 saepe
960 2072 1011 2113 me
1033 2048 1149 2112 litteris
1172 2071 1302 2134 rogasse
1324 2070 1390 2113 non
1413 2048 1553 2113 dubium
1576 2056 1645 2133 est;

360 2151 414 2235 qui
436 2151 462 2215 si
487 2155 570 2215 essct
591 2155 697 2216 rectae
719 2152 803 2234 fidei,
832 2152 865 2215 in
890 2152 1048 2216 catholica
1070 2152 1178 2236 utique
1202 2151 1426 2215 communione
1447 2152 1643 2219 mansisset.

360 2252 450 2328 Quod
473 2253 500 2317 si
523 2253 563 2317 ad
586 2276 656 2318 cam
678 2276 780 2339 nuper
803 2254 1019 2319 emendandus
1043 2254 1176 2339 accedit,
1206 2246 1300 2338 l'1002)
1331 2253 1400 2337 ipso
1430 2252 1487 2317 diu
1517 2256 1644 2321 retenti

361 2356 546 2421 confutatur
568 2356 694 2420 erroris.
739 2356 841 2431 Quam
863 2361 972 2421 tamen
995 2356 1250 2449 emendationem
1272 2356 1300 2421 si
1323 2356 1373 2420 vel
1394 2376 1485 2421 nune
1509 2356 1645 2424 sincere

360 2462 468 2521 mente
483 2440 690 2542 perquireret,
707 2457 960 2522 satisfactionem
978 2462 1209 2543 consequenter
1225 2458 1368 2523 afferret:
1391 2458 1497 2537 non³)
1514 2462 1645 2545 expetit

360 2558 563 2645 dignitatem,
593 2560 645 2643 qui
674 2562 747 2643 post
768 2560 1009 2643 poenitudinem
1036 2560 1239 2646 indulgentia
1261 2560 1377 2647 dignus
1399 2563 1458 2644 est,
1490 2582 1560 2627 non
1585 2562 1643 2629 ha
1676 2612 1689 2631 .

360 2684 449 2727 nore.
487 2661 592 2744 Absit,
617 2664 652 2724 ut
674 2663 742 2746 ejus
764 2662 870 2747 saluti,
894 2662 921 2724 si
937 2662 1105 2747 resipiscit,
1130 2662 1306 2728 invideam:
1330 2664 1540 2749 complector,
1566 2662 1643 2730 hor·

358 2767 411 2828 tor
438 2768 471 2828 et
495 2762 629 2850 gaudeo,
659 2763 886 2848 gloriosissime
914 2765 1103 2849 imperatam
1131 2765 1184 2828 sed
1215 2763 1269 2830 diu
1297 2766 1471 2851 pravitatis
1502 2766 1643 2835 vnlnere

252 2898 273 2919 κ
360 2866 502 2931 sauciato
524 2864 701 2929 medicinae
726 2866 817 2930 venia
840 2866 1003 2951 competit,
1027 2890 1092 2930 non
1115 2869 1295 2951 potcstatis.
1334 2868 1424 2933 Tunc
1447 2870 1542 2937 enim
1565 2870 1642 2937 reli·

358 2968 465 3053 gionis
493 2967 612 3054 poterit
637 2969 827 3052 nuncupari,
857 2970 884 3032 si
911 2970 1121 3052 perversitate
1149 2969 1302 3034 damnata
1331 2971 1371 3035 ad
1398 2994 1518 3037 sanam
1539 2973 1642 3039 fidem

358 3090 500 3133 remeare
516 3070 738 3155 praeelegerit.
773 3071 925 3156 Alioquin
941 3071 1148 3135 manifestum
1170 3076 1228 3155 cst,
1253 3095 1325 3137 cum
1346 3076 1641 3141 mensurationem

358 3172 479 3257 proprii
501 3172 680 3236 desiderare
702 3171 877 3258 languroris,
900 3173 955 3237 sed
978 3174 1099 3238 ambire
1113 3174 1290 3259 fastigium,
1315 3176 1548 3259 quo-perfidiae
1560 3200 1641 3245 suae

358 3274 444 3337 virus
466 3275 590 3339 miseris
616 3274 834 3339 animantibus
862 3276 1074 3340 confidentius
1103 3276 1314 3363 licentiusque
1341 3278 1506 3345 diffundat
1534 3284 1571 3345 et
1600 3280 1641 3347 de

358 3375 519 3459 superiore
541 3375 611 3441 loco
633 3376 733 3441 multo
748 3377 918 3442 violentius
933 3379 967 3443 in
983 3380 1169 3443 servitutem
1185 3379 1376 3445 catholicam
1391 3379 1525 3467 redigat
1540 3382 1639 3449 liber·

358 3480 468 3540 tatem.
506 3476 629 3553 Quaeso
651 3479 775 3561 demde,
800 3481 855 3563 qui
877 3481 945 3563 ejus
968 3481 1131 3566 provectui
1154 3482 1385 3568 suffragentnr3
1408 3487 1441 3546 et
1463 3504 1522 3549 eos
1537 3486 1639 3551 audio

359 3598 426 3642 esse
455 3579 722 3645 archimandritas
751 3586 783 3645 ct
811 3582 983 3647 monachos
1012 3585 1062 3647 vel
1090 3583 1116 3646 si
1145 3584 1199 3668 qni
1227 3588 1304 3648 sunt
1331 3583 1398 3667 alii,
1425 3586 1484 3670 qui
1514 3610 1590 3653 sese
1618 3614 1638 3655 a

358 3685 578 3748 communione
601 3683 759 3748 catholica
780 3689 1018 3769 separaverunt.
1056 3684 1180 3750 Horum
1202 3707 1279 3772 ergo
1300 3686 1526 3755 testimonium
1551 3714 1639 3757 com·

357 3784 556 3868 probandum
579 3790 642 3852 cst:
665 3788 831 3872 quonum)
855 3788 1053 3853 admittenda
1075 3811 1223 3874 persona,
1247 3789 1362 3874 quibus
1384 3810 1489 3857 sanae
1508 3782 1590 3859 fi'dei
1605 3800 1638 3860 et

424 3958 444 4023 ¹)
462 3953 545 4011 Forte
563 3957 713 4025 legendum
730 3968 865 4027 personam
883 3963 958 4013 Petri
974 3965 1072 4014 circuito.
1108 3960 1196 4014 Porro
1220 3965 1252 4014 de
1275 3965 1393 4028 pellendo
1410 3980 1448 4016 err
1466 3966 1533 4019 arte
1553 3968 1638 4021 Petra

356 4043 491 4109 quantam
508 4040 664 4111 Simplicius
682 4043 863 4111 laboraverit,
882 4045 1059 4099 conferantur
1076 4044 1162 4114 ipsius
1181 4044 1315 4115 epistolae
1333 4052 1365 4100 10
1376 4064 1404 4100 n.
1418 4052 1447 4113 2,
1467 4052 1543 4104 11ιι.
1559 4056 1639 4117 2,1·1

357 4132 400 4193 1³,
420 4133 450 4180 le
467 4144 493 4179 n.
513 4134 542 4193 2,
561 4134 592 4182 18
609 4146 634 4181 ιι.
648 4135 671 4193 3,
690 4126 788 4182 Felicis
805 4129 830 4181 ll
849 4128 928 4197 epist.
950 4138 962 4182 1
981 4148 1007 4183 n.
1026 4137 1055 4196 2,
1072 4142 1137 4198 pest.
1157 4136 1190 4183 de
1208 4151 1270 4185 nom.
1290 4135 1383 4185 ,tercii
1399 4148 1425 4185 ιι
1447 4138 1491 4187 11.
1529 4132 1591 4191 sed
1608 4142 1637 4191 et

355 4210 493 4264 Zenonem
511 4211 603 4281 ipsum
620 4213 697 4266 illum
715 4212 794 4267 initio
813 4213 914 4283 expelli
928 4204 1055 4283 jussisse,
1081 4232 1114 4268 ex
1132 4214 1265 4271 Liberata
1282 4214 1359 4271 brev.
1373 4232 1396 4270 c.
1411 4222 1445 4271 re
1464 4218 1601 4277 vidimus.

422 4299 443 4364 ²)
463 4296 505 4349 lta
522 4297 640 4363 mutavi,
660 4298 735 4366 qnod
752 4298 781 4351 in
800 4297 866 4352 edit.
885 4304 932 4354 tec
949 4305 1037 4368 iprum.

423 4384 433 4413 ³
434 4392 444 4448 J
461 4380 567 4435 Eadem
579 4383 718 4437 sententia
729 4383 888 4451 saepissime
900 4384 928 4437 in
940 4384 992 4439 hac
1005 4402 1089 4439 causa
1100 4386 1230 4452 recurrit;
1249 4380 1282 4441 ci.
1296 4387 1377 4458 epist.
1393 4392 1424 4443 18
1437 4406 1467 4444 ιι.
1481 4396 1500 4447 a
1512 4394 1589 4459 (not.
1600 4398 1637 4465 t).

354 4464 437 4519 Felic.
457 4466 481 4520 11
500 4467 578 4536 epist.
600 4474 673 4521 1511.
694 4476 717 4521 3.

422 4554 442 4619 ⁴)
460 4551 545 4607 Forte
562 4552 711 4621 legendum
729 4558 857 4624 quorsum,
877 4558 927 4610 ant
944 4556 967 4609 si
986 4577 1089 4627 peronem
1107 4558 1256 4623 retinetur,
1270 4557 1332 4627 jam
1349 4558 1403 4613 hac
1420 4559 1452 4613 in
1469 4564 1561 4631 parte
1571 4566 1636 4620 aab

354 4634 468 4690 auditur
485 4658 535 4692 noa
552 4645 673 4707 suppetit,
691 4639 735 4693 vcl
752 4640 883 4709 ponenda
900 4642 942 4695 est
959 4640 1142 4711 interrogatio
1161 4642 1294 4712 negativa
1305 4646 1348 4711 (nt
1359 4642 1389 4697 in
1400 4642 1460 4700 Fel.
1475 4646 1503 4701 11
1520 4648 1633 4719 epistt

353 4737 380 4772 n.
396 4727 446 4787 13).
482 4721 545 4775 Mox
560 4728 625 4791 fidei
641 4734 666 4777 et
683 4724 851 4779 correximus
868 4727 940 4793 (loco
949 4733 1014 4796 fidei
1024 4738 1082 4795 ert).
1122 4728 1215 4783 Etiam
1230 4740 1305 4799 perta
1322 4735 1355 4784 de
1372 4750 1439 4786 nour.
1460 4736 1562 4789 Aeacii
1577 4742 1635 4791 rn'i

354 4810 520 4872 incinerant,
537 4814 659 4876 plurimos
676 4830 720 4863 reu
738 4816 845 4865 ciericos
861 4832 906 4866 seu
923 4819 1058 4868 annonarios
1073 4834 1118 4867 seer
1137 4822 1277 4870 saecularia
1294 4822 1361 4869 uitae
1375 4820 1493 4873 tornines
1508 4824 1552 4875 ad
1560 4842 1635 4885 ,eon-

353 4899 489 4945 mum'oncm
508 4897 627 4947 ‹amota-i
643 4900 759 4963 episcopi
780 4899 902 4951 itnmtlret
918 4905 1027 4955 notasse
1043 4906 1144 4969 penitas
1161 4908 1313 4956 conterruit-e..
