3412 5664
516 133 710 184 neisronsa
733 122 878 195 22-24.

574 322 756 426 Epistola
782 322 840 406 24.

141 473 352 542 Hormisdae
375 493 487 559 papae
510 475 553 540 ad
576 475 776 542 iohannem
797 472 1026 539 Illicitanum
1048 474 1264 556 episcopum.
1355 468 1479 607 121211)ζὲ

10 621 39 668 ἱ.
106 615 229 664 Libenter
245 630 272 665 se
290 617 322 665 de
339 617 406 665 iltius
424 618 449 664 ia
467 616 571 665 Italiam
589 617 697 665 adaeaia
715 616 841 664 audiuisse
865 620 890 664 et
905 611 1019 678 protare
1046 615 1103 675 ejas
1125 614 1252 677 proficiet
1268 615 1305 662 ia·

104 702 225 762 tegritate
241 702 358 754 stadium.
393 702 446 750 Per
462 702 608 751 Cassianam
626 702 758 750 diaeoaam
774 714 802 749 se
818 700 951 763 generalia
968 700 1105 748 constituta
1123 706 1149 748 et
1165 705 1251 748 certas
1267 700 1304 747 ia·

103 786 258 836 structiones
275 787 307 834 de
327 785 480 835 Graecarraa
498 803 576 835 eausa
594 787 629 834 ad
645 785 781 848 Hispanas
798 785 919 834 ecclesias
937 785 1064 833 diremisse
1081 783 1216 847 signifieat.
1252 784 1305 832 De-

199 873 274 936 nique
291 872 358 920 vices
376 873 400 920 ei
415 887 476 920 suas
492 872 632 920 reservatis
647 870 789 935 privilegiis
806 869 1056 932 metropolitanensis
1073 870 1210 918 committit.

224 1002 503 1067 Dilectissimo
524 1002 648 1066 fratri
670 1000 848 1066 iohanni
869 999 1091 1065 Hormisda.

159 1123 188 1186 1.
225 1121 317 1186 Fecit
344 1121 473 1186 dilectio
500 1126 557 1186 tua
585 1143 654 1186 rem
681 1121 808 1185 caritati
836 1124 868 1184 et
894 1120 968 1184 fidei
992 1123 1236 1206 congruentem,
1270 1125 1307 1187 ut
1315 1122 1340 1210 ¹)

72 1223 246 1288 adventum
269 1224 309 1287 ad
331 1223 462 1288 Italiam
484 1245 576 1288 suum
598 1223 690 1287 nobis
712 1223 842 1287 directis
864 1222 983 1287 litteris
1004 1221 1173 1307 indicaret,
1206 1228 1341 1309 atquae

71 1326 107 1389 in
128 1329 163 1390 te
185 1325 228 1389 sit
250 1347 374 1390 summa
395 1326 566 1410 religiosae
588 1325 764 1390 voluntatis
786 1324 979 1389 ostenderet.
1025 1325 1131 1409 Atque
1152 1326 1279 1391 utinam
1301 1327 1341 1391 ad

72 1424 225 1510 plenioris
248 1427 380 1491 affectus
403 1428 586 1491 satietatem
608 1426 809 1510 praesentiae
831 1430 905 1490 tuae
931 1426 1025 1490 nobis
1047 1426 1166 1511 gaudia
1189 1428 1341 1516 contigis-

74 1529 161 1611 sent,
191 1529 261 1615 ut²)
284 1529 522 1613 gratularemur
543 1551 601 1592 nos
624 1529 692 1611 ejus
714 1528 839 1612 eloquio
860 1528 942 1609 frui,
972 1550 1066 1612 quem
1088 1528 1134 1592 ita
1156 1550 1263 1594 sumus
1284 1552 1342 1614 per

73 1629 193 1714 scripta
217 1631 390 1715 complexi!
435 1631 555 1695 Verum
578 1630 675 1694 etiam
701 1630 861 1714 probasti,
896 1629 1100 1694 dilectissime
1127 1630 1243 1715 frater,
1279 1653 1341 1716 quo

74 1729 289 1796 Christianam
311 1732 406 1797 fidem
427 1731 588 1797 venereris
604 1732 729 1816 affectu,
754 1732 829 1795 dum
845 1754 893 1813 ea,
917 1753 997 1816 quae
1013 1731 1053 1795 ad
1068 1734 1197 1817 regulas
1212 1736 1342 1819 patrum

74 1833 236 1918 pertinent
258 1836 292 1898 et
313 1834 353 1898 ad
374 1835 527 1898 mandata
550 1834 723 1916 catholica,
752 1833 821 1897 sine
844 1832 952 1917 aliqua
975 1833 1063 1917 cupis
1086 1836 1341 1920 transgressione

75 1935 209 1999 servari:
231 1957 375 2018 sperone,
399 1939 436 1999 ut
456 1936 638 2020 prorogatis
661 1935 864 2020 generalibus
888 1935 928 1999 ad
943 1933 1176 2018 Hispanienses
1191 1937 1342 2001 ecclesias

75 2035 272 2120 constitutis,
296 2037 413 2121 quae³)
437 2041 493 2101 aut
514 2037 734 2122 negligentius
757 2041 813 2100 aut
834 2037 1044 2121 irreligiosius
1065 2033 1165 2120 fiunt,
1195 2038 1342 2103 ecclesia-

74 2138 162 2204 sticis
183 2137 363 2222 disciplinis
387 2141 598 2224 congruentia
620 2139 811 2203 sanciamus.
842 2138 992 2222 Amplexi
1001 2139 1027 2222 ⁴)
1051 2161 1158 2203 sumus
1180 2131 1342 2224 captatam

73 2238 165 2304 istius
187 2239 336 2304 desiderii
358 2240 556 2306 facultatem.
591 2241 673 2317 Quid
697 2241 782 2306 enim
804 2243 861 2303 aut
882 2240 975 2304 nobis
997 2240 1131 2324 dulcius,
1155 2264 1252 2326 quam
1270 2264 1342 2307 cum

74 2339 219 2406 fidelibus
240 2341 343 2426 loqui,
373 2343 627 2428 anapaestus,
657 2365 753 2427 quam
781 2342 945 2406 deviantes
975 2343 1015 2406 ab
1044 2365 1149 2408 errore
1171 2343 1343 2408 revocare?

74 2440 259 2508 Salutantes
280 2444 392 2529 igitur,
418 2445 551 2509 caritate
560 2445 586 2529 ⁰)
610 2467 672 2530 qua
689 2444 869 2528 jungimur,
893 2466 950 2527 per
963 2442 1151 2509 Cassianum
1173 2445 1343 2511 diaconum

73 2547 164 2608 tuum
185 2544 416 2631 significamus,
440 2569 498 2611 nos
522 2547 672 2611 direxisse
696 2546 860 2631 generalia
884 2547 1068 2629 constituta,
1096 2546 1210 2631 quibus
1232 2546 1282 2611 vel
1305 2569 1343 2612 ea

73 2667 154 2732 quae
172 2646 269 2730 juxta
291 2670 430 2713 canones
453 2649 573 2713 servari
596 2647 735 2712 debeant
757 2650 975 2731 competenter
997 2648 1163 2732 ediximus,
1185 2648 1236 2712 rel
1258 2650 1343 2714 circa

74 2769 137 2831 eos,
161 2749 218 2834 qui
239 2771 278 2813 ex
302 2749 386 2814 clero
409 2750 603 2815 Graecorum
626 2750 775 2832 veiiiunt,
801 2771 895 2833 quarn
918 2748 1030 2814 haberi
1057 2753 1204 2833 oporteat
1225 2751 1343 2815 cautio-

72 2871 165 2935 nem,
196 2850 396 2916 suificienter
428 2852 647 2917 instruximus
699 2851 760 2916 Sed
790 2856 823 2915 et
851 2872 965 2914 causae
992 2851 1092 2934 ipsius
1120 2852 1265 2916 ordinem
1294 2853 1342 2917 in-

72 2952 267 3017 structiones
275 2952 301 3038 7)
331 2953 503 3036 adjunctae
535 2955 574 3018 de
607 2953 733 3017 scriniis
762 2952 986 3016 ecclesiasticis
1013 2975 1068 3017 vos
1097 2953 1273 3038 docebunt,
1306 2957 1344 3019 ut

71 3062 288 3139 agnoscentes
311 3058 344 3118 et
363 3055 534 3139 impiorum
554 3054 843 3140 transgressionem
864 3057 897 3118 et
918 3053 1110 3137 apostolicae
1132 3056 1215 3120 sedis
1233 3078 1343 3122 curam

67 3333 104 3383 24
141 3329 163 3397 Ι)
180 3327 209 3381 J¹
227 3340 254 3383 et
270 3335 400 3383 aduentam
419 3334 454 3382 ad
474 3333 505 3382 It.
524 3349 592 3382 stiam
611 3350 635 3384 a.
654 3333 753 3382 dilectis
825 3331 941 3380 iudicare
1006 3332 1118 3383 tendere.
1154 3343 1189 3382 ac
1206 3339 1234 3382 ut
1250 3334 1344 3384 adasa

67 3425 123 3468 &a
139 3424 216 3468 lm.

138 3496 258 3567 'lEdifi
275 3511 302 3553 ai
317 3508 473 3568 materteram
491 3519 536 3552 aas
553 3509 577 3552 et
596 3504 719 3568 colloquio
738 3509 763 3551 ei
778 3505 927 3566 praeseutia
942 3501 1010 3562 frui,
1029 3518 1101 3566 qnam
1118 3516 1201 3551 sacrans
1218 3508 1278 3552 anie
1294 3519 1344 3567 per

66 3589 173 3654 seriata
193 3591 329 3653 conplexi.
374 3589 551 3638 Verumtamen
571 3587 702 3651 probasti:
726 3583 900 3651 castigantur
921 3597 955 3634 ex
973 3584 990 3652 β
1006 3587 1031 3636 Γ
1038 3582 1085 3635 0¹⁰
1096 3581 1122 3635 J¹
1148 3593 1174 3635 ui
1190 3603 1232 3651 pr.
1250 3602 1297 3638 aas
1318 3596 1345 3638 et

66 3674 208 3739 emioquio
223 3673 281 3735 frui
297 3675 356 3738 piria
375 3675 420 3723 iia,

138 3756 163 3822 ¹)
182 3751 230 3807 0¹⁰
246 3751 310 3807 add.
329 3760 448 3822 aripertus
465 3753 537 3806 forte
555 3769 607 3822 pro
624 3772 704 3820 araper
720 3758 760 3805 iis.
790 3753 806 3805 J
811 3755 815 3786 ¹
835 3758 977 3806 constitutis
994 3773 1073 3821 snper
1090 3759 1148 3824 qnia
1167 3763 1210 3806 ant
1280 3774 1342 3808 saa-

67 3845 173 3895 tiam

139 3926 164 3992 ⁴)
181 3921 228 3976 Sic
245 3941 308 3977 mss.
345 3922 420 3976 Editi
439 3937 516 3976 vero:
536 3929 603 3992 qaod
620 3928 732 3990 arripieai
748 3941 843 3982 stamas,
862 3932 968 3990 captata
985 3928 1057 3976 estias
1072 3928 1196 3978 desiderii
1209 3930 1342 3991 tircattate.

141 4012 164 4075 ὗ)
181 4007 233 4061 Ed.
247 4008 336 4062 eumJ
350 4019 394 4061 aut
406 4013 461 4062 Ilao
480 4014 576 4076 aptius,
595 4006 642 4060 0¹²¹
660 4019 703 4059 arat
721 4012 776 4061 Deo
795 4013 883 4061 aetius.
911 4006 1002 4077 Magis
1014 4007 1107 4077 placet
1123 4026 1186 4062 cum
1197 4007 1260 4062 aliis
1278 4027 1342 4064 mss.

10 4126 12 4133 v
67 4107 117 4151 ui
134 4099 248 4154 beelim
266 4092 318 4147 nisi
337 4093 397 4160 quis
415 4091 494 4146 malit
512 4106 556 4146 aui
574 4097 629 4146 Deo
647 4098 752 4160 pratitas.

10 4238 13 4247 Ι
139 4182 165 4247 ⁸)
182 4178 228 4232 liis
244 4179 290 4247 td
303 4182 329 4233 Γ
338 4178 393 4232 0¹⁰.
429 4179 467 4231 At
484 4178 519 4230 al.
538 4183 683 4234 caritatem.
702 4177 719 4230 J
722 4179 727 4212 ¹
741 4184 877 4231 caritatem
894 4199 966 4248 quam
985 4183 1147 4247 iajaapiraur.
1161 4209 1194 4219 —
1208 4183 1345 4234 Generalis

67 4269 226 4322 mitrata.
244 4279 317 4332 quae
328 4261 374 4316 hic
386 4264 587 4328 memorantur,
606 4262 718 4316 exhibet
731 4278 847 4331 sequens
861 4263 992 4333 epistola,
1011 4261 1083 4317 sicut
1095 4265 1124 4317 at
1135 4280 1206 4332 quse
1218 4263 1291 4318 hanc
1299 4281 1345 4319 ax-

70 4348 159 4420 cipit,
177 4364 236 4418 qua
252 4348 380 4402 mationa
399 4347 499 4402 Graeci
517 4346 672 4417 excipiendi
690 4346 757 4413 sint,
776 4347 865 4402 docet.

141 4437 165 4502 ²)
184 4433 228 4488 lta
245 4433 371 4502 dFO¹03
398 4433 433 4486 al.
453 4439 641 4486 instructionem
667 4438 766 4487 attende
793 4439 904 4488 decretis
930 4440 1123 4489 ecelesiasticis:
1148 4434 1173 4487 J'
1197 4440 1344 4490 instructio-

68 4540 129 4576 ιιι
146 4524 293 4575 rama.
332 4517 467 4572 Eamdem
490 4518 635 4572 confirmat
657 4520 685 4571 et
706 4517 774 4570 illud
796 4517 931 4587 epistolae
948 4525 981 4572 26
998 4537 1024 4572 n.
1039 4525 1066 4571 ⁶2:
1089 4524 1278 4585 satisfacientes
1300 4527 1346 4589 ipi-

69 4619 117 4663 tu'
131 4616 160 4660 et
177 4607 344 4658 laudabilitas
356 4609 491 4658 desideriis
507 4608 638 4658 memorati
654 4608 703 4656 airi
711 4601 874 4673 (iohannis),
893 4610 1040 4658 dorraaeaia
1058 4625 1156 4674 quiaque
1174 4611 1346 4661 aeecclesiae

67 4697 178 4751 seriniis
194 4701 359 4744 aswmeatrs.

1074 4777 1142 4842 50*
