3412 5664
713 340 909 388 seraranan
933 331 962 389 6.
988 332 1017 387 7.
1439 327 1502 390 335

224 508 276 570 ita
302 517 427 566 necesse
449 497 509 577 est,
538 496 577 558 ut
597 494 632 559 in
655 496 859 559 contumaees
882 498 915 557 et
937 494 1060 558 desides
1083 494 1235 558 traditam
1257 493 1318 557 sibi
1346 493 1499 558 divinitus
1512 510 1605 557 anos.

170 676 173 689 ,
235 628 303 671 non
329 598 497 662 dissimulet
522 600 726 684 potestatem.
772 595 858 661 Data
886 596 1035 661 Calendis
1059 595 1259 679 Novembris,
1290 595 1410 660 Albino
1433 597 1500 660 viro

244 701 406 772 carissimo
427 700 567 766 consule.
622 786 625 792 y
1080 724 1083 731 ·

743 888 926 992 Epistola
952 889 984 971 7.
1159 981 1167 1007 Ι

315 1042 436 1113 (telesti
461 1059 572 1127 papae
595 1040 638 1108 ad
661 1041 844 1127 episcopos
866 1059 930 1124 per
952 1041 1171 1107 Dardaniam
1195 1042 1423 1108 constitutos.
1512 1051 1625 1118 (aem.)

219 1190 248 1239 a.
278 1188 325 1238 oti
340 1187 470 1235 tarditatem
489 1187 629 1241 excusauit,
647 1200 693 1233 cur
711 1184 856 1234 electionem
873 1198 942 1232 auam
961 1184 998 1231 eis
1010 1198 1059 1232 non
1072 1185 1146 1232 citius
1159 1184 1281 1232 nuntiarit
1293 1183 1328 1245 (a.
1336 1183 1370 1243 1),
1389 1192 1464 1249 atque

279 1273 396 1336 exposed,
420 1270 544 1336 quomodo
568 1269 729 1333 Eutychiana
752 1269 866 1318 haeresis
889 1270 961 1332 apud
980 1268 1094 1318 Graecos
1116 1275 1176 1317 nata
1195 1266 1338 1331 scripturis
1355 1269 1465 1317 aduerso

280 1357 374 1421 ideoqm
389 1355 516 1406 catholicis
534 1355 656 1404 damnata
667 1355 701 1403 sit
714 1352 791 1418 (nt).
811 1369 904 1411 corum
922 1355 966 1419 qui
982 1353 1013 1403 ab
1030 1355 1187 1417 pertinacem
1199 1369 1252 1403 cum
1267 1355 1317 1403 illie
1329 1354 1465 1404 haereticis

281 1432 450 1492 munimen
469 1440 583 1490 damnati
599 1448 664 1496 sunt,
683 1440 783 1489 nomina
799 1442 912 1489 recitare
931 1455 980 1489 non
998 1441 1076 1490 licere
1094 1441 1176 1498 docet,
1196 1447 1271 1504 atque
1284 1446 1310 1488 ut
1326 1443 1465 1490 recitantes

600 1543 616 1575 a
634 1542 662 1574 se
680 1525 820 1575 excludant
837 1525 956 1574 hortatur
974 1523 1009 1589 (n.
1023 1529 1038 1576 3
1051 1531 1076 1574 et
1088 1527 1123 1588 4).

383 1658 671 1725 Dilectissimis
711 1658 907 1724 iratribus
945 1659 1147 1724 universis
1186 1661 1387 1744 episcopis
1429 1681 1498 1746 per

427 1762 673 1827 Dardaniam
697 1763 935 1835 coristitutis
959 1761 1144 1826 Gelasius
1167 1764 1387 1848 episcopus.
1400 1765 1423 1847 ¹)

328 1883 352 1946 1.
390 1882 448 1948 Ubi
476 1883 616 1967 primum
649 1884 807 1968 respirare
839 1883 889 1946 ias
924 1886 973 1946 est
1001 1905 1019 1945 a
1047 1883 1273 1948 continuorum
1306 1886 1510 1968 tempestate

266 1978 395 2066 hederam,
415 2008 496 2070 quae
519 1984 569 2048 vel
591 1986 625 2049 in
648 1985 712 2050 illis
734 1985 908 2069 provinciis
931 1984 981 2048 vel
1003 1985 1038 2049 in
1060 1985 1131 2048 istis
1153 1989 1334 2070 temporum
1357 1988 1497 2071 qualitas

266 2081 424 2154 neamus
446 2089 599 2171 exercuit,
624 2092 756 2152 cunetas
778 2109 837 2171 per
858 2085 1056 2151 Dardaniam
1078 2087 1208 2152 Domini
1231 2089 1412 2154 sacerdotes
1433 2090 1497 2154 fra·

266 2186 348 2251 ieram
376 2190 584 2255 sollieitudine
618 2189 762 2254 caritatis
801 2189 947 2253 duximus
982 2189 1209 2274 alloquendos:
1248 2192 1388 2274 primum
1422 2195 1497 2278 quia

268 2285 376 2371 ΨΜ
394 2292 585 2378 apostolieae
607 2292 690 2356 sedis
712 2292 847 2375 indepti,
871 2292 1008 2376 strepitu
1029 2291 1168 2375 publico,
1192 2293 1276 2368 sieut
1291 2292 1412 2358 dictum
1435 2300 1494 2378 est,

269 2389 419 2477 munte,
443 2394 648 2460 commissum
670 2395 764 2458 nubis
779 2417 888 2458 sacrae
906 2394 1155 2478 dispensationis
1176 2394 1318 2459 officium
1345 2382 1494 2481 propriis,

269 2490 360 2557 nimos
380 2501 459 2580 erat,
488 2497 606 2561 litteris
632 2497 834 2581 nequivimus
842 2498 867 2583 ²)
896 2497 1053 2580 indicare,
1084 2519 1146 2582 quo
1174 2500 1280 2561 vestra
1307 2499 1495 2564 fraternitas

269 2585 295 2651 it
315 2599 524 2664 communionis
551 2598 680 2663 Domini
708 2601 876 2664 nobiscum
904 2622 1036 2664 munere
1065 2601 1264 2685 gratuletur3
1293 2601 1424 2684 deinde,
1459 2606 1496 2665 nt

269 2696 319 2771 liti
338 2700 430 2766 bans
457 2701 650 2766 acerbitates
677 2702 1019 2786 incommoditatesque
1052 2703 1243 2786 mundanas,
1278 2703 1416 2788 qualiter
1447 2705 1494 2768 in-

269 2792 340 2863 tieem
360 2804 543 2886 valeremus,
577 2807 707 2868 mutnus
734 2826 838 2868 sermo
865 2805 1080 2889 depromeret3
1114 2810 1275 2889 postremo
1308 2807 1334 2869 si
1364 2829 1428 2891 qua
1455 2806 1494 2871 de

268 2892 447 2971 wastina
470 2905 638 2970 referenda
662 2909 739 2970 sunt
767 2906 887 2990 causis,
916 2929 998 2990 quae
1025 2910 1156 2990 propter
1184 2908 1317 2971 insidias
1346 2909 1494 2991 perpetui

264 2994 339 3067 beu
354 3008 500 3093 pastorali
522 3012 599 3073 sunt
618 3009 743 3093 jugiter
765 3009 1051 3096 circumspicienda
1073 3009 1254 3093 vigilantia,
1283 3008 1492 3094 significatio·

261 3098 334 3169 alias
352 3111 557 3195 panderemus
585 3111 728 3175 alternis
775 3110 835 3174 llis
857 3112 958 3194 igitur
979 3112 1117 3194 incitati,
1148 3134 1204 3197 per
1230 3112 1364 3176 fratrem
1388 3117 1420 3176 et
1443 3134 1491 3175 co·

256 3204 407 3295 episcopum
427 3216 574 3278 nostrum
598 3212 781 3278 Ursicinum
805 3214 987 3297 praesentia
1003 3213 1141 3298 dirigere
1163 3214 1283 3297 scripta
1301 3216 1490 3297 curavimus,

249 3318 397 3397 praecunte
418 3315 526 3401 gratia
553 3315 763 3380 salutationis
787 3316 1000 3400 hortantesi),
1031 3320 1067 3379 ut
1094 3317 1345 3401 magnanimiter
1373 3316 1492 3381 auxilio

247 3412 357 3481 [lamini
375 3418 541 3483 tolerando
563 3440 668 3483 rerum
691 3419 927 3483 transeuntium
950 3419 1133 3482 vastitatem
1160 3421 1264 3505 magis
1287 3441 1355 3484 esse
1378 3419 1491 3484 debea-
1598 3451 1604 3458 ·

242 3538 307 3583 mus
325 3521 444 3603 attenti,
467 3543 519 3603 ne,
543 3522 627 3605 quod
649 3515 744 3603 absit,
767 3524 942 3604 perpetuae
964 3520 1133 3585 subeamus
1160 3522 1244 3586 vitae
1272 3521 1490 3606 dispendium3

236 3620 358 3709 proinde
382 3645 462 3707 quae
486 3623 662 3687 catholicae
684 3623 829 3686 veritatis
852 3623 956 3705 poscit
970 3623 1093 3688 utilitas
1109 3624 1339 3707 praecavenda,
1363 3625 1491 3689 dilectio

233 3728 332 3789 restra
352 3725 513 3809 paulisper
534 3726 688 3790 advertat.
1127 3808 1130 3813 ¹

312 3827 341 3891 2.
383 3828 479 3912 Apud
506 3828 655 3911 Graecos,
684 3829 798 3913 quibus
826 3827 943 3891 multas
974 3827 1120 3893 haereses
1149 3827 1312 3894 abundare
1339 3852 1406 3897 non
1435 3830 1490 3897 du·

224 3932 315 3997 tium
334 3936 392 4011 eat,
412 3931 482 4014 jam
505 3935 580 3995 ante
603 3952 705 3995 annos
732 3930 800 3993 iere
822 3930 1038 4016 quadraginta
1066 3935 1099 3995 et
1126 3933 1266 4018 quinque
1293 3933 1332 3997 de
1360 3932 1489 3999 Domini

217 4031 326 4101 nmini
358 4036 391 4095 et
420 4030 596 4097 &lectoria
627 4033 851 4098 incarnatione
884 4037 962 4097 nata
996 4037 1201 4119 conquaestio
1234 4040 1302 4099 est:
1344 4035 1490 4121 Eutyche

214 4133 383 4224 quondam
405 4135 591 4220 presbytero
613 4134 972 4219 (bnstantinopolitano
1000 4137 1033 4200 in
1062 4136 1278 4222 blasphemias
1306 4144 1488 4223 proruente,

213 4260 281 4328 per
301 4260 381 4322 quas
402 4238 533 4321 diceret,
558 4260 654 4303 unam
676 4238 909 4319 tantummodo,
951 4238 984 4302 id
1006 4243 1056 4303 est
1083 4239 1182 4303 solam
1205 4239 1404 4319 Divinitatis,
1434 4265 1489 4305 na·

210 4350 328 4409 tunm
350 4343 416 4403 sive
437 4340 650 4405 substantiam
674 4342 706 4406 in
732 4341 869 4406 Domino
891 4341 969 4404 lesu
990 4340 1118 4406 Christo
1141 4342 1268 4405 credere
1283 4365 1341 4406 nos
1363 4344 1487 4425 debere,

290 4568 309 4632 ¹1
328 4564 363 4620 (i¹
381 4564 473 4620 additz
490 4571 556 4621 sicut
573 4569 647 4620 etiam
664 4570 760 4619 cunctis
774 4567 902 4631 [nutritus
918 4586 968 4634 per
987 4567 1134 4619 Dalmatiam
1153 4569 1281 4619 destinata
1299 4576 1346 4620 eat,
1382 4562 1489 4619 Deinde

210 4650 329 4721 vulgati
347 4655 476 4722 corrupte
498 4653 548 4705 nnt
565 4650 655 4704 ruinns
673 4650 805 4704 concinne
822 4654 976 4720 temporibus
999 4657 1108 4721 qualitur
1178 4656 1353 4705 sollicitudinis
1371 4657 1487 4705 caritate.

209 4735 433 4795 wasnaum
449 4729 589 4807 temporam
603 4736 665 4807 iam
677 4720 813 4791 Batonius
831 4738 861 4790 et
876 4732 1005 4804 Matiejua
1022 4738 1195 4791 monuerant.
1228 4735 1292 4791 Mox
1310 4735 1379 4791 editi
1391 4741 1488 4806 adepti.

286 4825 309 4889 'p
328 4821 372 4876 lta
389 4821 423 4877 (1¹
437 4825 480 4888 a¹3
497 4823 536 4875 οιο
553 4829 687 4894 nequimus.

286 4910 309 4976 ἢ·
329 4907 372 4961 lta
388 4906 433 4962 11¹.
466 4913 520 4963 Atit
535 4928 596 4964 aero
614 4920 726 4965 orantes.
756 4905 876 4978 Moxque
895 4906 928 4963 0¹
942 4907 976 4962 Κ·
996 4913 1106 4963 adtoniti
1123 4907 1195 4975 (loco
1213 4916 1323 4977 attenti).

207 5040 219 5069 b
