3450 5678
261 318 282 382 6
410 331 543 380 monera
566 331 718 379 rnnnvm
741 331 778 378 m
802 331 926 379 ernam
948 330 1138 380 urrsronas
1163 321 1201 379 15
1218 314 1296 399 (16),
1322 321 1371 377 17.

347 493 376 550 3.
421 492 540 567 lienique
561 491 636 566 qued
658 500 748 549 textus
769 493 956 548 recensionem
977 493 1082 556 attinet,
1107 500 1184 549 notas
1206 490 1356 547 Constantii
1377 491 1528 547 secundnm

202 618 205 631 .
259 583 349 653 ptura
365 574 451 635 trium
461 580 682 651 praedictarum
698 581 896 634 collectionum
912 580 1047 650 exempla
1067 579 1240 651 compositas,
1256 593 1307 633 noc
1322 593 1377 632 non
1393 576 1527 632 editiones

262 664 355 721 Mansit
370 663 441 736 (cnm
462 662 624 719 variantibus
645 679 685 720 ex
700 665 799 719 codice
807 655 829 735 ¹)
845 663 963 719 bucano
981 662 1045 733 129)
1068 671 1095 718 et
1116 661 1183 736 Lupi
1204 678 1244 719 en
1265 663 1364 718 codice
1387 661 1528 719 Vaticano

262 748 440 806 adhibuimus.
472 747 524 822 ipsi
546 747 699 804 carumdem
719 746 911 803 collectionum
927 747 1091 804 contulimus
1106 747 1261 803 Vaticanum
1276 745 1369 808 5845,
1391 746 1530 803 Sessoriu-

262 851 327 890 num
341 832 427 896 hillil,
446 832 645 889 Vallicelianum
668 832 725 894 Α5,
747 832 889 889 Vaticanus
908 831 999 894 1337,
1022 832 1084 890 630
1099 840 1127 888 et
1144 831 1234 890 1340.
1254 861 1290 872 -
1314 831 1419 887 Titulos
1438 839 1529 887 autem

263 937 295 975 en
311 919 472 976 collectione
487 917 612 973 liadriani
629 919 829 991 exscripsimus,
847 919 948 974 omisso
964 926 1054 973 manen
1079 917 1125 974 Vl.
1143 917 1337 989 Praeceptum
1353 917 1454 973 Hilari
1469 919 1529 988 cpi·

263 1008 345 1078 scopi
359 1005 560 1061 adAscanium
574 1004 609 1060 dc
625 1003 725 1060 eadem
740 1019 842 1073 eausa,
860 1004 961 1076 quippe
977 1002 1050 1076 quod
1065 1019 1132 1058 mon
1144 1018 1261 1075 sequens
1278 1001 1392 1075 epistola
1406 1001 1444 1058 16
1461 1008 1513 1056 est.

583 1136 622 1197 ιι
643 1134 747 1196 aaut
769 1105 931 1213 opaeum
951 1133 985 1194 rr
1007 1130 1208 1215 quarum).

185 1269 255 1336 (Erit
351 1257 421 1314 llaec
436 1258 550 1332 epistola
566 1258 720 1332 Dionysium
737 1256 868 1332 Exiguum
884 1265 912 1313 et
927 1256 1088 1312 iiadrianum
1108 1256 1195 1331 sugit,
1216 1256 1263 1313 sed
1285 1258 1312 1313 in
1335 1254 1451 1330 ilispana
1473 1256 1530 1340 coi·

264 1345 379 1401 lectione
404 1342 522 1418 indeque
548 1344 576 1399 in
596 1342 742 1399 isidoriana
767 1350 900 1399 asservata
922 1351 973 1398 cst.
1015 1341 1052 1397 Ex
1079 1341 1212 1414 ejusmodi
1239 1340 1435 1415 exemplaribus
1457 1341 1530 1397 iorte

262 1429 352 1486 hausit
373 1428 462 1485 editor
480 1427 629 1491 Romanus,
659 1429 705 1502 qui
728 1427 816 1483 solnm
838 1443 877 1484 eu
897 1431 1105 1499 manuscriptis
1131 1444 1188 1482 carn
1216 1443 1246 1481 se
1266 1426 1418 1500 producere
1441 1435 1528 1482 notat.

168 1586 173 1596 Ι
263 1515 348 1570 Porro
371 1515 526 1570 transmissa
541 1514 593 1569 luit
614 1512 645 1568 ab
663 1512 752 1569 lliiaro
770 1529 826 1594 ¹una
848 1529 907 1568 uum
930 1513 1070 1587 superiore
1092 1529 1140 1586 per
1162 1511 1285 1567 cumdem
1300 1510 1443 1582 Traianum
1464 1509 1530 1565 sub-

264 1599 413 1656 diaconum.

797 1763 990 1773 ——

726 1934 878 2008 hinnite
904 1934 1066 2028 praevia

529 2106 574 2176 in
601 2103 829 2200 Simplicii
856 2127 998 2199 papae
1026 2105 1261 2201 epistolas.

548 2325 586 2385 In
600 2324 748 2403 Simplicii
764 2324 956 2402 epistolaml
979 2321 1130 2404 („ltctatio
1145 2322 1244 2407 nas“).

130 2459 178 2527 tat,
195 2458 254 2526 Eat]
351 2449 420 2504 llaec
440 2448 554 2522 epistola
576 2447 650 2503 abest
671 2465 686 2502 a
706 2449 809 2503 sincera
825 2447 942 2521 Dionysii
958 2446 1053 2522 Exiget
1075 2448 1249 2511 collectione,
1271 2465 1351 2522 qnam
1369 2450 1531 2524 exemplaria

263 2533 439 2590 bibliothecae
454 2532 553 2607 Regiae
568 2531 724 2589 Parisicusis
741 2541 768 2588 ct
779 2533 934 2589 Vaticanum
946 2532 1028 2590 5845
1045 2532 1189 2608 praebeam
1206 2532 1284 2589 deest
1300 2535 1379 2590 ctiam
1390 2537 1423 2611 'in
1436 2536 1530 2592 simili-

263 2618 313 2675 bus
334 2617 470 2674 codicibus
491 2616 635 2674 barberino
658 2618 749 2680 2888,
778 2616 902 2673 Vaticano
926 2617 1007 2674 1342
1031 2628 1058 2674 et
1078 2618 1250 2674 Vailiceiiano
1272 2618 1329 2675 Ab.
1366 2619 1419 2676 Sed
1441 2622 1468 2676 in
1490 2638 1530 2685 ea,

263 2722 343 2778 quam
364 2702 537 2760 iiadrianusl
557 2703 652 2758 Garoio
673 2702 769 2777 blegne
792 2701 905 2765 obtulit,
927 2701 1078 2767 etinheim.
1102 2702 1220 2779 indeque
1240 2702 1403 2761 isidorianae
1426 2707 1530 2762 inserta

263 2789 315 2845 lnit
334 2790 384 2845 hac
403 2805 507 2844 summa
529 2789 581 2861 ipsi
607 2786 736 2861 praefixa:
767 2788 812 2844 De
837 2791 992 2845 remotione
1013 2790 1167 2846 Gaudentii
1192 2790 1389 2847 ordinationes
1410 2791 1531 2847 illicitas

259 2877 483 2947 praesumentis.
525 2871 597 2941 Quae
618 2890 701 2947 porro
723 2889 825 2928 summa
846 2890 860 2927 a
880 2872 1008 2947 Simplicii
1035 2882 1125 2930 mente
1146 2873 1229 2947 longe
1256 2873 1402 2949 discrepat.
1434 2873 1531 2950 Neque

263 2961 333 3016 enim
349 2960 392 3016 hic
407 2965 561 3015 removetur
577 2957 752 3021 Gaudentius,
767 2957 815 3013 scd
831 2958 889 3013 sola
905 2957 1045 3015 ordimmdi
1059 2966 1195 3033 potestate
1210 2960 1327 3015 eruitur.
1355 2959 1410 3015 Nec
1421 2959 1530 3017 felicius

263 3043 396 3101 aLabbeo
413 3054 441 3100 ct
455 3042 632 3119 sequentibus
648 3044 823 3100 conciliorum
844 3042 993 3099 editoribus
1015 3061 1046 3100 er
1061 3043 1180 3101 Romana
1201 3043 1319 3100 editione
1334 3043 1529 3102 substitutum:

264 3132 489 3188 Gaudentius...
514 3132 548 3187 cb
567 3133 686 3186 illicitas
707 3131 902 3186 ordinationes
919 3130 1025 3201 sactus
1046 3146 1164 3186 manere
1185 3132 1362 3187 sacerdotali
1376 3139 1404 3186 et
1422 3135 1532 3202 triplici

261 3224 348 3288 parte
363 3217 505 3272 redituum
528 3219 670 3272 ecclesiae
683 3218 834 3286 priuatum
855 3231 937 3288 quum
958 3231 1008 3270 nee
1029 3215 1179 3271 chrismatis
1195 3213 1355 3271 conficiendi
1377 3231 1428 3271 nec
1442 3214 1530 3290 bapti·

264 3308 338 3356 natos
354 3301 503 3375 inungendi
519 3301 612 3357 aliisve
627 3301 748 3374 privetur
763 3298 946 3355 functionibus
968 3298 1191 3363 sacerdotalibus,
1210 3299 1257 3355 sed
1274 3299 1340 3363 sola,
1360 3299 1528 3364 maluimus,

264 3384 404 3441 ordinandi
421 3394 448 3440 et
463 3385 657 3441 ecclesiasticos
673 3384 776 3440 reditus
792 3382 993 3439 administrandi
1005 3391 1154 3457 potestate:
1169 3383 1196 3439 id
1213 3384 1285 3458 quod
1298 3402 1357 3440 cnm
1370 3385 1529 3443 doctissimo

263 3469 436 3525 'liiicmontio
451 3471 479 3525 in
494 3469 599 3543 synodo
615 3468 715 3525 iactum
734 3485 794 3524 esse
809 3468 952 3530 credimus.
969 3467 1119 3525 Gaudentio
1136 3470 1211 3543 prins
1223 3468 1301 3541 juxta
1316 3487 1433 3527 canones
1445 3471 1529 3528 citato

264 3563 291 3611 ct
306 3553 406 3610 audito.

492 3688 531 3749 In
551 3686 701 3765 Simplicii
722 3686 870 3765 epistates
891 3685 981 3748 2-7
1002 3688 1203 3768 (‚,Quontum“
1225 3686 1303 3768 etc).

181 3820 252 3891 ilict]
351 3807 421 3866 liacc
436 3818 463 3866 et
479 3811 598 3884 quinque
618 3817 762 3884 sequentes
784 3811 914 3884 epistolae
930 3811 1044 3885 primmn
1060 3812 1086 3866 in
1103 3809 1220 3866 Romana
1235 3809 1354 3867 editione
1370 3828 1402 3866 er
1418 3819 1528 3869 vetusto

266 3895 405 3951 vaticanae
421 3894 598 3952 bibliothecae
619 3895 765 3970 exemplari
785 3894 879 3967 (Vattc
897 3896 978 3953 3787
1000 3895 1168 3953 collectionis
1185 3893 1336 3967 Atellanae)
1356 3913 1426 3953 anno
1444 3897 1526 3955 1591

170 3993 173 3998 ·
263 3980 397 4055 prodiere.
428 3981 483 4037 Nos
505 3998 548 4037 eas
570 3981 602 4036 ad
625 3981 744 4037 ciusdem
769 3980 937 4037 collectionis
961 3982 1115 4056 primarium
1138 3980 1257 4037 codicem
1273 3980 1526 4040 triturantem

263 4082 480 4141 recognovimus.

554 4202 592 4263 In
612 4199 762 4278 simplicii
783 4200 947 4277 epistolam
967 4198 987 4260 8
1010 4197 1229 4280 (‚,Guperem“).

179 4331 249 4401 pilu]
349 4320 418 4378 ilaec
433 4322 540 4396 quidem
556 4322 669 4396 epistola
685 4325 711 4378 in
726 4322 1047 4379 collectionishvelianau
1063 4321 1199 4379 codicibus
1215 4330 1243 4378 et
1258 4320 1354 4379 caindo
1366 4323 1393 4377 in
1406 4322 1527 4380 editione

261 4407 379 4464 Romarm
397 4408 504 4464 Zenoni
522 4410 649 4482 Aupuste
668 4406 831 4473 inscribitur,
854 4410 880 4464 in
902 4407 993 4464 cadim
1015 4408 1175 4464 Virdnncnsi
1196 4417 1285 4463 antem
1305 4407 1452 4465 Basilisco
1468 4410 1527 4465 Au·

261 4500 354 4567 puato.
385 4491 460 4549 lianc
473 4492 617 4550 secundam
633 4495 838 4567 inscriptionem
853 4510 941 4549 veram
956 4510 1024 4556 esse,
1047 4493 1199 4550 luculenter
1214 4492 1363 4567 probarunt
1376 4493 1476 4568 Papius
1492 4495 1526 4550 ad

262 4595 324 4635 anu.
342 4576 403 4636 466
425 4597 451 4635 ιι.
471 4580 506 4635 ll
531 4587 559 4635 ct
574 4579 763 4636 ’tillemontius
782 4581 808 4635 in
824 4581 903 4635 vitam
919 4580 1005 4635 heacii
1021 4586 1078 4634 not.
1092 4577 1119 4642 2,
1136 4594 1205 4652 quos
1221 4578 1327 4635 videsis.

261 4703 524 4710 ----.
559 4706 563 4710 .

330 4758 349 4820 ¹)
368 4757 503 4824 Equidem
526 4758 662 4827 suspicor,
690 4760 762 4811 hnne
785 4758 908 4812 codicem
936 4759 989 4810 hoc
1011 4759 1071 4811 loco
1094 4758 1182 4812 solum
1206 4775 1256 4826 per
1279 4774 1401 4812 errorem
1423 4759 1526 4813 columi

262 4829 389 4877 Lucanum
402 4832 452 4878 129
470 4825 531 4891 dici,
556 4844 616 4881 esso
634 4843 732 4881 revera
749 4831 877 4880 Lucanum
890 4835 940 4879 125
962 4825 1098 4880 eMmrsio
1111 4825 1180 4880 alius
1193 4825 1351 4895 saepissime
1369 4826 1524 4883 laudatum.

262 4891 343 4947 Certe
361 4909 413 4962 pro
431 4893 478 4948 ilio
496 4894 594 4950 eodem
613 4895 684 4964 siglo
703 4895 769 4963 (scil.
789 4894 847 4961 Hm)
867 4896 937 4948 aiter.
