3412 5664
343 308 405 375 826
782 322 812 371 s.
828 317 1036 369 nonmsnss
1058 318 1174 367 sensa

232 495 326 544 aule.
339 485 397 565 τῆς
418 480 572 561 πίστεως,
597 476 635 542 ἐν
657 475 788 552 τούτοις
810 474 845 539 oi
864 495 947 557 προ·
1000 474 1083 560 in¹⁹)
1106 494 1169 558 quo
1184 470 1333 539 Christus
1356 475 1549 559 agnoseitm3

338 585 489 667 μαχῶυες
504 583 563 663 τῆς
577 576 748 663 ἀληθείας,
766 579 804 643 ἐν
817 576 950 652 τούτοις
1000 576 1051 641 his
1073 575 1303 660 redemptionis
1331 579 1460 641 nostres
1479 598 1547 662 spes

339 680 742 766 ὁΧριστδςγινωσκεται,
765 679 803 746 ἐν
818 679 950 756 τούτοις
1002 701 1098 743 eausa
1126 680 1282 743 servetur.
1334 677 1407 743 Hoo
1439 682 1488 743 est
1519 679 1620 757 inq

213 779 397 871 1οΜ·3ιτῆς
424 782 623 867 λυτρωσεως
655 787 714 867 τῆς
740 780 902 866 ἡμετέρας
929 778 949 865 ἡ
1000 781 1084 866 quod
1111 780 1146 846 in
1175 780 1321 864 apostolo
1352 779 1507 866 legimus,
1537 782 1620 863 isl-

206 849 434 964 110812’ἐλιιλς
461 886 516 951 καλ
543 881 708 961 ὑπόθεσις
735 883 947 968 φυλάττεται.
1001 884 1204 966 dementum,
1232 883 1269 947 in
1297 905 1360 968 quo
1396 883 1533 969 seipsum
1556 894 1620 968 d

341 982 450 1065 Οὗτός
473 988 566 1054 ἐστιν
590 987 734 1069 ἐκεῖνος,
769 983 810 1050 δν
839 985 877 1051 ἐν
903 988 950 1071 τῳ
1002 986 1091 1070 cipit,
1118 985 1262 1070 quisquis
1283 984 1387 1071 ligna,
1414 985 1534 1070 lenum,
1554 1010 1620 1074 ⁸1

339 1089 516 1177 ἀιιοστόλῳ
539 1088 753 1173 ἀνέγνωμεν,
781 1088 949 1172 θεμέλιος,
1001 1089 1092 1173 pulas
1109 1087 1342 1153 consumendas
1360 1088 1493 1175 ignibus
1505 1112 1618 1175 supe

340 1195 378 1261 ἐν
401 1184 427 1280 ᾦ
454 1190 576 1258 ἑαυτόν
605 1214 655 1268 τις
681 1193 949 1273 παραλογίζεται,
1001 1190 1169 1255 aedificare
1196 1191 1384 1256 tentaverit.
1433 1189 1496 1256 His
1515 1191 1620 1279 int&

340 1303 373 1364 εί
381 1321 431 1373 τις
446 1294 541 1377 ξύλα,
565 1292 698 1377 χόρτον,
715 1291 868 1376 καλάμην
888 1315 948 1357 κα·
1000 1292 1087 1357 fecta
1109 1295 1185 1357 sunt
1206 1292 1400 1377 Eut-probetis
1422 1297 1457 1358 et
1472 1292 1620 1380 Neston

339 1396 607 1479 ταναλισκόμενα
634 1398 680 1481 τῳ
707 1394 791 1477 ιιυρλ
814 1395 950 1459 ἐκοικο-
1002 1417 1127 1461 venena
1160 1394 1322 1460 conciliis:
1358 1396 1414 1480 qui
1447 1396 1620 1479 adrerum

339 1502 484 1585 δομῆσαι
506 1501 688 1582 πειρασθῇ.
732 1494 787 1561 Ἐν
813 1495 951 1572 ταύταις
1002 1498 1181 1563 dominicae
1208 1497 1461 1582 dispensationis
1486 1499 1610 1577 salubre

339 1600 495 1688 ἀνηρήθη
511 1597 739 1682 τάΕύτυχούς
754 1598 949 1663 καλΝεστο-
1002 1599 1190 1685 mysterium
1227 1599 1304 1664 dum
1334 1600 1495 1666 eontraris
1523 1602 1604 1673 inter.

341 1710 417 1789 ρίου
449 1714 522 1780 ταῖς
558 1701 717 1776 συνόδοις
753 1701 950 1784 δηλητήρια,
1002 1724 1036 1767 se
1079 1701 1298 1786 disputatione
1343 1702 1506 1786 nituntur,
1538 1708 1582 1771 sut

340 1807 462 1880 οἵτινες
485 1803 520 1881 ἐξ
544 1803 700 1879 ἐναντίας
721 1807 779 1886 τῆς
795 1802 949 1867 δεσποτι-
1002 1805 1140 1890 quadam
1151 1803 1315 1890 sacrilegii
1330 1803 1516 1890 aequalitate
1527 1828 1576 1872 osu·

340 1913 400 1992 κῆς
421 1911 483 1972 τοῦ
506 1904 743 1988 σωτηριιίδονς
762 1908 951 1989 μυστηρίου
1003 1907 1162 1989 sentiunt,
1192 1906 1364 1971 sententiis
1391 1905 1571 1991 disparenet

339 2011 546 2093 οἰκονομίας,
574 2009 612 2074 ἑν
635 2004 704 2093 ὅσῳ
727 2006 870 2094 ἐναντίῳ
892 2030 952 2092 με·
1002 2009 1169 2094 impietate
1192 2008 1384 2073 concordes:
1413 2008 1569 2093 quorumd

339 2108 422 2189 ταξύ
449 2110 580 2176 ἑαυτῶν
609 2111 824 2196 συλλογισμῷ
852 2112 950 2193 φιλο·
1002 2115 1053 2176 ter
1074 2111 1187 2176 nolens
1209 2109 1349 2175 Mariam
1373 2111 1516 2196 virginem
1530 2108 1569 2174 Ilei

340 2217 527 2295 vesuntinus,
555 2207 624 2277 ὑπό
645 2234 714 2276 τινι
735 2216 794 2296 τῆς
817 2211 952 2294 ίεροσν-
1004 2236 1072 2279 esse
1100 2212 1308 2300 genitricem,
1336 2212 1373 2277 in
1394 2211 1516 2277 Domino
1533 2231 1568 2275 uo

341 2317 413 2391 λίας
429 2313 557 2398 ίσότητι
572 2318 831 2398 συμφωνοῦσιν,
839 2311 952 2379 ἄνισοι
1004 2320 1071 2382 stro
1113 2337 1193 2400 quae
1229 2315 1323 2380 unita
1369 2318 1445 2379 sunt
1482 2312 1569 2394 dividit,

340 2428 413 2493 ταῖς
444 2415 594 2500 γνώμαις
625 2412 681 2480 καὶ
712 2413 878 2500 δμόιγυχοι
910 2418 952 2501 τῇ
1004 2418 1085 2483 alter
1107 2418 1182 2482 dum
1204 2416 1460 2482 convenientium
1479 2418 1570 2480 nstan-

341 2517 492 2606 ἀσεβείῳ·
526 2508 576 2584 ὦν
598 2514 615 2583 ὁ
638 2517 750 2601 ἕτερος
771 2516 816 2603 μή
838 2516 952 2584 θέλων
1003 2543 1073 2585 rum
1099 2519 1229 2605 propria
1257 2525 1291 2583 et
1317 2521 1406 2584 certa
1433 2515 1570 2595 oonlmdit,

341 2620 404 2707 την
417 2620 594 2706 παρθένον
605 2623 746 2703 Μαρίαν
759 2624 849 2685 Θεοῦ
866 2614 952 2685 εἶναι
1003 2622 1189 2706 mysterium
1223 2624 1354 2686 nostrae
1386 2617 1573 2704 redemptionis

341 2723 561 2809 γεννήτριαν,
590 2720 676 2808 άπερ
706 2722 812 2807 ἐντῷ
835 2724 952 2806 Κυρίῳ
1004 2724 1196 2810 exstinguit:
1225 2724 1308 2789 alter
1329 2722 1457 2788 Photini
1476 2723 1572 2793 sitiit

341 2824 439 2911 ἡμῶν
467 2826 553 2890 είσιν
580 2820 736 2909 ἡνωμένα
765 2827 904 2907 διαιρεῖ,
934 2819 952 2888 δ
1004 2827 1086 2892 alter
1128 2826 1269 2892 Manetis
1311 2825 1469 2891 insanium
1502 2820 1574 2906 impis

343 2928 379 2994 dt
394 2927 518 3012 ἕτερος,
543 2926 581 2992 ἐν
596 2923 665 3013 ὅσῳ
689 2927 758 2991 ίδια
778 2931 847 2991 τῶν
869 2941 953 2991 σνν-
1006 2930 1198 3016 oontagione
1221 2928 1425 3015 contingens.

344 3033 523 3096 ελθουσοίν
543 3026 683 3113 φύσεων
703 3029 760 3094 καὶ
781 3027 821 3095 τά
843 3025 953 3112 ἀληθῆ

344 3141 473 3215 συγχεῖ,
496 3131 534 3196 ιδ
556 3131 744 3215 μυστήριον
765 3134 823 3216 τῆς
837 3129 955 3215 ἡμετέ-

345 3259 405 3319 ρας
420 3233 619 3319 λυιράσεως
635 3232 835 3316 σβέννυσιν·
853 3228 955 3310 ἀλλος

345 3340 520 3402 Φωτεινοῦ
542 3333 606 3420 την
620 3338 820 3420 θρησκείαν,
843 3334 956 3418 ἕτερος

270 3502 277 3511 ,
342 3442 404 3503 τοῦ
440 3436 619 3515 Μάνεντος
654 3435 717 3521 τὴν
753 3436 955 3522 ἀφροσύνην

343 3537 461 3624 ἀσεβεῖ
480 3544 659 3626 συγγενείᾳ
682 3539 875 3606 συνάπτων.

386 3645 414 3707 7.
439 3640 533 3707 Κατά
549 3642 692 3726 τούτων,
714 3640 856 3725 ἀδελφοί
872 3639 955 3724 ἀγα-
1049 3645 1078 3709 7.
1112 3644 1291 3709 Adversum
1312 3643 1387 3727 hos,
1414 3634 1579 3707 dilectissimi

342 3744 458 3829 κτητοὶ,
494 3744 756 3830 κροενοήθησαν
793 3745 950 3827 ἰατρεῖαι·
1003 3747 1131 3830 fratres,
1154 3746 1283 3830 provisa
1304 3744 1445 3810 remedia
1463 3742 1512 3808 illu
1530 3738 1579 3804 sui·

344 3848 476 3923 ἐκείνας
497 3852 538 3932 τῇ
553 3851 614 3911 τοῦ
630 3850 795 3931 λογισμοῦ
811 3845 952 3930 δυνάμει
1003 3849 1048 3914 mi
1069 3849 1189 3913 virtute
1211 3847 1389 3931 defendite,
1422 3868 1482 3932 qus
1503 3840 1580 3908 inu·

343 3948 586 4032 διεκδικήσατε,
611 3946 726 4034 ἐπειδὴ
750 3950 797 4026 είς
808 3945 952 4031 ἀνατρο-
1003 3950 1217 4016 befaetionem
1250 3971 1361 4014 eorum
1391 3948 1500 4013 videtis
1526 3943 1580 4009 hee

342 4048 411 4134 κην
438 4047 553 4115 αὐτῶν
586 4047 688 4134 ὁρᾶτε
720 4049 799 4128 τούς
826 4050 951 4133 αίρετι-
1001 4053 1117 4118 reticos
1144 4052 1312 4136 impietate
1338 4071 1490 4137 pugnare.
1526 4044 1582 4111 Nou

342 4148 425 4227 κούς
452 4148 508 4216 διά
533 4157 592 4236 της
620 4151 775 4236 ἀσεβείας
807 4151 951 4237 μαχομί-
1002 4156 1045 4220 sit
1066 4155 1161 4240 pigra
1182 4153 1328 4218 veritatis
1355 4151 1495 4217 assertio.
1531 4148 1584 4224 Quo

342 4277 434 4330 νονς.
469 4255 529 4339 Μή
552 4256 636 4319 ἔστω
660 4254 699 4320 ἐν
721 4252 811 4343 ὄκνῳ
826 4259 885 4339 τῆς
900 4256 952 4321 δι·
1002 4258 1107 4322 studio
1155 4258 1283 4341 oportet
1332 4254 1466 4319 salutem
1503 4248 1585 4334 diligi,

343 4355 525 4432 δυσκολίας
546 4353 567 4439 ἡ
591 4354 748 4441 ἀλήθεια·
779 4360 859 4444 ποίᾳ
888 4356 950 4442 χρη
1003 4381 1099 4444 quum
1121 4357 1256 4423 videatis
1278 4357 1489 4443 perditionem
1501 4349 1587 4420 morli·

342 4457 476 4543 σπουδῇ
489 4455 552 4543 την
563 4460 733 4543 σωτηρίαν
744 4456 952 4543 ἀγαπᾶσθαι,
1002 4462 1104 4526 feram
1127 4460 1173 4524 eie
1195 4458 1322 4525 amari?
1361 4457 1485 4523 Pudeat
1503 4452 1589 4541 segni·

412 4630 442 4695 ¹⁹)
462 4644 496 4683 oo
514 4645 568 4682 seo.
588 4644 681 4697 graec.
699 4634 725 4682 in
746 4633 785 4684 λίε
803 4633 925 4687 Christus.
968 4629 1119 4685 Concilium
1137 4628 1364 4684 Calchedonense
1382 4630 1437 4684 aet.
1453 4626 1479 4682 V
1495 4626 1522 4681 in
1540 4622 1592 4678 del·

341 4711 446 4767 uitione
469 4712 534 4766 fidei
555 4712 628 4768 hane
644 4713 743 4768 Leonis
761 4714 908 4784 epistolam
930 4715 1029 4771 laudat
1050 4717 1082 4770 ut
1104 4720 1188 4784 σαρκί
1205 4719 1281 4769 Petri
1302 4717 1461 4782 εοιιβεειὶοκι·
1475 4728 1594 4783 essm

341 4800 393 4850 λεια
408 4807 433 4850 εί
450 4817 598 4853 communem
616 4804 748 4868 quamdam
765 4805 901 4854 columnam
920 4807 1042 4856 adversus
1058 4805 1290 4870 praesumentes
1307 4809 1334 4854 et
1351 4803 1389 4854 αδ
1403 4803 1597 4867 remim

342 4891 469 4936 rectorum
486 4888 636 4952 depastam.
