3412 5664
355 320 418 386 900
798 345 824 387 s.
841 338 1049 389 naamanin
1071 337 1186 386 111111

246 504 339 552 1119.
355 491 421 555 sint
442 490 521 575 ipsis
544 489 584 553 ad
605 493 751 576 tempora
777 492 940 574 sufficere,
975 493 1164 577 significans
1191 491 1294 575 plebi,
1331 492 1407 577 quia
1432 491 1499 557 tides
1518 499 1579 559 recta

354 595 507 656 mutatur.
544 591 611 656 Ista
633 594 788 677 quomodo
810 616 877 658 non
892 593 1073 658 habuerant
1088 593 1229 658 excitare
1243 592 1422 678 populum?
1447 593 1579 681 Istaqnn

353 716 419 759 non
442 694 626 759 invitabant
648 695 688 759 ad
710 695 923 760 seditionem?
965 694 1044 761 Post
1071 694 1132 759 hoc
1160 699 1193 760 ct
1214 695 1321 780 ipsum
1343 694 1493 780 libellum,
1514 719 1579 782 quen

248 865 251 870 ,
352 796 476 860 fecerat
497 818 568 860 cum
596 797 770 881 episcopis,
799 801 876 863 ante
903 798 1057 882 populum
1084 796 1268 882 scindit¹²)‚
1298 797 1423 862 dicens:
1450 804 1507 878 Epo
1525 804 1581 865 11111

353 920 445 977 nsque
467 905 511 962 ad
530 910 654 963 mortem
676 920 773 964 meam
795 920 949 978 nunquam
966 903 1064 976 facio,
1087 920 1143 964 nec
1161 903 1348 975 facientrbus
1367 908 1513 966 consentio.
1540 901 1579 967 0c·

353 1000 500 1063 ciderunt
532 1004 565 1064 et
591 1000 753 1065 hominem
785 1000 1001 1065 venerabilem
1035 1000 1242 1084 catholicum,
1279 1001 1337 1086 qui
1369 1023 1427 1067 nos
1457 1003 1579 1068 veniente
1618 1041 1621 1047 -

352 1105 537 1186 susceperat
563 1103 598 1166 in
626 1102 718 1166 domo
746 1124 818 1187 sua,
847 1102 903 1187 qui
929 1124 1055 1187 semper
1082 1106 1248 1187 separatus
1275 1103 1340 1168 fuit
1362 1126 1381 1168 a
1403 1106 1579 1169 communione

352 1203 506 1268 Dorothei
528 1208 660 1288 propter
687 1205 843 1289 synodum
866 1203 1175 1270 calchedonensom:
1208 1205 1243 1268 in
1272 1227 1335 1289 quo
1362 1205 1460 1271 talem
1483 1209 1579 1270 mortun

352 1308 578 1389 exercuerunt,
602 1306 729 1391 qualem
750 1306 798 1370 illi
820 1307 875 1391 qui
898 1310 1045 1373 sanctum
1067 1305 1248 1371 Proterium
1270 1307 1464 1373 occiderunt.

436 1409 469 1472 5.
508 1406 576 1471 Ista
599 1407 640 1471 ad
663 1407 947 1472 clementissimum
968 1408 1194 1492 imperatorem
1215 1414 1447 1495 pervenenmt,
1468 1414 1497 1474 et
1512 1430 1580 1494 prope

350 1509 385 1573 in
407 1513 476 1573 tota
499 1509 630 1574 civitate
654 1508 818 1573 catholicis
827 1508 866 1595 ¹³)
894 1508 999 1575 luctus
1028 1515 1077 1576 est
1104 1513 1236 1595 propter
1263 1511 1343 1575 talia
1370 1533 1451 1597 quae
1476 1513 1579 1595 contige

350 1615 427 1675 runt
450 1610 579 1676 scelera.
624 1609 790 1675 Promittit
811 1615 925 1676 sancta
947 1611 1117 1678 clementia
1138 1611 1304 1678 vindicare
1326 1616 1360 1677 et
1377 1613 1495 1696 jactare
1512 1612 1579 1678 Doro

350 1713 476 1796 theom,
506 1713 580 1798 quia
607 1734 666 1777 nos
696 1713 868 1777 contestati
896 1735 1004 1778 sumus
1030 1715 1185 1799 pietatem
1214 1714 1300 1798 ejus,
1334 1714 1487 1780 dicentes:
1517 1718 1579 1778 11101

349 1822 469 1880 ratione
489 1819 669 1880 Dorotheum
692 1822 771 1879 inter
792 1821 945 1896 episcopos
966 1830 1019 1881 am
1045 1823 1078 1881 in
1099 1824 1305 1883 communione
1332 1824 1414 1883 seire
1439 1823 1580 1900 aponum

347 1928 447 1998 potest
467 1923 653 1982 beatissimus
668 1937 759 1998 papa
786 1924 938 1998 reamare,
973 1929 1002 1982 er
1029 1930 1137 1983 contra
1164 1925 1218 1999 qui
1241 1925 1391 1984 noluerint
1415 1941 1478 1984 erm
1500 1925 1524 1983 r'n
1541 1936 1579 1980 na

348 2026 553 2085 communione
575 2025 727 2100 recipere,
757 2026 835 2084 scire
860 2041 892 2084 se
919 2040 982 2084 esse
1003 2040 1071 2087 reos
1092 2027 1271 2086 auctoritare
1297 2027 1502 2086 ecclesiastico.
1534 2016 1579 2082 lm

350 2122 390 2185 ad
412 2122 562 2186 notitiam
585 2121 792 2186 beatitudinis
819 2124 945 2186 vestrae
971 2121 1195 2186 festinavimus
1222 2120 1359 2206 referre,
1394 2126 1430 2187 ut
1454 2120 1523 2186 nihil
1542 2139 1578 2181 ros

348 2222 466 2307 lateat,
490 2223 573 2307 quod
595 2223 631 2287 in
652 2224 724 2288 istis
745 2223 890 2308 partibus
913 2223 1032 2308 agitur.
1070 2225 1218 2308 Accepta
1238 2222 1287 2288 IV
1309 2223 1464 2290 Calendas
1483 2222 1577 2287 Deoua·

348 2323 431 2409 bris,
453 2323 629 2390 Eutharico
653 2325 791 2390 consule.

844 2510 1026 2616 Epistola
1051 2513 1128 2596 101.

207 2661 334 2784 1171ὲίἑί
586 2663 725 2731 Justlni
749 2662 906 2747 Augusti
928 2664 973 2730 ad
993 2663 1222 2732 Hormisdam
1244 2683 1385 2749 papam.

380 2803 416 2854 Se
433 2806 577 2868 episcopum
595 2804 626 2853 ab
644 2805 785 2854 Hormiada
806 2805 1030 2855 recommendatam
1050 2813 1127 2870 prato
1149 2806 1232 2856 animo
1257 2808 1417 2870 suceptae,-
1444 2807 1474 2855 de
1491 2817 1550 2868 epm
1578 2789 1624 2855 iffi

381 2897 462 2938 tamen
480 2896 506 2939 et
521 2889 613 2951 favore
631 2890 805 2938 samosanclr'c
822 2891 936 2939 ecelesiis
952 2889 1088 2952 inserendo
1105 2891 1212 2940 reditun
1230 2892 1372 2955 legatorum
1394 2898 1420 2940 et
1434 2901 1552 2954 nepam

751 2973 920 3024 ihacanmndi
935 2975 1136 3038 exspectandum
1153 2988 1219 3025 erse.

497 3104 685 3170 Justinus
703 3106 912 3191 Augustus
934 3078 1176 3171 Hormisdae.

429 3225 591 3289 illustrem
613 3224 716 3288 virum
738 3224 923 3309 episcopum
944 3224 1237 3289 reverentissimum
1247 3227 1271 3312 ¹)
1299 3230 1394 3312 grato
1419 3223 1575 3310 suscepimus

346 3327 453 3391 animo
475 3349 541 3391 non
563 3348 621 3411 pro
643 3326 763 3391 honore
784 3329 911 3390 tantum
926 3327 980 3410 qui
995 3326 1128 3392 debetur
1142 3326 1372 3414 sacerdotibus,
1395 3325 1575 3393 verumetiam

345 3450 403 3511 pro
426 3429 542 3493 affectu
564 3432 690 3493 vestrae
712 3427 949 3508 sanctitudinis.
999 3427 1083 3492 Nam
1105 3429 1285 3514 quicunque
1313 3433 1370 3494 tuo
1393 3427 1576 3515 comprobato

343 3529 466 3612 jndicio
481 3531 596 3613 suerit,
620 3534 669 3595 est
691 3529 776 3616 apud
797 3551 857 3594 nos
879 3530 977 3594 etiam
993 3528 1157 3613 judicatus
1172 3530 1427 3615 probatissimus.
1454 3532 1576 3613 bcopm

344 3635 454 3697 tamen
482 3637 514 3697 et
542 3635 665 3716 favore,
689 3632 759 3717 nui
787 3633 999 3697 sacrosanctis
1032 3632 1219 3697 inferendus
1247 3637 1298 3698 est
1325 3655 1434 3699 eorum
1459 3628 1576 3706 scolaria

344 3889 494 3936 concursus,
512 3877 570 3925 aliis
586 3875 732 3939 baptismum
747 3873 933 3939 flagitantibus,
955 3877 1013 3925 aliis
1033 3875 1264 3925 reconciliationem
1282 3883 1309 3926 et
1325 3883 1527 3928 incruentam
1539 3886 1577 3922 nr

340 3958 477 4020 sectionem
494 3966 519 4009 el
537 3962 716 4025 crepationem.
747 3953 803 4008 Ubi
820 3971 929 4009 rursum
945 3953 1120 4010 Euchadiae
1136 3954 1255 4025 simplici
1271 3969 1483 4012 sacrmenlom
1496 3952 1577 4009 nona?

344 4039 510 4094 enuntiatur.
547 4040 605 4095 Har
624 4041 717 4094 autem
736 4039 944 4094 observationes
959 4039 1084 4094 illustrat
1100 4042 1130 4094 ot
1147 4040 1295 4095 confirmat
1312 4058 1431 4111 sequens
1448 4039 1552 4112 ep'ntola

412 4127 444 4192 ¹²)
462 4125 530 4179 bco
546 4131 629 4179 scidit.
670 4129 734 4179 Mox
755 4123 841 4178 iidem
863 4124 1031 4179 addiderunt
1047 4130 1171 4180 loannem
1190 4127 1266 4196 (post
1282 4130 1429 4197 wem),
1445 4144 1476 4182 ex
1490 4121 1578 4196 opilio&

345 4215 393 4263 103
411 4227 438 4262 n.
458 4216 481 4263 l.

412 4296 443 4362 ¹³)
460 4293 511 4348 Ed.
531 4300 678 4350 catholicus.
712 4295 777 4350 Mox
794 4301 919 4364 pronrinit
935 4307 1026 4350 sancta
1042 4301 1176 4350 clementia
1195 4294 1314 4365 perinde
1337 4298 1380 4353 eat
1403 4300 1483 4370 atqua
1501 4296 1577 4365 W

342 4385 374 4431 111
389 4383 448 4445 pins
463 4385 612 4449 imperator.
645 4379 755 4434 Ibidem
772 4379 815 4434 ed.
834 4385 964 4435 vindicare
982 4392 1007 4435 el
1025 4388 1114 4435 citare.

344 4468 390 4515 101
429 4463 940 4534 1)Ι11111’;Β9.11.[111111111111111111
957 4464 1076 4520 nominis
1092 4464 1208 4536 proprii
1238 4464 1315 4521 Num
1331 4464 1578 4540 hospi-coposu-

342 4562 440 4600 manus
458 4547 578 4616 dicatu,
602 4549 650 4619 qni
671 4552 756 4620 caput
772 4549 921 4619 legationis
938 4548 1104 4605 Hormirdaa
1122 4551 1196 4618 erat,
1218 4567 1255 4606 an
1271 4550 1420 4608 Possessor
1435 4545 1579 4608 annai

341 4629 511 4687 Mauritania
528 4632 651 4689 Sitifensi
672 4633 832 4705 episcopus,
855 4634 903 4702 qui
916 4634 978 4703 jam
995 4634 1060 4690 inde
1078 4635 1115 4690 ab
1133 4652 1206 4691 anno
1225 4641 1275 4690 51⁷
1294 4634 1527 4709 contantinopoli
1538 4648 1580 4687 w·

341 4716 456 4770 sabatur
474 4719 518 4785 (cf.
539 4736 625 4789 supra
642 4736 685 4790 ep.
705 4725 750 4786 31,
769 4721 797 4773 et
813 4719 886 4774 inira
904 4737 948 4790 ep.
968 4725 1017 4774 115
1035 4721 1065 4774 et
1082 4721 1155 4788 124),
1173 4736 1209 4775 an
1227 4736 1317 4776 novur
1334 4723 1398 4791 quis
1415 4713 1580 4778 ulainai·

342 4816 413 4854 11111
430 4801 574 4872 episcopus
591 4820 643 4873 pro
662 4803 868 4858 calamitatibus
884 4804 958 4859 illins
976 4804 1110 4861 ccclesiae
1122 4822 1205 4876 opem
1216 4806 1422 4876 postulaturus,
1438 4818 1580 4878 1>me

340 4886 404 4940 stat.
424 4917 456 4923 --
474 4886 539 4941 Mox
557 4909 642 4943 comem
661 4892 737 4953 (ante
756 4891 880 4957 ecclesiia)
900 4907 963 4943 aum
981 4889 1017 4944 (³⁸
1035 4889 1202 4947 addidimus.
