3450 5678
716 365 889 422 nemroth
914 347 1007 421 100.
1421 352 1484 421 899

297 527 328 590 3.
364 524 409 589 Et
430 525 504 609 quia
526 528 741 609 pervenerunt
762 526 797 589 in
821 525 995 607 civitatem,
1018 523 1169 589 nuntiata
1185 527 1235 590 est
1248 522 1411 589 Dorotheo
1426 547 1520 609 pera.
1533 537 1591 587 519.
1662 534 1665 540 '

213 627 362 692 comitem
385 626 543 691 Licinium
565 627 748 711 praesentia
770 631 962 691 nostrorum.
1001 625 1061 702 Qui
1084 627 1201 691 direxit
1216 627 1393 692 Aristidem
1414 649 1484 712 pre·

213 730 377 814 sbyterum
401 751 473 793 oum
496 729 567 793 aliis
590 730 712 794 duobus
728 730 897 814 episcopis,
921 751 999 814 quos
1014 729 1133 815 solusl)
1149 729 1272 794 sciebat
1287 730 1485 795 adversarios

213 853 282 896 esse
310 832 450 916 negotii,
485 833 520 895 ut
548 834 674 896 nostros
697 832 829 896 videret.
874 830 954 897 Dum
976 831 1091 915 quibus
1119 831 1289 896 voluerunt
1316 832 1423 897 faeere
1451 832 1486 896 in

213 933 326 1018 primis
349 932 525 997 certamina
552 934 590 997 de
613 933 746 1016 libellis,
778 934 935 998 dicentes:
964 937 1040 998 Sunt
1068 939 1222 1013 capitulo,
1254 956 1332 1013 quoe
1359 939 1487 999 debeant

213 1042 381 1100 emendari.
415 1033 577 1099 Dixerunt
591 1037 704 1119 nostri,
727 1057 794 1100 non
817 1058 884 1100 esse
906 1037 941 1101 in
956 1036 1116 1120 potestate
1130 1036 1273 1120 ipsorum
1287 1035 1349 1101 hoo
1362 1036 1485 1101 fucere:

213 1144 241 1202 si
260 1144 347 1202 uultis
366 1140 486 1215 fucere,
512 1143 574 1202 Deo
595 1144 730 1216 pralium
753 1145 780 1202 si
800 1158 857 1202 uon
880 1140 1103 1214 sullissucere,
1125 1145 1267 1215 uenimus,
1291 1144 1487 1204 salutavimus

214 1260 279 1318 uos,
294 1240 591 1324 'perambulamuslt
629 1239 855 1315 Discesserupt
876 1243 950 1324 post
971 1240 1034 1304 ista
1055 1240 1162 1304 verba.
1208 1239 1259 1303 Ad
1282 1239 1379 1303 aliam
1402 1239 1486 1303 diem

215 1343 450 1423 convenerunt,
489 1341 606 1405 iterum
633 1341 696 1405 ista
724 1341 900 1426 loquentes.
955 1342 1000 1406 Et
1032 1345 1206 1427 antequam
1234 1341 1486 1426 propositionem

215 1442 383 1507 verborum
404 1442 568 1526 fecissent,
592 1444 681 1528 ubil)
703 1465 770 1507 non
794 1447 843 1507 est
864 1444 1003 1508 intentio
1018 1447 1185 1529 generata,
1209 1465 1276 1508 non
1298 1443 1417 1526 injuria
1439 1465 1487 1507 se-

215 1548 290 1609 cuta
313 1548 377 1628 est,
402 1544 508 1608 subito
529 1545 664 1628 populus
686 1546 819 1609 insanus
840 1546 934 1610 irruit
956 1567 1052 1631 super
1073 1545 1192 1629 ipsum,
1216 1547 1249 1610 et
1271 1545 1349 1609 duos
1372 1566 1486 1630 pueros

215 1646 401 1711 oeciderunt
423 1646 578 1732 episcopi,
604 1651 700 1731 caput
722 1648 818 1711 etiam
839 1647 1007 1733 fregerimt
1022 1648 1204 1732 episcopm)
1227 1647 1261 1711 in
1278 1646 1400 1711 duabus
1415 1668 1487 1731 par·

214 1748 312 1831 tibus,
337 1751 369 1811 et
391 1769 483 1812 renes
506 1748 574 1831 ejus
597 1748 844 1832 dissipaverunt,
868 1753 901 1813 et
923 1751 986 1814 nisi
1008 1749 1225 1813 misericordia
1239 1748 1301 1813 Dei
1324 1752 1356 1813 et
1378 1748 1486 1812 defen-

215 1851 263 1915 sio
291 1850 394 1914 sancti
423 1849 523 1914 Murci
554 1849 752 1936 basilissem)
788 1852 922 1916 emisset
954 1873 1007 1916 eos
1041 1852 1079 1915 de
1106 1850 1254 1915 manibus
1282 1872 1406 1934 eorum,
1442 1851 1485 1914 ibi

215 1952 387 2037 perierant.
419 1951 559 2016 Liberali
583 1955 659 2015 sunt
672 1955 791 2036 tamen,
816 1953 971 2037 quomodo
985 1953 1113 2037 dicitur,
1137 1954 1213 2038 quia
1227 1974 1342 2017 manus
1357 1951 1487 2036 publica

216 2055 417 2141 supervenit,
441 2075 522 2137 quae
545 2075 597 2117 eos
620 2076 728 2119 eruere
751 2056 866 2138 potuit.

300 2156 330 2220 4.
366 2155 433 2220 lsta
461 2158 493 2219 et
514 2156 648 2220 istorum
677 2157 945 2222 concinnamenta
966 2157 1122 2223 Dorothei
1148 2158 1273 2223 malitia
1304 2156 1485 2241 fabricavit,
1524 2150 1531 2162 ⁰

215 2259 270 2343 qui
293 2261 368 2323 ante
391 2257 532 2340 biduum,
556 2280 652 2342 quam
674 2260 881 2343 pervenirent
902 2259 1005 2324 nostri
1020 2259 1292 2342 Thessalonicam,
1316 2259 1487 2343 superduc

215 2360 317 2425 millia
338 2359 572 2444 baptizavit¹¹),
597 2364 798 2425 sacramenta
819 2365 913 2425 tanta
936 2363 1081 2447 erogavit
1103 2362 1138 2426 in
1160 2363 1294 2446 populo,
1317 2383 1398 2446 quae
1414 2383 1487 2445 pos-

283 2550 304 2615 1)
323 2547 366 2600 Ita
384 2545 428 2600 (3¹.
464 2547 531 2601 boo
547 2555 627 2612 solos,
652 2547 769 2616 quodsi
787 2547 954 2602 auctoritate
971 2550 1025 2602 vet.
1046 2548 1106 2602 cod.
1126 2547 1285 2617 fulciretur,
1305 2547 1379 2603 haud
1393 2547 1488 2617 displi-

217 2635 299 2687 ceret.
337 2629 512 2698 Quamquam
535 2630 655 2685 librariis
677 2631 822 2686 familiaris
845 2634 888 2687 est
909 2631 1020 2686 litterae
1039 2654 1054 2687 o
1071 2632 1100 2686 in
1117 2655 1132 2687 u
1149 2632 1276 2688 mutatio.
1300 2663 1333 2673 -
1355 2633 1420 2687 Mox
1443 2633 1486 2687 ed.

215 2724 321 2787 primum
338 2728 465 2771 certamen
538 2721 637 2774 dehent.
682 2751 684 2754 ⁴

284 2805 305 2871 2)
323 2801 356 2856 H.
377 2818 400 2854 e.
424 2807 568 2856 recedemus
590 2811 615 2855 er
637 2806 764 2856 abibimus.
806 2800 941 2867 Quocirca
962 2803 1034 2857 male
1057 2802 1086 2856 in
1109 2806 1134 2857 οΘ
1158 2819 1215 2871 seq.
1240 2803 1422 2857 substitutum
1445 2803 1488 2856 est

216 2891 449 2956 perambulavimus.

285 2974 305 3040 8)
324 2971 390 3026 boc
407 2975 449 3027 ibi.
485 2970 672 3025 Retineudum
695 2988 756 3025 enm
775 2972 810 3026 0¹
824 2972 898 3027 G³a¹
917 2976 971 3039 ubi,
994 2972 1047 3028 hoo
1066 2975 1120 3027 est:
1144 2990 1230 3041 quum
1251 2989 1303 3027 nec
1320 2974 1398 3028 mota
1416 2974 1489 3028 esset

218 3056 419 3121 controversia,
437 3071 488 3109 nec
505 3053 607 3122 injuria
626 3056 733 3123 secuta,
752 3074 808 3125 qua
825 3057 944 3126 populus
961 3058 1108 3127 provocari
1125 3057 1269 3129 potuisset.

285 3144 305 3210 ⁸)
325 3140 387 3195 Scil.
406 3145 518 3195 ιΙοΙιαιιιιι·
534 3148 631 3209 legato,
655 3143 687 3194 ut
704 3141 790 3195 etiam
807 3142 883 3196 fama
900 3141 1033 3211 vulgante
1051 3141 1178 3197 didicisse
1196 3159 1225 3197 se
1243 3142 1392 3198 Hormisda
1409 3160 1489 3212 supe-

217 3227 275 3281 rius
294 3224 374 3296 epist.
393 3232 425 3280 97
444 3244 470 3280 ιι.
492 3234 504 3279 1
524 3226 642 3296 scripsit.
680 3226 758 3290 Quod
777 3228 871 3281 autem
889 3227 970 3294 ajunt
988 3229 1072 3296 caput
1089 3226 1224 3282 Johannis
1247 3234 1272 3281 ia
1290 3231 1388 3282 duabus
1404 3234 1489 3296 parti-

216 3316 262 3366 bus
280 3313 347 3380 (non
364 3316 389 3364 in
407 3316 472 3365 duos
488 3313 588 3379 partes)
603 3315 727 3377 fructum,
745 3311 799 3364 hoc
817 3313 859 3365 est
876 3311 984 3365 duobus
1002 3310 1161 3366 vulneribus
1180 3313 1344 3368 confossum.

288 3399 318 3464 ¹⁰)
337 3396 469 3451 Testatur
486 3394 636 3450 Hormisda
653 3395 734 3466 epist.
754 3401 787 3449 97
805 3415 833 3451 n.
855 3403 882 3462 l,
903 3395 1073 3460 iohannem,
1092 3415 1178 3466 quum
1196 3413 1291 3452 caesus
1309 3397 1421 3464 fuisset,
1443 3398 1490 3452 vix

216 3489 378 3538 sacrosancti
397 3488 478 3549 sonam
499 3487 644 3536 reuerentia
665 3487 816 3534 uindicatum
838 3481 963 3536 evasisse.
1010 3482 1133 3551 Ipsemet
1148 3482 1290 3536 Johannes
1312 3481 1385 3537 infra
1407 3481 1488 3552 epist.

219 3574 267 3622 102
285 3585 312 3623 n.
332 3574 347 3622 3
365 3587 393 3621 se
414 3573 441 3620 iu
463 3571 614 3635 baptisterio
632 3565 827 3620 absconditum
844 3565 948 3621 scribit.
986 3567 1057 3622 Hinc
1074 3584 1140 3622 vero
1161 3566 1299 3635 sequitur,
1322 3569 1353 3620 ut
1370 3568 1424 3621 hoc
1440 3568 1489 3621 ba·

217 3651 377 3722 ptisterium
395 3653 479 3706 aedes
497 3669 517 3705 s.
536 3651 631 3704 Marco
649 3667 729 3704 sacra
745 3649 836 3704 fuerit.

289 3741 319 3804 ¹¹)
337 3736 483 3791 Notandus
500 3735 546 3789 hic
563 3736 651 3802 locus,
671 3752 704 3790 ac
720 3735 811 3805 primo
829 3737 1019 3804 recolendum,
1037 3736 1193 3792 Johannem
1206 3755 1269 3792 oum
1280 3736 1361 3792 sociis
1373 3737 1490 3792 Thessa·

217 3821 339 3876 lonieam
362 3822 435 3876 circa
453 3821 646 3892 Septembrem
668 3820 713 3874 vel
730 3822 886 3890 Augustum
903 3821 1027 3890 petiisse,
1051 3821 1177 3890 adeoque
1199 3824 1243 3878 tot
1264 3821 1423 3877 hominibus
1441 3823 1490 3877 ba-

218 3907 352 3977 ptismum
375 3909 454 3961 extra
475 3907 582 3961 Pascha
605 3909 634 3960 et
652 3906 836 3960 Pentecosten
859 3906 943 3960 fuisse
965 3905 1104 3961 collatum.
1152 3906 1232 3972 Quod
1255 3906 1490 3976 quemadmodum

219 3991 384 4059 obsidionis,
414 3990 616 4062 persecutionis
639 3990 754 4060 aliisque
776 3989 951 4060 temporibus
973 3990 1225 4065 sempertlicitum,
1254 3991 1296 4047 ita
1321 4010 1408 4061 quum
1433 4009 1490 4047 non

217 4077 397 4131 imminerent
413 4075 570 4147 hujusmodi
588 4076 761 4142 discrimina,
779 4076 951 4146 prohibitum
969 4075 1051 4129 luisse
1070 4076 1171 4131 docent
1183 4075 1296 4132 Sinicius
1316 4078 1396 4148 epist.
1412 4084 1424 4130 1
1438 4083 1490 4131 ct
1559 4122 1564 4133 .

219 4181 246 4217 n.
265 4170 294 4228 3,
320 4162 377 4217 Leo
396 4162 475 4231 epist.
497 4166 528 4215 16
546 4179 569 4215 c.
589 4166 604 4213 5
623 4163 651 4214 et
669 4159 747 4230 epist.
770 4166 817 4215 168
836 4177 858 4214 c.
880 4168 891 4212 1
918 4176 951 4213 ac
969 4159 1094 4214 Gelasius
1112 4160 1192 4231 epist.
1214 4168 1245 4215 14
1264 4179 1285 4216 c.
1310 4169 1351 4229 10,
1371 4169 1402 4216 16
1420 4181 1447 4220 ιι.
1464 4168 1489 4214 4.

220 4246 356 4312 Quocirca
374 4263 408 4300 ex
425 4245 472 4299 illo
490 4245 656 4315 populorum
675 4245 711 4299 ad
729 4245 900 4313 baptismum
913 4243 1109 4299 confluentium
1120 4246 1256 4316 singulari
1268 4264 1402 4301 concursu
1414 4247 1490 4300 recte

219 4335 343 4402 arguunt
360 4330 447 4401 legati
465 4330 628 4385 seditiosum
646 4330 781 4384 Dorothei
800 4330 934 4394 animum,
953 4345 1008 4397 quo
1025 4329 1161 4385 iohannis
1178 4330 1266 4401 legati
1283 4349 1340 4387 non
1358 4347 1436 4385 secus
1450 4331 1493 4385 at-

221 4434 275 4485 que
294 4417 412 4472 crudelis
430 4417 459 4471 et
476 4414 555 4485 impii
572 4415 683 4484 tyranni
701 4415 852 4469 adventum
870 4414 1094 4484 repraesentarit.
1130 4415 1327 4471 Observandus
1343 4415 1492 4486 praeterea

220 4503 351 4572 antiquus
370 4519 433 4555 usus
451 4502 638 4566 sacramenta,
656 4498 714 4554 scil.
734 4500 856 4570 corporis
876 4499 990 4567 Christi,
1009 4501 1090 4554 tanta
1101 4501 1205 4571 populo
1219 4500 1367 4570 erogandi,
1386 4502 1492 4570 quanta

219 4587 274 4659 ipsi
291 4588 406 4658 possent
428 4587 464 4642 ad
487 4588 616 4656 tempora
637 4585 686 4639 illa
707 4585 863 4654 periculosa
884 4586 1017 4640 sufficere.
1058 4585 1183 4654 Denique
1205 4586 1259 4640 hoo
1277 4583 1492 4641 Tbessalonicae

220 4673 357 4729 Dorothei
376 4672 492 4726 artifieio
511 4672 616 4727 territis
634 4671 764 4740 plebibus
777 4670 926 4740 contigisse
939 4669 1120 4736 advertimus,
1139 4669 1214 4739 quod
1227 4671 1396 4739 Augustinus
1410 4668 1489 4739 epist.

220 4764 271 4814 228
289 4777 315 4812 n.
336 4765 351 4812 8
368 4758 397 4811 in
422 4756 592 4827 gravissimis
611 4755 814 4810 discriminibus
832 4756 964 4811 accedere
983 4756 1070 4811 solere
1090 4757 1203 4810 enarrat
1223 4755 1252 4809 in
1274 4755 1347 4810 hunc
1365 4754 1491 4810 modum:

221 4849 265 4898 Αιι
284 4865 334 4899 aon
352 4849 500 4910 sopiremus,
520 4864 592 4913 quma
610 4848 645 4896 ud
662 4848 765 4896 istorum
780 4847 951 4910 periculorum
967 4848 1115 4911 peruenitur
1133 4853 1249 4895 extrema
1263 4862 1308 4895 uec
1320 4853 1360 4896 est
1373 4852 1493 4910 poteslas

221 4937 273 4985 ullu
289 4934 417 4998 firpieudi,
442 4939 550 4998 queantur
574 4935 598 4981 iu
616 4933 724 4982 eeclesia
738 4932 798 4995 liert
819 4935 900 4982 soleat
918 4932 949 4982 ub
967 4937 1074 4998 utroque
1096 4947 1162 4981 sexu
1180 4937 1256 4998 alque
1273 4932 1305 4981 ab
1323 4934 1391 4982 omui
1407 4935 1493 4980 aetate

1222 5013 1291 5077 57*
