3450 5678
695 350 907 409 ,antoninus
931 353 1042 403 v-vr.
1454 341 1504 405 <81

212 525 294 602 gnie,
319 514 396 573 unde
411 513 577 590 divulgaret,
593 514 677 590 longe
693 516 777 571 satius
795 515 928 571 iacturum
945 516 1029 572 luisse
1045 515 1192 578 Gelasium,
1211 518 1234 573 si
1248 518 1276 573 in
1292 516 1430 574 adulteriis
1447 535 1506 574 eor·

218 603 375 682 egerendis,
396 617 476 676 quam
497 601 525 657 in
547 598 680 656 abolendo
697 616 748 656 usu
763 618 778 657 a
792 608 835 657 tot
849 603 949 657 sanctis
963 601 1037 657 illius
1053 600 1239 658 decessoribus
1256 602 1371 659 tolerato
1386 602 1506 659 studium

226 700 247 748 at
271 702 398 765 operam
417 694 542 760 poneret.
583 685 669 741 Poma
694 685 800 742 iniamis
821 686 866 742 illa
885 684 1104 760 lupercaliorum
1125 685 1290 742 sollemnitas
1311 687 1355 742 XV
1376 687 1506 744 llalendas

230 774 347 847 lartius
361 768 488 827 celebrari
503 778 696 832 consueverat,
718 773 757 826 uti
779 769 857 827 fidem
873 770 935 827 lacit
951 780 1029 827 vetus
1044 769 1230 827 llalendarium
1246 771 1394 828 Romanum
1409 772 1507 829 Liberii
1602 783 1609 797 ’

237 874 320 932 papae
337 864 368 912 et
380 853 531 913 heustantii
546 856 717 930 imperatoris
734 855 899 930 temporibus
915 855 1018 913 editum
1033 865 1061 912 et
1076 856 1233 912 abuaherio
1245 857 1392 932 vulgatum,
1408 859 1436 914 in
1452 875 1506 932 quo

242 940 537 1016 aoeoemgentittum
549 938 745 997 sollemnitates
761 958 811 997 suo
828 957 950 1015 quaeque
966 940 1009 997 die
1024 951 1210 998 recensentur.
1231 941 1289 998 Non
1305 944 1442 999 consentit
1456 944 1507 1017 igi-

245 1034 283 1080 ιιι
295 1027 344 1083 bie
360 1025 490 1083 dieucum
506 1025 653 1082 festivitate
674 1025 815 1083 cathedrae
830 1028 915 1083 sancti
929 1025 1015 1087 Petn'
1038 1043 1091 1101 qua
1112 1026 1236 1083 nonnulli
1257 1028 1284 1083 iu
1300 1027 1391 1084 Galliis
1413 1045 1507 1102 super·

249 1110 340 1167 sbtiosi
364 1112 428 1167 ritus
449 1108 655 1167 celebrabantur
680 1130 694 1167 a
715 1111 868 1168 l'monensi
889 1110 911 1166 ll
943 1112 1057 1168 concilio
1085 1128 1155 1167 anno
1176 1110 1275 1168 Christi
1296 1113 1358 1170 567
1380 1112 1505 1169 damnati.

251 1192 308 1250 Sunt
332 1199 432 1268 edam,
455 1197 545 1270 iuquit
558 1194 626 1251 illud
641 1196 784 1252 concilium
800 1214 858 1252 can.
872 1195 926 1259 22.
952 1200 1003 1270 qui
1023 1200 1053 1252 in
1065 1197 1231 1283 festivitate
1240 1199 1399 1255 cathedrae
1414 1200 1508 1256 danuvi

251 1279 316 1337 Petri
333 1284 460 1354 apostoli
474 1283 684 1339 eidormortuis
698 1283 840 1354 afferant,
858 1289 885 1337 et
904 1288 972 1355 post
986 1286 1090 1338 missas
1105 1259 1261 1340 redeundes
1278 1285 1321 1339 ad
1330 1285 1427 1340 damas
1435 1302 1506 1355 pro·

248 1368 321 1437 ptiar
328 1369 379 1423 aad
388 1370 508 1441 qeatiies
522 1373 711 1423 reuertuntur
726 1383 852 1438 errores,
869 1374 974 1439 etpost
985 1383 1094 1439 carpas
1104 1367 1220 1424 Domini
1228 1375 1366 1425 sacratas
1375 1371 1509 1425 daemoni
1560 1411 1564 1419 .

249 1465 316 1506 acas
334 1456 497 1525 accipiunt.
524 1451 724 1509 Contestamnr
738 1455 817 1509 iiiam
833 1454 1051 1509 sollicitudinem
1066 1459 1124 1508 tam
1136 1461 1273 1525 pastores
1287 1472 1372 1528 qnam
1384 1455 1506 1527 presby·

247 1544 306 1592 teras
316 1552 442 1610 perere,
459 1545 490 1593 ut
505 1552 705 1612 quemcunque
719 1541 749 1593 in
764 1538 967 1595 baesoeietate
980 1542 1140 1610 persistere
1155 1540 1285 1610 viderint,
1302 1543 1347 1596 ael
1362 1542 1402 1595 nd
1410 1543 1507 1596 neseio
1575 1577 1578 1584 ·

245 1634 302 1696 quat
312 1630 430 1693 petras
443 1629 496 1679 aut
511 1623 634 1679 arbores
647 1629 704 1680 aut.
714 1622 884 1695 adfantes,
899 1625 1050 1698 designata
1064 1625 1131 1680 laea
1145 1627 1308 1697 qerttilium,
1326 1632 1507 1697 perpetrare

245 1721 303 1783 qaae
327 1710 381 1765 ad
397 1710 539 1765 ecelesiae
553 1712 694 1765 rationem
708 1725 765 1765 nan
775 1712 935 1781 pertinent,
957 1725 1006 1765 eos
1021 1710 1058 1765 ab
1074 1712 1197 1765 eeclesia
1213 1716 1317 1765 saneta
1334 1713 1508 1766 auctoritate

245 1790 397 1864 reputant.
423 1791 484 1849 llon
499 1791 598 1848 desunt
614 1801 702 1849 tamen
717 1794 767 1848 viri
782 1793 934 1849 eruditione
949 1793 1027 1855 clari,
1049 1795 1095 1867 qui
1110 1792 1296 1867 Lupercalium
1312 1794 1439 1868 reliquias
1455 1795 1507 1849 hoe

245 1890 342 1934 maone
362 1876 496 1934 damnatas
511 1885 619 1953 putent.
649 1878 755 1941 Verum,
773 1886 802 1934 ut
818 1877 965 1941 observavi,
981 1876 1137 1952 Lupercalia
1148 1877 1248 1934 Romae
1265 1877 1448 1935 15Felrruarii
1464 1879 1507 1934 die

247 1958 460 2026 αιώτδιιιιιιιιι,
486 1962 532 2019 illa
558 1970 648 2019 autern
667 1965 695 2019 in
717 1962 808 2019 Galliis
827 1962 1028 2038 peragebantur
1048 1965 1074 2019 in
1096 1962 1240 2020 festivitate
1261 1963 1402 2020 cathedrae
1422 1965 1507 2019 saneti

247 2045 312 2108 pert
333 2045 393 2104 hoe
406 2058 449 2104 est
463 2046 504 2105 ιι
520 2046 563 2105 die
578 2046 730 2111 Februarii,
753 2050 800 2123 qui
815 2049 873 2104 dies
894 2047 965 2123 apud
980 2047 1128 2112 Romanos,
1152 2058 1181 2104 ut
1202 2066 1235 2106 es
1255 2048 1362 2105 laudato
1384 2049 1507 2105 bucherii

251 2127 402 2191 ldmdado
415 2134 610 2208 comperimus,
633 2132 771 2190 Clraristiis
787 2150 862 2190 sacer
877 2141 948 2195 erat,
971 2135 1007 2189 ita
1029 2142 1059 2189 ut
1080 2134 1150 2190 inter
1164 2132 1319 2208 lupercalia
1335 2143 1361 2190 et
1378 2133 1518 2191 Charistia'

255 2218 299 2276 duc
309 2217 386 2287 apud
398 2236 444 2276 eos
458 2217 653 2275 interciderent
668 2218 720 2274 alia
734 2218 818 2282 iesta,
835 2217 978 2286 Quirinalia
994 2218 1096 2275 scillcet
1113 2219 1151 2276 17
1164 2219 1215 2282 die,
1238 2227 1266 2275 et
1282 2218 1385 2275 Feralia
1401 2219 1444 2275 die
1457 2219 1506 2274 21.

259 2298 370 2360 Siclitm
382 2304 586 2380 superstitiosos
601 2304 679 2368 ritus,
695 2321 765 2378 quos
779 2303 879 2360 Romae
893 2302 1119 2377 inluperealibus
1134 2306 1227 2378 peragi
1239 2306 1412 2361 consuevisse
1425 2321 1508 2378 quum

262 2386 403 2446 limenebus
416 2397 474 2446 tum
489 2387 618 2446 eeclesiae
632 2397 741 2446 nostrae
763 2397 924 2453 memorant,
946 2406 1007 2445 eum
1028 2390 1061 2445 iis
1082 2389 1270 2453 conferantur,
1293 2407 1362 2463 quos
1383 2389 1509 2446 damnant

268 2470 408 2531 turrensis
422 2473 444 2530 ll
464 2473 571 2531 concilii
591 2483 699 2550 patres,
726 2476 754 2530 iu
774 2491 807 2530 eo
829 2474 943 2530 coneilio
965 2475 1174 2548 superstitiones
1195 2492 1251 2531 non
1272 2492 1287 2531 e
1307 2474 1507 2549 Lupercalibus,

273 2551 342 2629 quin
353 2558 549 2616 celebrabantur
562 2576 577 2615 a
592 2558 725 2623 Romanis,
747 2559 795 2616 sed
811 2559 917 2615 aliunde
933 2567 1071 2615 manantes
1087 2562 1175 2616 notari
1197 2568 1278 2634 atque
1293 2560 1411 2617 damnari
1433 2560 1509 2616 iacile

276 2638 399 2712 beamur.
424 2642 557 2714 Quocirca
570 2645 637 2702 nrhrl
652 2654 707 2709 est,
724 2662 772 2702 eur
788 2644 893 2700 Gelasio
910 2642 926 2699 l
929 2644 989 2700 dem
1004 2662 1135 2720 negemus
1151 2645 1264 2702 iniran.
1277 2646 1456 2703 9asserenti:
1472 2645 1508 2702 ln

280 2720 359 2794 Africa
371 2733 409 2788 rel
423 2732 527 2788 Galliis
539 2746 594 2787 nee
606 2730 732 2803 fuerunt
747 2731 902 2805 aliquando
917 2731 1108 2802 lupercalia,
1130 2747 1184 2792 nec
1206 2739 1320 2788 constat
1332 2731 1428 2803 fuisse
1443 2733 1507 2789 sub-

281 2808 334 2864 Wt
360 2811 552 2890 Quamquam'
530 2832 553 2871 sr
568 2831 625 2872 rem
640 2815 720 2872 altius
736 2815 790 2871 ab'
782 2816 868 2890 ipsius
883 2813 1045 2871 celebritatis
1061 2817 1167 2890 origine
1182 2826 1262 2890 atque
1277 2818 1449 2872 institutione
1466 2833 1507 2871 re-

283 2898 384 2965 tinas,
402 2900 530 2976 quasdam
552 2899 739 2976 lupercalium
754 2901 881 2976 reliquias
903 2899 1081 2956 a'luroncnsi
1095 2901 1116 2956 ll
1133 2901 1247 2957 ennodio
1264 2901 1324 2958 tolli
1338 2918 1394 2957 non
1410 2898 1509 2957 inficia-

284 2972 353 3037 ΕΜ
374 2984 474 3062 Quippe
488 2987 633 3056 Arcades,
657 2988 698 3042 uti
712 2986 854 3060 liionysius
878 2985 947 3059 apud
962 2985 1112 3042 iohannem
1128 2984 1256 3042 llosinum
1272 2985 1317 3041 lib.
1331 2986 1350 3042 3
1366 2986 1449 3058 antiq.
1457 2984 1509 3039 llo-

284 3075 334 3120 ml
350 3070 390 3127 ci
404 3079 507 3135 narrat,
523 3074 553 3128 in
568 3074 641 3128 calle
655 3072 790 3128 Palatina
803 3074 914 3144 firmati
927 3088 1013 3144 quum
1028 3072 1163 3142 aedificia
1179 3073 1235 3127 alia
1250 3086 1329 3127 more
1342 3073 1441 3142 patria
1455 3085 1508 3126 ea-

283 3159 546 3230 consentiendum
554 3165 877 3231 quaqueconstruxere,
894 3160 1065 3228 caprimum
1081 3157 1193 3228 quidem
1199 3155 1278 3213 Pani
1286 3156 1411 3228 Lycaeo,
1429 3171 1508 3228 quent

282 3237 365 3296 mttimo
377 3242 401 3298 in
415 3243 521 3299 honore
536 3259 645 3316 semper
658 3241 824 3306 habuerunt,
845 3243 910 3298 ioco
926 3258 1053 3314 conqruo
1067 3246 1194 3310 inventa,
1217 3257 1299 3314 quem
1314 3242 1440 3297 Romani
1452 3241 1507 3296 Ln-

279 3327 464 3399 marcuerant,
480 3329 588 3383 Graeci
595 3320 741 3401 Lycaeum
755 3330 863 3384 dieunt.
886 3326 953 3381 'lum
969 3328 1008 3382 sic
1024 3326 1175 3400 allionysio
1188 3324 1349 3382 describitur
1359 3326 1405 3382 ille
1418 3325 1508 3381 loeus:

281 3402 337 3464 Erat
347 3416 492 3487 antiquitus
507 3420 623 3470 antrum
638 3431 771 3486 maqnum
786 3415 839 3469 aab
853 3414 926 3469 coila
941 3413 1060 3468 arbusto
1075 3415 1163 3468 denso
1179 3419 1354 3481 contectum,
1372 3419 1400 3468 et
1411 3412 1510 3484 fantes

277 3492 399 3566 Metina
407 3498 553 3571 profundi
566 3499 787 3572 adhaerensque
802 3499 923 3570 rupibus
938 3499 1051 3554 crebris
1066 3499 1220 3554 arboribus
1234 3499 1385 3570 etquidem
1399 3500 1511 3570 magnis

276 3593 373 3652 opacus,
393 3586 440 3642 ubi
453 3602 511 3640 ara
526 3584 588 3640 lieo
603 3591 771 3640 constructa
787 3586 936 3655 sacrificia
948 3587 1049 3654 patria
1063 3585 1269 3656 perficiebant,
1291 3600 1367 3658 quae
1386 3584 1512 3639 Romani

268 3672 352 3736 parua
368 3685 461 3726 mense
477 3671 640 3726 Februario
656 3670 850 3742 peragebant.
886 3667 1027 3723 Enimvero
1048 3670 1138 3741 potuit
1158 3668 1229 3732 lieri,
1253 3676 1283 3723 ut
1303 3670 1510 3742 superstitiosus

269 3746 308 3805 ib
319 3749 419 3810 fantium
435 3763 463 3810 et
478 3753 605 3810 arborum
621 3755 709 3810 cultus
725 3755 752 3809 in
768 3752 859 3809 Galliis
874 3761 1054 3827 propagatus,
1076 3769 1091 3808 e
1105 3755 1160 3808 situ
1176 3754 1283 3827 templi,
1305 3752 1379 3827 quod
1394 3752 1510 3809 Arcades

266 3832 322 3893 Pati
333 3834 425 3912 Lycaeo
440 3832 557 3914 priiuum
573 3847 785 3895 construxerunt
805 3847 833 3894 et
849 3837 919 3894 utrde
934 3837 1090 3913 Lupercalia
1105 3846 1180 3902 nata,
1199 3839 1317 3894 [luxerit.
1358 3838 1443 3894 Porro
1459 3839 1510 3894 ista

264 3917 430 3997 lupercalium
445 3923 587 3981 celebritas
603 3923 636 3980 ad
652 3924 748 3982 Gelasii
765 3933 887 3998 tempora
903 3941 957 3979 non
978 3923 1057 3997 plena
1072 3932 1100 3978 et
1120 3926 1225 3998 integra
1247 3926 1441 3998 perseveravit,
1462 3923 1510 3979 sed

259 4004 292 4063 ad
308 4007 438 4083 primariae
452 4011 631 4066 institutionis
646 4011 865 4085 imaginationem
880 4008 1045 4065 adumbrata.
1081 4007 1158 4076 Quod
1179 4011 1250 4065 enim
1266 4025 1281 4063 a
1296 4008 1431 4066 nobilibus
1448 4010 1511 4064 viris

255 4101 283 4149 et
297 4095 415 4151 matronis
436 4093 494 4151 lieri
514 4105 705 4158 consueverat,
727 4112 776 4169 per
796 4095 863 4151 viles
883 4111 913 4150 ac
933 4093 1043 4149 serviles
1065 4110 1195 4167 personas
1217 4093 1406 4169 peragebatur.
1443 4094 1510 4149 lline

252 4176 373 4255 grarlbm
388 4180 506 4255 alloquin
522 4181 585 4236 viris
600 4179 727 4237 ferendus
744 4178 883 4236 videbatur
896 4196 976 4243 usus;
998 4179 1047 4234 sed
1062 4196 1158 4235 eorum
1173 4181 1327 4236 auctoritati
1341 4197 1397 4236 non
1412 4179 1511 4235 cedens
1593 4175 1597 4182 '

251 4265 370 4323 Mutus
385 4264 475 4322 iutiles
490 4267 612 4340 ipsorum
627 4267 741 4340 ineptias
758 4267 855 4321 aeriter
869 4264 949 4320 simul
965 4273 992 4320 et
1007 4266 1143 4339 sapienter
1158 4266 1336 4340 propulsavit.

334 4349 362 4408 3.
383 4348 430 4407 llic
444 4358 576 4407 tractatus
591 4349 740 4407 ellatieano
756 4349 848 4407 eodiee
864 4352 935 4407 iuter
949 4349 1079 4423 epistolas
1090 4349 1241 4423 pontificias
1258 4351 1356 4414 editus,
1372 4350 1510 4406 abaronio

245 4436 278 4495 ad
293 4453 393 4493 annum
407 4434 470 4494 496
485 4443 561 4491 totus
576 4452 688 4492 recusus
705 4444 760 4498 est,
781 4434 932 4497 erroribus,
955 4443 985 4491 ut
999 4435 1134 4510 loquitur,
1157 4444 1286 4510 quantum
1302 4435 1352 4492 sibi
1368 4437 1456 4498 licuit,
1479 4451 1511 4489 er

241 4523 365 4601 propriis
379 4519 542 4592 conjecturis
561 4521 736 4577 emaculatus.
773 4520 906 4583 Nonnulla
928 4518 1037 4594 quidem
1057 4522 1122 4576 satis
1143 4520 1259 4578 feliciter
1278 4521 1441 4582 emendavit;
1463 4517 1511 4573 sed

239 4614 268 4669 in
284 4606 357 4671 dits,
373 4604 437 4663 dum
451 4605 581 4662 medicam
595 4624 702 4663 manum
718 4606 812 4662 allerre
827 4607 930 4667 nititur,
958 4605 1081 4661 morbum
1096 4623 1151 4662 non
1168 4615 1220 4662 tam
1235 4615 1311 4662 sanat
1327 4623 1405 4679 quam
1416 4613 1512 4667 mutat,

236 4697 329 4771 idque
343 4692 401 4767 agit
416 4699 528 4754 tautum,
546 4700 575 4747 ut
590 4691 653 4747 dum
666 4694 749 4767 magis
766 4692 828 4747 latet
846 4689 966 4755 morbus,
983 4690 1101 4747 remedio
1117 4709 1198 4767 egere
1214 4690 1349 4749 diiheilius
1359 4689 1514 4764 depreben-

235 4781 334 4840 fitur.
366 4775 418 4834 Sed
435 4776 497 4833 hine
510 4779 642 4851 comperit
660 4777 759 4842 lector,
782 4774 855 4850 quod
876 4775 1018 4850 aliquoties
1039 4776 1251 4841 observavimus,
1274 4778 1367 4852 quanti
1389 4777 1514 4831 nimirum

233 4866 362 4927 intersit,
380 4880 413 4918 ne
428 4863 488 4937 quis
505 4861 549 4918 ubi
565 4862 598 4918 de
614 4864 782 4938 corrigendis
799 4863 971 4935 antiquorum
987 4863 1094 4936 seriptis
1106 4864 1204 4936 agitur,
1220 4865 1337 4937 propriis
1350 4860 1513 4931 conjecturis

270 4975 438 5015 trierem
450 4975 555 5014 nonar.
570 4975 684 5012 ronrrr.
703 4961 724 5012 1.
1294 4966 1312 5025 6
