3450 5678
619 356 788 407 arrsrorn
814 349 842 405 2.
1305 346 1366 412 237

51 519 251 599 diffugere
264 511 519 577 consideratione
534 511 731 576 testantem?
767 511 888 577 Verum
903 535 1001 597 quum
1015 513 1075 577 tibi
1089 505 1236 598 fugiendi
1252 518 1366 602 tanr²⁸)
1381 541 1405 578 a.
1416 531 1475 580 483.

48 620 155 694 nullan
212 615 250 678 sit
271 636 378 698 causa,
407 618 476 679 tam
502 613 591 679 nulla
616 614 753 679 formido
780 619 839 698 est,
867 618 984 697 metu0,
1015 637 1055 679 ne
1082 619 1174 700 septa
1204 618 1367 683 dominica

48 747 113 796 non
146 722 250 783 tarn
271 738 389 801 pavore
412 716 580 799 deserere,
610 738 721 801 quam,
750 717 833 801 quod
857 720 906 780 est
928 718 1159 800 detestabilius,
1184 724 1298 802 sponte
1319 723 1366 784 vi-

48 823 192 896 dearis
224 818 437 889 saevientibus
460 818 625 902 objecisse.

140 923 214 987 7.
254 921 412 986 Ausculta
439 942 550 985 vocem
571 920 713 1003 ejusdem
736 920 866 985 Domini
888 923 1143 1005 praemonentis:
1173 928 1232 998 Oai
1251 919 1365 990 mecam
1379 914 1457 1037 illia

52 1053 111 1102 „021
132 1036 231 1103 est,
252 1036 361 1089 contra
382 1044 429 1088 mc
450 1035 503 1094 cst,
526 1036 555 1088 et
577 1029 762 1102 quimorem
785 1045 845 1088 noa
868 1030 992 1106 co'llr'pr't,
1016 1024 1193 1111 spurcum).
1231 1025 1276 1090 nt
1295 1026 1365 1091 dili-
1412 1025 1418 1050 '
1460 1027 1465 1037 '

55 1133 214 1224 genter
236 1125 382 1209 attende,
411 1123 493 1189 nihil
523 1124 609 1189 aliud
638 1146 706 1189 esse
734 1147 800 1189 non
828 1146 999 1208 procurare
1025 1148 1107 1208 quae
1130 1125 1251 1191 Christi
1278 1132 1364 1210 sunt,

57 1233 118 1305 nisi
139 1249 216 1292 se
234 1227 340 1312 palam
355 1227 499 1312 profiteri
514 1227 581 1310 ejus
596 1227 772 1291 inimicum.
797 1226 871 1290 Non
887 1226 1098 1312 desperemus,
1122 1228 1233 1312 frater,
1256 1252 1365 1294 veram

61 1330 269 1407 salvatoris
295 1329 398 1393 nostri
431 1350 499 1393 csse
527 1330 738 1412 sententiam,
776 1351 838 1414 qua
865 1351 899 1392 se
926 1351 1024 1414 usque
1053 1331 1093 1395 ad
1120 1331 1218 1396 finem
1245 1333 1364 1397 saeculi
1376 1323 1476 1446 ἓξὲξ

64 1431 257 1509 Ecclesiae
282 1453 359 1497 suae
385 1452 453 1495 non
474 1430 657 1496 defutunrm
679 1454 747 1496 esse
769 1432 941 1515 pollicitus,
970 1453 1030 1497 neo
1059 1433 1100 1496 ab
1121 1433 1240 1498 inferni
1262 1435 1364 1518 portis
1384 1433 1474 1524 16:18’

69 1559 135 1610 eam
164 1532 302 1598 dixerit
324 1555 394 1598 esse
415 1534 641 1618 superandam,
666 1534 741 1619 quia
763 1534 881 1616 omnia,
906 1556 986 1618 quae
1001 1557 1059 1619 per
1074 1535 1268 1619 apostolicae
1283 1537 1365 1601 scita
1377 1563 1406 1616 ep
1420 1533 1505 1628 ως),

71 1635 257 1711 doctrinae
277 1634 458 1721 ligarentur
479 1635 515 1700 in
536 1637 640 1720 terris,
669 1658 730 1701 nec
752 1637 787 1701 in
809 1635 997 1701 coelesti-bus
1018 1638 1209 1701 memoravit
1231 1639 1362 1704 absolvi.

76 1744 200 1825 Neque
228 1740 384 1822 putemus,
411 1738 496 1822 quod
517 1738 711 1823 quibuslibet
732 1740 776 1803 sit
797 1738 916 1803 vallata
937 1739 1097 1823 periculis,
1122 1762 1263 1824 unquam
1285 1763 1363 1826 pon·

79 1850 131 1916 dus
148 1839 291 1924 vigoris
314 1841 365 1904 sui
385 1841 436 1904 vel
459 1862 593 1905 censura
616 1841 791 1905 beatissimi
807 1841 896 1905 Petri
919 1842 968 1905 vel
984 1841 1158 1906 auctoritas
1173 1843 1363 1907 universalis

83 1943 227 2018 muas
244 1940 424 2007 Ecclesiae:
458 1965 539 2027 quae
561 1947 683 2027 quanto
704 1944 808 2028 magis
832 1946 938 2026 cavet,
973 1966 1015 2007 ne
1037 1944 1149 2008 mundi
1171 1946 1363 2028 prosperita·

86 2050 163 2121 tibus
204 2043 395 2128 intepescat,
423 2047 516 2109 tanto
544 2068 610 2109 non
637 2046 811 2131 frangitur,
842 2046 896 2109 sed
925 2047 1031 2129 potius
1060 2046 1185 2109 erudita
1208 2047 1362 2112 divinitus

94 2143 212 2224 messit
235 2144 430 2232 adveniam).
483 2147 595 2235 Ubi³¹)
621 2147 880 2231 prospiciendum
899 2151 961 2232 cst,
991 2171 1032 2212 ne
1055 2171 1135 2232 eam,
1163 2170 1243 2233 quae
1265 2149 1363 2213 nullis

230 2247 315 2314 obrui
343 2249 481 2314 molibus
508 2249 736 2334 procellarum,
766 2250 947 2334 quicunque
955 2251 996 2335 3‘·')
1020 2252 1224 2335 submergere
1247 2251 1364 2315 nititur

100 2347 248 2430 inhujus
266 2351 384 2417 sacculi
406 2352 521 2437 pelago
543 2352 764 2435 fluctuantem,
794 2353 863 2436 ipsc
886 2352 990 2436 potius
1014 2376 1033 2416 a
1054 2353 1289 2438 gubernatione
1314 2376 1363 2417 sa·

103 2448 199 2530 lutati
219 2451 426 2539 inprofunda
448 2454 591 2538 dejectus
613 2455 669 2518 illa
691 2454 897 2539 praevalente
919 2457 1095 2541 mergatur.
1136 2476 1142 2483 ·

190 2548 220 2614 8·
255 2555 359 2641 Atque
381 2556 462 2640 ideo,
491 2579 588 2641 quum
614 2556 708 2642 ita³³)
735 2557 788 2641 sit,
818 2579 942 2640 moneo,
972 2546 1082 2621 hortor
1110 2561 1142 2621 et
1169 2559 1296 2642 suadeo,
1327 2562 1364 2623 ut

109 2673 193 2751 qaae
215 2656 316 2722 omissa
343 2662 421 2723 sunt
448 2659 606 2744 corrigas,
642 2662 675 2722 et
697 2660 903 2744 sequentibus
926 2659 1039 2723 studiis
1062 2659 1101 2723 dc
1123 2664 1155 2724 te
1177 2660 1279 2725 facias
1298 2683 1362 2725 me-

113 2768 197 2833 liora
215 2760 321 2824 untiri.
366 2759 542 2846 Negligere
569 2762 703 2847 quippe,
734 2783 831 2846 quum
852 2762 954 2846 possis
984 2761 1154 2826 deturbare
1184 2784 1359 2846 perversos,

110 2855 197 2934 nihil
217 2864 257 2925 est
278 2861 365 2927 aliud
386 2885 483 2948 quam
504 2864 627 2947 fovere3
655 2885 715 2928 uec
739 2867 827 2927 caret
848 2865 995 2948 scrupulo
1018 2865 1181 2928 societatis
1203 2864 1359 2947 occultae,

109 2962 166 3052 qni
189 2960 329 3029 undanter
351 2965 489 3030 facinori
511 2965 629 3030 desinit
651 2966 789 3029 obviare.
835 2965 929 3029 Unde
951 2967 978 3029 si
1002 2970 1113 3030 contra
1136 2966 1248 3049 synodi
1269 2966 1361 3029 insti·

104 3068 181 3134 tura
202 3060 453 3154 (lelohedoncnsis
480 3068 611 3132 tendere
639 3067 769 3131 hostilia
792 3067 887 3131 corda
914 3068 1137 3153 praespicisii)
1161 3071 1194 3132 et
1214 3069 1360 3153 quiescis,

103 3165 188 3236 mihi
207 3168 300 3254 crede,
327 3170 437 3235 nescio
464 3153 729 3255 quemadmodum
758 3174 790 3233 te
818 3169 983 3233 Ecclesiae
1011 3170 1108 3233 tritius
1141 3193 1264 3234 asseras
1293 3193 1361 3234 csse

102 3320 162 3330 ...-

169 3390 304 3458 ¹⁸)1taE1
322 3391 356 3446 E²
372 3391 406 3445 F²
423 3391 472 3458 Hi,
495 3390 549 3446 nisi
573 3392 647 3462 quod
664 3392 698 3445 F²
710 3391 746 3444 H'J
766 3404 815 3445 tam
833 3397 900 3446 nulla
922 3396 1048 3459 fortitudo
1067 3403 1113 3445 cst.
1149 3390 1225 3444 Editi
1243 3398 1311 3445 nulla
1328 3399 1362 3445 sit

94 3495 180 3536 cau
198 3495 264 3539 m,
284 3492 404 3547 moxque
422 3495 484 3532 eum
501 3478 534 3531 F*
552 3478 590 3531 Hl
606 3483 690 3532 aarum
712 3481 827 3531 dentibus
845 3476 889 3545 (1¹¹²
905 3483 929 3530 ai
946 3478 1096 3544 videntibus)
1117 3481 1243 3543 objecisse
1263 3476 1307 3542 (W
1324 3477 1362 3530 Ηε

92 3564 242 3633 meam).

162 3649 195 3714 ¹⁹)
212 3647 255 3702 lu
269 3647 450 3704 E¹E²F²H⁸.
486 3648 561 3702 Editi
583 3654 709 3718 disperpit
780 3652 838 3702 Non
861 3654 1024 3717 desperemus
1043 3651 1134 3714 socero
1158 3650 1258 3713 (fucere
1276 3648 1361 3702 etiarn

87 3738 123 3792 f*
135 3733 177 3790 Η·
192 3731 267 3801 add.)
281 3738 368 3801 frater
441 3741 524 3789 nostri
540 3740 689 3788 sententiam
749 3739 877 3802 pollicitus
895 3744 933 3787 est
952 3753 997 3786 acc
1015 3736 1047 3786 ab
1065 3738 1145 3800 inseri
1160 3754 1187 3801 p.
1203 3753 1224 3788 e.
1244 3739 1312 3787 decu

84 3836 113 3879 et
130 3839 201 3892 que
218 3824 299 3873 onnia
315 3839 374 3888 per.

158 3907 191 3973 ³¹)
210 3901 289 3968 Quod
305 3903 460 3973 suspicatus
477 3904 577 3971 Hard,
596 3905 734 3974 praebent
752 3921 849 3958 revera
866 3902 955 3957 nostri
972 3920 1037 3955 mss.
1075 3902 1149 3956 Editi
1168 3909 1300 3958 adversas.

158 3992 191 4058 ¹¹)
208 3989 253 4043 lta
268 3988 302 4042 E*
314 3988 348 4043 E*
360 3989 394 4042 Ρ
405 3988 450 4042 ΗΟ.
485 3988 562 4043 Editi
582 3994 654 4044 Unde
673 3989 719 4056 (ad
737 4007 825 4059 marg.
845 3994 897 4055 sabi)
914 3993 1119 4056 perspiciendum
1191 3993 1304 4043 ructibus.

153 4077 188 4143 8Ὶ)
208 4074 253 4128 lta
268 4073 448 4128 E1E‘F2flt
479 4074 553 4128 Edita·
571 4096 625 4128 earn
642 4079 802 4142 sabrncrpcru
868 4081 893 4126 iu
910 4078 966 4141 ipso
984 4078 1081 4127 soeculi
1095 4080 1358 4142 pelopoflucnumtis.

78 4165 210 4230 lexque
230 4158 265 4212 ΕΡ
280 4166 412 4218 salvatori.

152 4250 188 4315 ³³)
206 4244 242 4299 Ε*
258 4251 296 4299 ita
311 4251 364 4300 sint
382 4246 412 4298 et
427 4261 492 4300 mox
509 4263 572 4299 cum
590 4245 623 4297 1²²
641 4251 757 4299 euertisse
775 4244 862 4312 (E1e0
877 4246 975 4310 mirso),
994 4242 1041 4296 ubi
1059 4243 1128 4297 editi
1145 4251 1283 4299 comississu.
1314 4244 1360 4297 Sc-

76 4330 204 4406 qnentia
227 4329 314 4384 rerba
335 4334 471 4399 Neplr'pere
493 4337 588 4400 qnippe
661 4336 754 4384 desinit
775 4334 877 4383 obviare
901 4327 999 4381 Felicis
1021 4329 1109 4382 nostri
1130 4329 1241 4382 nominc
1264 4329 1361 4382 Victor

75 4421 238 4493 episcopua
251 4413 479 4485 Carthaginensis
495 4414 524 4468 in
538 4415 658 4484 epistola
676 4415 712 4468 ad
725 4414 904 4468 Theodorum
921 4429 1027 4482 papam
1045 4413 1154 4480 laudat,
1173 4431 1244 4482 qnae
1256 4413 1284 4465 in
1298 4430 1360 4467 eon·

74 4506 146 4560 cilio
165 4500 353 4556 Laterancnsi
370 4501 421 4555 sub
434 4499 559 4555 Martiae
577 4500 651 4553 lecta
669 4501 724 4566 est,
747 4516 835 4568 caque
857 4498 917 4567 ipse
933 4498 1070 4552 Martinus
1091 4498 1197 4552 ibidem
1220 4497 1361 4566 approbat

74 4587 181 4659 <Eud
196 4585 262 4641 coll
276 4601 351 4641 conc.
365 4585 417 4652 111,
430 4592 479 4642 758
492 4588 521 4640 st
533 4589 601 4654 759).
631 4585 738 4640 Eadem
750 4584 871 4639 Isidorus
883 4583 1023 4638 Mercator
1036 4601 1121 4651 quum
1133 4582 1268 4652 epistolae
1280 4582 1360 4636 Eleu-

73 4674 167 4732 eherii
184 4688 282 4742 papae
300 4670 337 4725 ad
349 4670 457 4726 Galliae
474 4670 630 4740 provincias
649 4689 671 4725 c.
686 4679 714 4736 3,
732 4672 793 4724 tum
809 4669 909 4724 litteris
924 4668 1108 4724 Orientalium
1121 4668 1157 4722 ad
1169 4668 1185 4720 J
1188 4667 1280 4734 ulium,
1299 4673 1358 4720 tum

73 4761 206 4829 deniqne
226 4755 327 4810 litteris
339 4755 542 4826 Aegyptiorum
560 4756 596 4810 ad
614 4756 733 4811 Felicem
751 4773 855 4825 papam
873 4754 1003 4821 inseruit,
1022 4771 1055 4808 ac
1073 4753 1185 4822 quidem
1204 4759 1235 4806 ut
1247 4770 1280 4806 ex
1293 4752 1360 4807 duo·

73 4850 129 4903 bns
151 4840 309 4914 postremis
325 4841 394 4896 locis
411 4841 512 4909 liquet,
531 4859 564 4895 ex
583 4844 739 4896 memorata
755 4840 876 4895 Victoris
895 4840 1015 4910 epistola
1033 4838 1178 4907 descripta.

147 4933 182 4998 ³⁴)
203 4929 251 4981 lta
269 4926 302 4979 ΕΙ
315 4926 350 4980 E’
362 4926 395 4979 Ρ
408 4927 457 4994 Hs,
475 4927 528 4982 nisi
547 4927 620 4996 quod
639 4928 671 4980 ll¹
692 4945 753 4980 cum
772 4926 853 4981 editis
870 4933 999 4995 perspicis
1072 4931 1175 4978 naamis.
1206 4923 1280 4977 illiti
1298 4944 1359 4994 per·

1582 1798 1596 1837 l
