3450 5678
641 360 835 441 urrsronan
859 351 911 412 26.
934 351 985 412 27.
1381 351 1445 417 423

176 518 403 602 reclamarunt,
428 537 484 582 cur
498 537 565 582 non
580 538 614 581 se
629 538 649 581 a
662 516 721 581 tali
737 516 888 602 contagio
903 521 1116 602 removenmt,
1139 541 1238 605 quum
1255 521 1359 609 jam⁴)
1381 522 1444 587 evi·
1456 532 1492 596 (a.
1503 535 1572 601 aaa.)

176 623 290 688 denter
310 620 515 686 adverterent
540 620 612 685 idco
635 619 864 686 Calendionem
891 620 1073 704 depulsum,
1106 624 1143 686 ut
1168 622 1339 688 haereticis
1366 645 1445 709 pan-

176 725 305 790 deretur
325 720 500 788 introitus?
542 720 646 799 Quare
668 721 721 787 hic
742 720 824 787 nihil
832 722 859 806 ⁶)
887 722 926 786 de
947 723 1085 807 synodo,
1117 723 1197 789 nihil
1221 725 1332 810 dere,
1362 726 1445 791 nihil

176 828 216 893 de
235 826 299 892 fide
321 825 523 910 Christiana,
560 824 643 890 nihil
670 824 709 890 de
736 845 946 916 personarum
974 826 1211 891 examinatione
1240 829 1445 894 tractarunt?

176 929 210 996 si
232 951 309 995 vero
329 928 377 994 illi
400 928 468 1016 sel)
497 927 712 994 communioni
739 927 918 993 voluntarie
946 927 1171 1011 subdiderunt,
1206 929 1247 992 ab
1269 931 1444 1014 apostolica

176 1032 251 1097 sede
279 1035 367 1097 certe
394 1030 534 1115 separati
562 1034 654 1096 sunt:
691 1051 763 1095 cum
785 1030 903 1095 talibus
927 1033 960 1095 et
981 1031 1065 1116 apud
1086 1029 1183 1115 tales,
1212 1031 1338 1098 etiamsi
1361 1037 1444 1099 esset

174 1156 305 1201 necesse
326 1133 407 1217 fieri,
430 1132 520 1198 nulla
541 1135 650 1216 posset
671 1132 801 1197 omnino
824 1133 962 1217 synodus
984 1133 1163 1217 provenire.
1204 1132 1323 1209 Quodsi
1351 1135 1443 1222 ignc-

174 1259 264 1303 rasse
286 1258 320 1303 se
342 1235 499 1319 dixerint,
529 1234 632 1320 qualis
655 1234 773 1322 npud⁷)
796 1234 1004 1300 Antiochiam
1028 1237 1103 1320 post
1125 1234 1353 1302 calendionem
1374 1261 1442 1304 suc-

175 1340 325 1405 cessisset
351 1338 502 1421 antistes,
537 1337 614 1422 quid
640 1336 772 1419 mirum,
808 1337 851 1420 si,
881 1338 936 1421 qui
963 1339 999 1401 in
1021 1337 1153 1403 Oriente
1175 1339 1272 1423 positi
1299 1362 1380 1425 quae
1407 1342 1443 1406 in

174 1443 307 1528 regione
328 1463 385 1506 sua
407 1439 613 1524 contigerant
633 1439 714 1504 scire
729 1439 951 1524 nequivenmt,
975 1461 1108 1524 eaquae
1124 1441 1209 1525 apud
1232 1442 1442 1526 apostolicam

174 1546 284 1610 sedem
304 1546 397 1631 gesta
418 1543 549 1607 fuerant
569 1540 774 1628 ignorarint?
810 1540 874 1606 Cur
895 1545 1016 1626 tamen,
1039 1545 1249 1628 posteaquam
1270 1546 1311 1610 ad
1326 1567 1442 1619 ‚eorum

173 1647 325 1713 notitiam
346 1646 508 1730 pervenit,
537 1643 640 1730 qualis
663 1648 748 1709 esset
770 1644 916 1709 sacerdos
944 1645 1028 1729 apud
1050 1645 1258 1711 Antiochiam
1289 1649 1441 1714 constitu-

172 1754 239 1833 tus,
261 1771 329 1814 non
350 1749 419 1833 ejus
441 1747 602 1813 consortia
624 1747 776 1814 continuo
795 1746 1011 1831 respuerunt?
1047 1746 1128 1822 and
1151 1750 1388 1815 exornationem
1402 1751 1441 1817 de

173 1850 379 1937 ignorantiae
402 1851 505 1916 colore
527 1849 753 1934 praetendunt,
777 1871 876 1934 quum
894 1848 1049 1933 hodieque
1065 1852 1098 1913 et
1111 1850 1353 1939 manifestata⁸l
1368 1874 1442 1918 con-

172 1955 266 2041 tagia
286 1953 479 2038 perfidorum
501 1955 534 2017 et
556 1973 576 2016 a
597 1952 690 2016 nob'is
711 1952 837 2037 saepius
853 1952 1044 2036 exprobrata
1059 1952 1245 2017 sectentur?
1279 1952 1347 2030 Quo
1362 1956 1441 2021 satis

174 2060 327 2143 apparet,
361 2056 435 2141 quia
457 2077 517 2120 nec
538 2057 616 2120 tunc
638 2055 781 2139 quidem,
817 2054 942 2119 etiamsi
971 2050 1216 2139 cognoscerent,
1250 2055 1439 2143 refutarent,

173 2159 303 2247 quando
330 2180 416 2224 nuuc
444 2157 541 2222 etiam
569 2157 732 2242 publicata
759 2179 825 2222 non
852 2160 1001 2221 renuunt.
1046 2155 1181 2221 Prorsus
1208 2158 1244 2222 in
1266 2158 1442 2244 quamlibet

138 2312 141 2317 -
173 2285 209 2329 se
240 2264 366 2348 partem
402 2259 714 2346 causationemquel)
752 2262 956 2343 convertant,
996 2260 1187 2325 manifestae
1219 2260 1365 2326 veritatis
1393 2263 1441 2328 ita

173 2364 296 2450 laqueis
319 2363 525 2445 suffocantur,
559 2365 595 2426 ut
622 2361 687 2426 suis
709 2361 771 2446 ipsi
798 2362 904 2427 verbis
926 2362 1051 2447 possint
1073 2362 1259 2447 actibusque
1282 2364 1438 2450 concludi,

173 2489 234 2534 nec
254 2466 319 2532 nisi
340 2465 441 2530 sclam
462 2463 636 2549 perniciem
658 2464 840 2529 obstinatae
861 2464 1014 2548 perfidiae
1036 2464 1195 2529 residuam
1216 2466 1384 2531 ventilare.

257 2568 288 2634 2.
326 2567 416 2633 Haec
438 2570 561 2652 auum,
591 2588 671 2652 quae
693 2566 733 2631 de
755 2566 950 2632 Calendicne
978 2566 1151 2632 venerabili
1174 2568 1375 2653 dictasunt,
1407 2573 1439 2636 et

175 2673 212 2739 in
225 2669 383 2738 dohannis
399 2669 610 2734 Alexandrini
633 2669 828 2734 conveniunt
850 2672 937 2734 certa
958 2669 1083 2734 ratione
1104 2692 1283 2753 personam.
1325 2671 1438 2757 Immo,

173 2775 202 2841 si
225 2796 319 2840 causa
341 2771 451 2838 eadem
472 2772 569 2836 latius
591 2773 782 2858 inquiratur,
806 2775 918 2838 tantae
940 2772 1006 2836 illic
1023 2772 1219 2858 tragoediae,
1242 2773 1327 2838 tanti
1349 2795 1438 2858 repe-

172 2878 300 2943 riantur
314 2897 446 2959 errores,
469 2877 515 2959 ut,
539 2875 566 2938 si
582 2875 643 2959 ipsi
658 2876 725 2940 sint
735 2876 870 2960 judices,
892 2874 946 2960 qui
962 2875 1072 2939 eadem
1087 2877 1324 2959 perpetrarunt,
1341 2897 1438 2960 quum

171 2980 336 3046 evidenter
367 2976 490 3042 fuerint
521 2976 743 3062 confutatiffl),
783 3001 802 3041 a
834 2978 882 3042 sui
912 2977 1118 3043 damnatione
1151 2998 1217 3042 non
1244 2980 1435 3062 temperent.

170 3082 285 3148 Palam
307 3080 394 3145 enim
415 3079 481 3145 illic
504 3083 676 3165 aperteque
699 3082 906 3164 monstratur,
930 3079 1012 3144 nihil
1034 3080 1120 3145 aliud
1143 3102 1238 3165 quam
1260 3080 1438 3165 quaesitam

170 3206 312 3267 causam,
336 3182 599 3268 quemadmodum
622 3181 778 3246 catholico
800 3182 1011 3267 qualicunque
1034 3182 1164 3266 depulso
1190 3182 1341 3266 pontifice
1363 3182 1437 3247 hae·

168 3287 270 3353 retice
291 3285 389 3351 Petro
411 3288 605 3349 reseraretur
626 3306 779 3349 accessus.
824 3283 915 3348 Tunc
937 3284 1023 3349 istud
1043 3306 1137 3349 nemo
1160 3284 1362 3370 discutiebat,
1386 3308 1436 3370 sy·

170 3389 290 3457 nodum
317 3409 412 3453 nemo
439 3386 605 3472 poscebat,
640 3387 759 3470 passim
791 3386 899 3451 omnia
930 3386 1020 3451 licito
1052 3386 1122 3452 fieri
1150 3408 1169 3451 a
1198 3386 1436 3472 quibuscunque

172 3563 401 3574 -..-------—-=
413 3563 476 3568 —--

239 3666 260 3732 ‘)
278 3663 323 3717 lta
338 3661 374 3715 Fd
385 3660 426 3714 ΡΝ
438 3659 475 3713 N⁸
488 3659 535 3725 0¹3
562 3664 589 3713 c⁵
600 3661 626 3713 c'
639 3662 664 3713 c⁹
676 3661 714 3712 c¹⁰
730 3670 793 3725 tan,
816 3656 851 3712 0²
863 3660 888 3711 c¹
907 3678 960 3713 11111
977 3664 1118 3722 widenier,
1141 3674 1261 3728 moxque
1278 3659 1308 3714 d²
1324 3665 1436 3716 minod-

168 3758 308 3806 uerterent.

238 3835 261 3903 ⁸)
278 3833 323 3906 lta
339 3849 404 3886 mss.
422 3830 495 3884 DN·
507 3829 541 3884 0¹
554 3829 589 3884 0²
602 3828 644 3894 d²;
663 3830 700 3882 c¹⁰
718 3827 823 3882 onrittit
840 3833 901 3882 nillil
918 3833 950 3882 dc
967 3835 1072 3897 synodo

239 3921 262 3987 ⁸)
279 3922 307 3973 11Β
318 3919 345 3972 c'
357 3922 383 3970 c·
395 3918 434 3971 11ω
451 3916 558 3970 addunt
575 3934 670 3974 noran,
690 3913 765 3982 quod
782 3914 864 3968 abest
881 3931 899 3968 a
915 3931 977 3968 mse.
1008 3913 1132 3968 Verbum
1150 3920 1187 3968 iiii
1202 3915 1318 3984 perinde
1337 3916 1380 3971 est
1396 3918 1435 3972 at

169 4019 227 4075 que
243 4008 309 4058 laic.
343 4002 385 4057 De
404 4001 595 4056 communione
613 4000 706 4053 autem
725 4016 787 4052 cum
804 3997 887 4052 Petro
905 3998 1021 4052 Fullone
1037 3998 1108 4053 inita
1125 4016 1216 4054 sermo
1229 4002 1278 4055 eet.
1305 4001 1370 4056 Mox
1382 4022 1435 4057 cnm

168 4092 263 4145 um
278 4087 354 4143 idem
372 4089 415 4142 est
433 4085 507 4155 quod
525 4105 579 4140 cum
597 4088 778 4151 Orientalibus,
797 4083 844 4150 qui
863 4090 926 4138 idea
944 4086 1097 4138 evaserunt.

239 4177 261 4242 ¹)
279 4176 306 4228 θ’
318 4177 344 4228 c²
356 4175 382 4228 c·
395 4177 432 4227 111ο
451 4176 613 4238 Antiochiae,
632 4168 665 4224 0¹
679 4173 704 4224 c¹
723 4176 749 4224 in
767 4174 915 4232 Antiochia,
934 4186 1053 4238 moxque
1071 4169 1105 4222 Fe
1118 4169 1158 4222 ΡΒ
1170 4187 1213 4224 cc
1229 4160 1381 4241 contigerint

169 4267 330 4330 waroni.

243 4347 265 4413 θ)
281 4343 319 4398 D·
335 4349 482 4412 mommio,
501 4358 619 4412 moxque
638 4343 666 4396 d¹
685 4345 758 4407 Quod
773 4346 844 4395 coia.

239 4429 397 4499 ⁹)010201
418 4431 447 4483 et
464 4430 521 4484 tres
538 4427 585 4482 alii
602 4445 667 4481 mee.
687 4431 930 4496 remotionemque.
965 4426 1084 4494 Moxque
1105 4424 1135 4478 d¹
1153 4430 1269 4480 concludi
1292 4435 1317 4479 ei
1333 4429 1434 4479 comin-

169 4525 264 4570 οων
280 4520 394 4577 munbi,
412 4515 442 4569 et
458 4514 494 4567 D⁵
512 4512 618 4567 omittit
633 4516 769 4567 residuam

241 4602 274 4669 ¹⁰)
291 4598 321 4654 d¹
338 4606 475 4654 mmccccl
491 4598 520 4653 et
537 4596 650 4651 1110110ι
667 4616 684 4650 o
701 4616 748 4650 ann
766 4601 937 4656 domnoleno.
957 4596 1155 4651 reluctantibus
1168 4595 1229 4651 aliie
1246 4594 1331 4648 libris.
1362 4593 1434 4649 Sane

170 4683 336 4740 adverbium
358 4689 500 4746 1111111111,
528 4683 601 4750 quod
624 4681 777 4749 arrtecedit,
804 4679 1017 4752 praeferendum
1043 4681 1142 4736 suadet
1163 4680 1278 4735 verbum
1299 4684 1433 4747 consaioii.

168 4770 270 4840 Neque
288 4786 354 4825 vero
376 4785 437 4823 rece
459 4767 513 4822 nisi
535 4767 739 4822 evidentissima
757 4764 909 4822 mussitatio
927 4765 963 4819 ad
980 4771 1021 4821 cini
1037 4772 1220 4822 emanationem
1238 4781 1338 4833 cogere
1349 4764 1432 4819 valet.

170 4854 226 4909 llic
242 4854 380 4925 respicere
397 4854 508 4908 videtur
526 4852 650 4908 Gelasiue
672 4852 708 4906 ad
729 4850 907 4920 prolixiorem
925 4850 1083 4921 epistolam,
1106 4868 1188 4920 quam
1206 4849 1304 4904 Felicis
1324 4848 1434 4904 nomine

170 4938 283 5011 mipeit
299 4939 334 4994 de
350 4932 467 4996 utenda
484 4937 675 4994 communione
692 4935 785 4990 Aeacii
803 4935 905 5005 (Gelae.
924 4935 1004 5011 epist.
1018 4941 1053 5008 1).
