3450 5678
126 322 190 390 510
602 338 630 387 s.
648 336 789 387 sannen
811 336 926 386 ranna

125 496 218 560 mixti
240 514 332 559 orare
353 497 410 559 aut
425 494 561 579 psallere
584 495 693 578 ....'²)
716 494 893 577 antiquitus
908 493 1056 577 proprius
1070 494 1211 558 statutus
1232 491 1324 557 loeus
1347 498 1402 557 ant

126 602 217 662 extra
239 597 406 662 ecclesiam
440 599 496 661 aut
525 597 558 660 iu
587 596 681 659 initio
708 596 860 660 introitus
889 596 1058 679 ecelesiae,
1092 595 1148 659 ubi
1175 596 1216 661 ad
1242 596 1403 661 orandum

126 704 160 766 et
180 700 372 764 audiendum
395 699 538 762 divinum
560 698 702 762 officium
725 698 858 762 stabant
873 697 1104 781 catechumeni,
1128 696 1161 762 id
1176 701 1227 762 est
1247 699 1404 763 instructi

127 803 176 867 vel
199 804 375 867 audientes.
421 800 465 864 Et
486 800 573 864 infra
596 801 763 865 ecelesiam
786 822 882 885 super
903 801 981 865 istos
1009 803 1079 866 erat
1101 800 1250 865 similiter
1271 801 1404 885 proprie

125 904 214 969 locus
236 908 393 986 statutus,
423 903 476 967 ubi
499 903 633 967 stabant
654 903 872 987 poenitentes:
907 906 943 967 ut
969 924 1081 967 omnes
1103 902 1138 967 in
1160 902 1332 968 ecclesiam
1354 904 1403 967 in-

125 1009 289 1071 troeuntes
317 1006 438 1070 scirent
466 1026 518 1069 eos
548 1005 588 1069 de
611 1005 830 1070 criminalibus
860 1005 961 1089 culpis
990 1005 1171 1089 poenitere,
1206 1010 1240 1071 et
1267 1010 1402 1070 orarent

125 1130 183 1192 pro
205 1108 267 1192 eis,
299 1111 332 1172 et
353 1106 400 1171 illi
424 1129 481 1191 per
503 1107 581 1172 haec
604 1107 764 1172 humiliati
787 1109 893 1193 magis
915 1107 1096 1191 reciperent
1116 1107 1246 1171 veniam
1268 1105 1403 1171 delicto·

125 1232 197 1273 rum
219 1232 359 1275 suorum.
404 1209 449 1273 Et
471 1231 566 1293 super
588 1208 645 1272 hos
672 1211 707 1274 in
736 1210 799 1274 alio
828 1210 981 1275 ecclesiae
1008 1209 1279 1297 spatiostabanc
1300 1210 1403 1275 ceteri

125 1311 234 1376 fideles
256 1312 341 1395 laici,
365 1312 528 1397 segregati
551 1316 660 1376 tamen
684 1334 703 1379 a
726 1312 859 1377 clericis.
909 1312 1075 1396 Quumque
1098 1315 1205 1376 autern
1226 1312 1264 1376 in
1285 1311 1402 1397 aliqui·

125 1415 183 1479 bus
213 1414 362 1499 capitulis
393 1415 526 1479 canonis
553 1416 694 1497 dicatur,
733 1417 769 1478 ut
796 1436 854 1498 pro
881 1436 1070 1499 quacunque
1099 1413 1260 1479 criminali
1287 1414 1324 1479 id
1352 1420 1404 1479 ast

124 1517 264 1601 graviori
287 1516 382 1600 culpa
404 1517 551 1600 ejiciatur
579 1517 619 1580 ab
649 1517 783 1581 ecelesia
812 1517 1007 1601 quicunque,
1041 1539 1108 1581 non
1135 1519 1185 1581 est
1211 1514 1403 1603 intelligen-

124 1619 216 1702 dum,
239 1622 277 1683 ut
296 1619 444 1684 funditus
465 1618 675 1704 prohibeatur
696 1620 737 1683 ab
752 1620 838 1683 omni
855 1624 1015 1684 conventu
1038 1622 1071 1682 et
1091 1618 1255 1684 auditione
1269 1618 1403 1683 divinae

124 1720 228 1785 laudis
250 1725 284 1785 et
304 1724 548 1806 praeceptorum
571 1721 717 1805 Domini3
739 1722 823 1806 quod
846 1722 941 1786 nimis
962 1721 1134 1786 absurdum
1156 1724 1206 1785 est
1227 1725 1263 1786 et
1283 1726 1403 1787 contra

123 1826 330 1908 praeceptum
353 1823 481 1888 divinae
504 1823 709 1907 clementiae,
738 1827 775 1886 ut
796 1845 894 1908 aeger
915 1846 935 1888 a
957 1823 1066 1888 divina
1088 1820 1277 1888 excludatur
1298 1824 1400 1889 medi·

125 1927 198 1990 cina
220 1925 298 2010 Dei,
330 1927 384 2011 qui
415 1948 472 2010 pro
494 1927 597 1991 salute
619 1928 824 2010 peccatorum
853 1930 903 1990 est
930 1927 1118 1991 incarnatus
1145 1930 1180 1991 et
1200 1947 1335 2011 passus,
1368 1934 1402 1992 et

125 2028 270 2111 abjectus
292 2028 334 2092 ab
355 2029 442 2093 omni
466 2032 624 2094 conventu
647 2032 680 2093 et
703 2029 920 2093 consolatione
940 2028 1081 2093 fidelium
1096 2028 1224 2093 diabolo
1238 2029 1400 2095 tradatur.

125 2129 186 2194 Sed
209 2130 407 2213 praedictum
430 2130 665 2195 rationabiliter
687 2131 934 2216 intelligemhun
956 2134 1015 2214 ost,
1041 2135 1078 2195 ut
1099 2130 1250 2214 ejiciatur
1271 2152 1293 2195 a
1316 2153 1400 2197 oom-

124 2233 276 2295 munione
298 2232 330 2295 id
354 2236 402 2297 est
425 2234 585 2298 consortio
608 2233 744 2297 aliorum
766 2234 917 2316 fidelium,
941 2233 996 2318 qni
1018 2234 1106 2297 intra
1123 2231 1294 2299 ecclesiam
1309 2238 1401 2299 anun

124 2336 269 2418 ternpore
284 2335 440 2399 orationis
463 2338 496 2399 et
512 2335 614 2400 laudis
630 2335 707 2418 Dei,
731 2339 765 2398 et
786 2339 851 2399 stet
874 2357 930 2420 per
952 2338 1092 2399 statutos
1115 2356 1219 2399 annos
1241 2334 1283 2399 ad
1305 2356 1401 2401 oran·

124 2435 199 2499 dum
221 2439 254 2500 et
267 2436 377 2500 laudes
394 2436 452 2500 Dei
476 2437 669 2502 audiendum
693 2441 783 2501 extra
805 2437 973 2502 eeclesiam
995 2438 1081 2502 inter
1103 2437 1272 2503 audientes
1294 2438 1329 2503 id
1351 2442 1400 2505 est

125 2538 385 2622 catechumenos3
409 2543 441 2603 et
463 2540 597 2623 expletis
620 2540 671 2603 his
686 2540 834 2603 onmibus
849 2539 1024 2605 seeundum
1036 2539 1193 2624 judicium
1208 2540 1400 2607 commissae

125 2641 236 2725 eulpae
258 2642 359 2705 intret
381 2642 415 2705 in
438 2641 605 2706 ecelesiam
628 2644 660 2705 in
685 2643 952 2725 communionem,
981 2641 1014 2705 id
1037 2646 1086 2706 est
1108 2644 1309 2709 consortium
1330 2666 1399 2709 ora·

124 2744 222 2808 tionis
245 2766 317 2808 curn
339 2743 595 2827 poenitentibus3
617 2745 702 2807 inter
724 2766 802 2827 quos
825 2745 961 2828 expletis
975 2745 1092 2808 iterum
1107 2744 1204 2809 annis
1219 2746 1397 2811 secundum

1655 2518 1698 2579 ἀ

1641 2640 1689 2685 s

1626 2754 1717 2807 “Q

120 2846 277 2928 judicium
308 2845 420 2930 culpae
449 2868 525 2909 suae
552 2846 664 2910 redcat
686 2846 812 2930 plenius
834 2847 872 2910 ad
897 2847 1165 2931 communionem,
1194 2846 1304 2912 idest
1325 2870 1398 2913 con·
1607 2842 1704 2905 ¹¹1

125 2949 259 3012 sortium
282 2950 458 3012 ceterorum
480 2947 622 3012 fidelium
650 2951 684 3012 ct
705 2949 918 3033 perceptionis
941 2949 1024 3014 sacri
1047 2949 1189 3033 mansoris
1210 2952 1246 3013 et
1267 2951 1398 3037 sangui·
1588 2948 1697 3037 ζὴ

124 3051 175 3114 nis
197 3050 329 3115 Christi.

1568 3040 1643 3085 *t

636 3248 836 3257 .--——.

571 3434 760 3507 GELASII
786 3433 943 3509 ΡΑΡΑΕ

474 3586 508 3667 Τ
540 3588 579 3669 R
605 3590 647 3670 Α
674 3587 707 3669 Ο
740 3587 774 3668 Τ
801 3590 843 3670 Α
871 3589 905 3670 Τ
935 3588 970 3669 U
1006 3590 1046 3671 S.

632 3790 841 3875 tractatus
867 3791 885 3873 Ι

734 3945 782 3981 seu

504 4038 609 4096 Gesta
630 4040 674 4095 de
696 4038 833 4097 nomine
854 4038 973 4096 Aeacii
983 4032 1006 4115 ¹)

737 4150 780 4203 vel

378 4262 578 4319 Brericulus
600 4261 764 4319 historiae
784 4260 1134 4330 Eutychianistsrnm.

210 4410 236 4473 l.
275 4406 313 4472 ln
336 4429 433 4471 causa
455 4408 528 4471 fidei
551 4407 766 4490 Christianae,
791 4406 840 4470 cui
864 4407 906 4470 ab
928 4406 1057 4471 exordio
1077 4406 1127 4470 sui
1151 4426 1322 4493 nunqnam
1343 4406 1462 4493 ‹le-ff
1500 4404 1678 4481 ’ΒΡ
1693 4432 1721 4487 a,

121 4511 220 4576 fnisse
243 4510 422 4595 probantur
444 4510 582 4593 inimici,
613 4514 722 4574 nostro
744 4509 869 4594 quidem
893 4510 1019 4574 saeculo
1041 4508 1097 4573 sed
1120 4508 1296 4575 intervallo
1316 4516 1389 4577 nm·
1510 4522 1557 4535 “
1579 4500 1643 4543 Π·

188 4749 257 4818 ¹)Si
278 4749 395 4817 adjicias
419 4753 609 4804 Poem'tentr'bar
631 4758 705 4811 enirn,
729 4749 789 4817 jam
818 4748 885 4803 nihil
908 4746 944 4804 ad
970 4748 1105 4804 orationis
1130 4748 1329 4819 integritatem
1348 4746 1388 4803 de

121 4835 316 4989 uderpnldlpnp.
329 4919 362 4974 1³⁴
372 4920 409 4975 Ν6
422 4920 588 4989 inscribunt3
606 4927 633 4975 cb
647 4922 681 4975 de
699 4938 749 4976 suo
767 4920 876 4977 addidit
888 4924 1038 4978 arearum
1048 4924 1173 4977 lictoriae
1183 4922 1391 4993 Myrme-

1591 4724 1624 4739 ὤ
