3412 5664
212 296 274 361 602
684 313 711 359 s.
729 312 869 361 eunasn
892 312 1005 359 ruens

212 466 352 550 perculis
375 466 483 550 utique
505 467 709 551 gerebantur,
744 469 776 529 et
797 469 906 530 tamen
928 466 1113 550 pestilentia
1135 470 1230 531 tanta
1250 466 1434 551 subrepsit,
1459 470 1494 529 ut

130 578 136 588 ‘
212 569 379 634 toleranda
402 569 453 632 vix
475 568 582 631 fucrit.
620 567 783 652 Numquid
806 591 862 653 per
878 568 1089 651 Campaniam
1111 568 1306 653 Lupercalia
1328 569 1491 655 gereban-

212 673 276 753 tur,
300 692 380 754 quae
402 669 529 734 sublata
551 668 677 733 morbos
700 670 767 735 illic
789 673 822 735 et
844 670 1063 755 pestilentiam
1084 669 1320 755 procrearent?

278 774 327 872 ¹6.
366 772 427 837 Sed
450 771 566 836 dicturi
582 774 674 854 estis,
698 772 738 836 ad
757 772 894 836 Romam
908 777 1072 857 tamquam
1088 772 1128 836 ad
1144 776 1242 858 caput
1259 773 1376 838 omnia
1392 774 1491 858 perti-

214 898 300 958 nere,
326 880 359 939 et
380 874 463 959 quod
486 873 538 937 hic
560 873 682 937 factum
705 896 770 939 uon
793 879 851 958 est,
876 875 1008 939 diversis
1030 875 1204 960 provinciis
1226 874 1270 939 ad
1292 896 1369 939 eam
1392 875 1491 960 perti-

212 977 363 1042 nentibus
385 976 535 1039 obfuisse.
581 974 644 1041 Cur
666 998 743 1061 ergo
766 982 939 1061 antequam
966 976 1006 1041 ad
1028 976 1165 1041 Romam
1187 977 1271 1041 istae
1300 976 1492 1061 provinciae

211 1080 420 1163 pertinerent,
444 1082 571 1162 praeter
585 1078 774 1162 Lupercalia
795 1080 930 1163 propriis
947 1080 1060 1163 opibus
1075 1078 1277 1144 floruerunt?
1307 1078 1358 1145 Ut
1372 1078 1490 1144 sterili-

211 1184 261 1245 tas
283 1182 326 1244 sit
348 1180 552 1264 continuata,
576 1184 732 1245 terrarum
747 1182 937 1265 Lupercalia
959 1182 1087 1246 sublata
1107 1181 1273 1264 fecerunt,
1297 1203 1343 1246 an
1363 1185 1491 1247 nostro

212 1306 282 1348 rum
303 1283 419 1347 merita
441 1286 661 1366 peccatorum,
685 1283 724 1346 de
747 1284 860 1367 quibus
883 1284 958 1348 olim
981 1284 1180 1349 dictumest:
1202 1297 1231 1348 et
1251 1291 1412 1365 quidquid
1431 1290 1489 1349 aa

211 1392 294 1449 moni
314 1386 534 1467 meruerunt¹⁵)
552 1392 686 1465 perdere
707 1386 829 1451 mores?
872 1385 1032 1451 Sterilitas
1048 1389 1135 1451 certe
1155 1387 1357 1451 feminarum
1379 1386 1488 1451 debuit

210 1488 394 1572 provenire,
417 1489 666 1570 propterquam
689 1477 894 1552 auferendam
917 1488 1106 1585 Lupercalia
1129 1488 1283 1553 instituta
1303 1489 1484 1573 jactantia,

211 1612 277 1654 non
300 1590 452 1654 sterilitas
475 1592 649 1671 terrarum,
672 1594 804 1673 propter
822 1613 918 1674 quam
933 1590 1122 1675 Lupercalia
1144 1613 1209 1655 non
1232 1595 1311 1656 sunt
1334 1592 1483 1656 instimta

212 1691 434 1780 removendam
444 1692 493 1776 16).
551 1690 649 1773 Quid,
685 1693 720 1755 in
748 1692 860 1756 Africa
888 1692 972 1757 uude
1000 1692 1178 1756 sterilitas?
1231 1691 1317 1768 Quid
1345 1693 1381 1757 in
1409 1692 1478 1757 Gal-

211 1793 285 1858 liis?
328 1793 516 1877 Lupercalia
543 1795 607 1858 ista
633 1794 796 1877 fecerunt,
826 1817 867 1859 an
894 1795 997 1860 nostri
1018 1816 1138 1878 mores,
1161 1783 1268 1877 furta,
1298 1794 1472 1875 homicidia,

213 1895 386 1978 adulteria,
411 1895 588 1978 injustitiae
595 1946 604 1978 ,
633 1896 835 1980 iniquitates,
860 1896 1068 1979 ambitiones,
1093 1896 1305 1980 cupiditates,
1330 1895 1466 1981 perjuris,

211 1999 293 2062 falsa
322 1997 523 2080 testimonia,
552 1998 773 2082 oppressiones
800 1999 1004 2082 miserorum,
1038 1999 1196 2063 bonarum
1228 2020 1395 2064 causarum
1417 1998 1462 2063 im·

211 2101 369 2185 pugnatio
376 2151 385 2183 ,
408 2100 627 2183 malarumque
650 2100 810 2184 defensio,
834 2106 866 2165 et
888 2102 923 2165 in
941 2100 1088 2165 omnibus
1108 2101 1256 2165 inaudita
1277 2101 1493 2199 perversitas⁵

211 2207 388 2286 postremo,
417 2202 499 2287 quod
527 2224 624 2286 supra
652 2203 760 2266 omnia
787 2207 851 2286 est,
880 2203 949 2267 Deo
975 2204 1071 2267 fictae
1092 2206 1218 2267 mentes
1241 2206 1274 2267 et
1300 2202 1510 2303 sacrilqp'q,

212 2297 359 2388 artesque
382 2304 574 2389 magicae¹⁷)
604 2303 701 2368 etiam
728 2305 865 2390 paganis
893 2305 1095 2370 horrendae?
1144 2305 1231 2371 Ecce
1252 2326 1334 2391 quae
1353 2304 1516 2383 indutu

211 2406 319 2469 omnia
346 2407 478 2470 adversa
506 2410 539 2471 et
567 2406 698 2470 inimica
725 2407 833 2491 nobis,
863 2430 928 2472 nou
956 2406 1162 2491 Lupercalia,
1197 2429 1281 2493 quae
1313 2412 1382 2472 sunt
1405 2425 1521 2489 pto

211 2510 318 2572 vestra
341 2509 445 2572 salute
467 2510 609 2573 sublata!
1030 2527 1033 2532 '

296 2612 325 2675 7.
372 2610 433 2703 Sed
448 2611 523 2696 quid
539 2610 644 2675 dicitis
660 2633 714 2675 vos
736 2612 815 2695 ipsi,
839 2612 893 2696 qni
908 2611 1098 2696 Lupercalia
1111 2612 1286 2677 defenditis
1301 2615 1333 2677 et
1350 2602 1527 2697 agend³¹

210 2713 414 2797 proponitis?
455 2713 522 2778 Vos
545 2714 631 2799 cast)
661 2714 862 2798 depretiatis,
891 2736 947 2778 vos
970 2736 1079 2778 eorum
1102 2714 1223 2779 cultum
1250 2714 1529 2779 celebrated·

210 2837 271 2900 que
293 2815 388 2880 vilem
411 2815 638 2901 vulgaremque
661 2816 803 2880 redditis.
843 2814 877 2880 Si
899 2815 1080 2903 offensior)
1103 2817 1362 2902 Lupercaliorum
1379 2794 1531 2879 nobrss

211 2917 341 2982 adversa
370 2919 568 3002 procurarit,
602 2921 709 2998 uestra
738 2919 832 3002 culpa
862 2921 926 3000 est,
960 2919 1015 3002 qui
1042 2919 1125 3003 quod
1152 2919 1243 2983 robis
1272 2904 1531 3005 singulam-⁴⁰¹

209 3020 359 3104 prodesse
386 3021 524 3104 putatis,
553 3020 832 3105 negligentissime
854 3021 935 3106 et²⁰)
966 3042 1038 3085 cum
1065 3020 1162 3106 longe
1190 3021 1308 3106 impari
1334 3018 1413 3087 cultu
1494 2994 1531 3053 οἳ

279 3261 308 3323 ¹³¹)
326 3257 428 3312 Versus
450 3257 522 3311 ratio
544 3258 668 3327 postulat
690 3271 835 3313 meruerunt
857 3258 906 3312 ubi
928 3258 975 3313 alii
997 3271 1149 3314 meruerant.
1187 3258 1239 3313 His
1265 3262 1366 3329 poetae
1384 3240 1531 3311 τρῖβ’

210 3345 331 3411 cognata
349 3344 425 3407 sunt,
444 3360 515 3411 quae
534 3343 630 3398 Cicero
648 3345 684 3398 ab
702 3344 858 3412 Augustino
877 3343 912 3397 de
931 3343 1003 3398 civit.
1023 3343 1076 3397 Dei
1093 3344 1110 3397 l.
1125 3350 1140 3397 ‘3
1153 3361 1176 3398 c.
1190 3350 1222 3398 21
1236 3352 1296 3401 ns
1313 3344 1410 3399 citatas
1419 3310 1531 3397 5¹

209 3432 313 3482 Nostris
330 3434 394 3481 enim
411 3434 490 3494 vitiis,
510 3448 559 3482 noa
578 3448 639 3482 casu
657 3436 754 3499 aliquo,
773 3433 949 3497 rempublicam
961 3433 1037 3484 verbo
1053 3435 1203 3492 retinemus,
1221 3451 1251 3485 re
1270 3436 1397 3500 ipram
1407 3416 1531 3497 5ae

208 3519 307 3581 pridem
324 3520 456 3567 amictuum.

278 3600 309 3665 ¹⁶)
327 3602 353 3652 a'
373 3603 399 3652 e⁷
415 3602 453 3653 c¹⁰
475 3605 639 3654 removenda:
663 3600 736 3666 qnod
759 3600 875 3653 verbum
897 3599 1052 3670 suppressit
1073 3599 1222 3667 Bistonium
1249 3600 1282 3657 id
1303 3587 1531 3672 neqmqud

209 3682 344 3752 supprimi
363 3684 411 3739 sed
430 3690 603 3738 removendum
621 3685 730 3737 restitui
748 3685 838 3739 oratio
855 3686 988 3755 postulat.

277 3771 307 3835 ¹⁷)
326 3769 402 3823 Haec
419 3787 437 3823 a
454 3768 564 3823 Gelasio
583 3785 638 3822 non
656 3767 761 3823 temere
784 3769 867 3823 scribi
889 3770 972 3824 iidem
995 3771 1101 3825 faciunt
1118 3770 1290 3827 Theoderici
1311 3772 1385 3842 regis
1403 3740 1531 3841 sp⁴¹d

210 3852 401 3906 Cassiodorum
419 3853 484 3907 Var.
505 3854 585 3923 epist.
604 3853 651 3906 lib.
671 3853 710 3906 IV
726 3862 755 3909 17
775 3856 804 3909 et
822 3862 853 3909 *23
872 3854 995 3919 litterae,
1013 3856 1041 3909 in
1060 3856 1160 3923 quibus
1181 3857 1270 3911 etiam
1288 3856 1417 3913 senatorii
1431 3850 1526 3907 σῖ·

208 3936 279 3989 dinis
298 3938 371 3992 viros
389 3938 521 3992 Basiliam
539 3941 568 3993 et
586 3939 810 4005 Praetentatum,
829 3940 904 4007 qnod
922 3939 1038 4008 magieis
1056 3939 1163 3995 addicti
1181 3944 1278 3997 essent
1296 3942 1413 4005 artibus,
1430 3940 1514 3994 ,c

210 4029 321 4077 casatos
340 4023 467 4093 legimus.

277 4112 307 4175 st)
326 4108 360 4161 G¹
375 4112 399 4163 ο*
413 4113 439 4162 e⁷
452 4112 489 4163 0¹⁰
507 4116 594 4165 eadem
611 4116 744 4178 pretiatis,
763 4109 838 4177 quod
851 4110 955 4165 Gelasii
972 4111 1060 4164 menti
1076 4111 1227 4166 adversum
1245 4110 1491 4185 perspiciemus·

207 4193 301 4247 ronius
320 4194 486 4262 particulam
498 4197 648 4263 negantem
666 4195 770 4261 adjecit
787 4195 912 4265 legitque
924 4201 1013 4249 eadem
1024 4216 1074 4250 nor
1088 4202 1225 4265 pretiatis,
1245 4198 1298 4253 sed
1311 4198 1474 4269 nequem

206 4278 288 4332 lectio
307 4278 402 4332 latina.
439 4277 556 4333 Sublata
578 4281 673 4335 littera
695 4303 728 4343 ιιι,
753 4298 837 4349 quarn
858 4280 967 4335 librarii
988 4283 1096 4337 veteres
1118 4281 1226 4351 passim
1250 4282 1288 4339 do
1311 4268 1362 4341 suo
1379 4282 1463 4339 adda

207 4364 309 4430 solent,
328 4381 361 4417 ao
378 4365 486 4433 syllaba
504 4371 536 4418 de
554 4380 603 4417 suo
621 4366 682 4420 loco
701 4366 824 4433 reddita,
842 4366 992 4435 genuinam
1009 4383 1060 4420 nos
1078 4365 1235 4423 restituisse
1254 4369 1426 4425 confidimus
1476 4416 1485 4439 ,.

276 4453 306 4517 ¹⁹)
326 4449 359 4497 (Ἠ
374 4454 399 4503 a'
415 4453 441 4503 c⁷
454 4453 491 4501 0¹⁰
508 4457 630 4511 ostensa.
656 4452 731 4518 qnod
749 4454 824 4506 recto
844 4470 861 4506 a
878 4451 999 4507 Baronio
1018 4453 1174 4506 correctum
1195 4454 1326 4523 probunt
1342 4455 1410 4511 haee
1425 4452 1459 4509 ul

206 4533 288 4588 finem
306 4552 380 4587 num,
401 4541 428 4587 5:
450 4538 483 4588 lle
501 4539 591 4588 bellica
609 4542 760 4591 necessitate
779 4548 998 4601 consumerentur,
1019 4542 1230 4607 Lupercaliorum
1245 4544 1314 4607 sccii
1331 4544 1440 4609 offensis·

273 4621 306 4685 ²⁰¹)
325 4622 358 4670 n*
374 4623 398 4673 a*
418 4623 443 4673 c⁷
456 4622 494 4672 0¹⁰
511 4633 537 4673 ct
555 4640 603 4674 roa
622 4629 706 4689 longe,
727 4624 756 4675 b¹
775 4635 802 4676 er
819 4634 869 4675 tarr
887 4629 967 4691 longe.
1003 4622 1218 4677 Restitucndum
1237 4623 1372 4680 duximus
1388 4636 1412 4681 et
1426 4644 1466 4681 ω

206 4712 287 4773 longe.
323 4704 437 4772 Antiqui
455 4705 681 4773 Lupercaliorum
700 4707 769 4761 ritus
787 4726 894 4762 rursum
911 4708 1077 4763 Plutarchus
1097 4706 1127 4760 in
1143 4707 1243 4763 Marco
1262 4710 1388 4766 Antonio
1403 4708 1481 4767 (οἳ.

206 4792 248 4843 cst
265 4790 308 4843 his
325 4790 429 4844 verbis:
458 4794 569 4843 Currum
586 4797 649 4844 erim
667 4804 693 4845 et
710 4797 827 4847 nobilium
839 4799 960 4859 juveram
976 4804 1003 4847 et
1019 4812 1118 4859 eonem,
1137 4799 1182 4863 qur·
1192 4802 1374 4866 nequer-erm
1383 4806 1470 4867 pem.
1517 4836 1531 4854 ι
