<?xml version="1.0" encoding="UTF-8"?>
<!DOCTYPE html PUBLIC "-//W3C//DTD XHTML 1.0 Transitional//EN"
    "http://www.w3.org/TR/xhtml1/DTD/xhtml1-transitional.dtd">
<html xmlns="http://www.w3.org/1999/xhtml" xml:lang="en" lang="en">
 <head>
  <title>
</title>
<meta http-equiv="Content-Type" content="text/html;charset=utf-8" />
  <meta name='ocr-system' content='tesseract 3.04.00' />
  <meta name='ocr-capabilities' content='ocr_page ocr_carea ocr_par ocr_line ocrx_word'/>
</head>
<body>
  <div class='ocr_page' id='page_1' title='image "./epistolaeromano00cousgoog/epistolaeromano00cousgoog_0427.png"; bbox 0 0 3412 5664; ppageno 0'>
   <div class='ocr_carea' id='block_1_1' title="bbox 551 316 1367 379">
    <p class='ocr_par' dir='ltr' id='par_1_1' title="bbox 551 316 1367 379">
     <span class='ocr_line' id='line_1_1' title="bbox 551 316 1367 379; baseline 0.011 -9"><span class='ocrx_word' id='word_1_1' title='bbox 551 325 744 374; x_wconf 79' lang='lat' dir='ltr'>ssrsrouua</span> <span class='ocrx_word' id='word_1_2' title='bbox 769 317 913 374; x_wconf 83' lang='lat'>15-17.</span> <span class='ocrx_word' id='word_1_3' title='bbox 1306 316 1367 379; x_wconf 83' lang='grc'>381.</span> 
     </span>
    </p>
   </div>
   <div class='ocr_carea' id='block_1_2' title="bbox 60 476 1499 1998">
    <p class='ocr_par' dir='ltr' id='par_1_2' title="bbox 77 476 1499 871">
     <span class='ocr_line' id='line_1_2' title="bbox 88 476 1499 568; baseline 0.009 -29"><span class='ocrx_word' id='word_1_4' title='bbox 88 498 158 560; x_wconf 86' lang='lat' dir='ltr'>que</span> <span class='ocrx_word' id='word_1_5' title='bbox 180 476 368 543; x_wconf 74' lang='lat' dir='ltr'><strong>illiteratum</strong></span> <span class='ocrx_word' id='word_1_6' title='bbox 390 476 440 541; x_wconf 85' lang='lat' dir='ltr'>vel</span> <span class='ocrx_word' id='word_1_7' title='bbox 462 477 646 561; x_wconf 79' lang='lat' dir='ltr'>obnoxium,</span> <span class='ocrx_word' id='word_1_8' title='bbox 677 480 794 544; x_wconf 75' lang='lat' dir='ltr'>autin</span> <span class='ocrx_word' id='word_1_9' title='bbox 823 481 929 565; x_wconf 91' lang='lat' dir='ltr'>aliqua</span> <span class='ocrx_word' id='word_1_10' title='bbox 951 484 1043 566; x_wconf 88' lang='lat' dir='ltr'>parte</span> <span class='ocrx_word' id='word_1_11' title='bbox 1071 483 1211 567; x_wconf 90' lang='lat' dir='ltr'>corporis</span> <span class='ocrx_word' id='word_1_12' title='bbox 1233 484 1370 549; x_wconf 81' lang='lat' dir='ltr'>debilem</span> <span class='ocrx_word' id='word_1_13' title='bbox 1384 499 1499 568; x_wconf 64' lang='lat' dir='ltr'>(anat.)</span> 
     </span>
     <span class='ocr_line' id='line_1_3' title="bbox 77 577 1367 668; baseline 0.007 -26"><span class='ocrx_word' id='word_1_14' title='bbox 77 577 307 663; x_wconf 67' lang='lat' dir='ltr'>&#39;nomtumqua</span> <span class='ocrx_word' id='word_1_15' title='bbox 332 579 433 643; x_wconf 87' lang='lat' dir='ltr'>modis</span> <span class='ocrx_word' id='word_1_16' title='bbox 465 580 613 644; x_wconf 85' lang='lat' dir='ltr'>omnibus</span> <span class='ocrx_word' id='word_1_17' title='bbox 647 581 686 645; x_wconf 90' lang='lat' dir='ltr'>ad</span> <span class='ocrx_word' id='word_1_18' title='bbox 721 604 828 648; x_wconf 88' lang='lat' dir='ltr'>sacros</span> <span class='ocrx_word' id='word_1_19' title='bbox 858 584 985 648; x_wconf 83' lang='lat' dir='ltr'>ordines</span> <span class='ocrx_word' id='word_1_20' title='bbox 1017 585 1186 668; x_wconf 85' lang='lat' dir='ltr'>permittat</span> <span class='ocrx_word' id='word_1_21' title='bbox 1208 587 1367 651; x_wconf 80' lang='lat' dir='ltr'>accedere.</span> 
     </span>
     <span class='ocr_line' id='line_1_4' title="bbox 89 680 1369 773; baseline 0.007 -29"><span class='ocrx_word' id='word_1_22' title='bbox 89 680 186 756; x_wconf 89' lang='lat' dir='ltr'>Quod</span> <span class='ocrx_word' id='word_1_23' title='bbox 209 682 306 745; x_wconf 89' lang='lat' dir='ltr'>etiam</span> <span class='ocrx_word' id='word_1_24' title='bbox 328 681 367 745; x_wconf 92' lang='lat' dir='ltr'>de</span> <span class='ocrx_word' id='word_1_25' title='bbox 389 683 568 768; x_wconf 84' lang='lat' dir='ltr'>peregrinis</span> <span class='ocrx_word' id='word_1_26' title='bbox 577 683 603 768; x_wconf 75' lang='grc'>3)</span> <span class='ocrx_word' id='word_1_27' title='bbox 632 687 728 767; x_wconf 90' lang='lat' dir='ltr'>atque</span> <span class='ocrx_word' id='word_1_28' title='bbox 758 685 934 770; x_wconf 75' lang='lat' dir='ltr'>incognitis</span> <span class='ocrx_word' id='word_1_29' title='bbox 962 687 1012 749; x_wconf 91' lang='lat' dir='ltr'>vel</span> <span class='ocrx_word' id='word_1_30' title='bbox 1035 689 1106 773; x_wconf 65' lang='lat' dir='ltr'>erl)</span> <span class='ocrx_word' id='word_1_31' title='bbox 1130 689 1369 773; x_wconf 89' lang='lat' dir='ltr'>poenitentibus</span> 
     </span>
     <span class='ocr_line' id='line_1_5' title="bbox 91 784 1366 899; baseline 0.009 -52"><span class='ocrx_word' id='word_1_32' title='bbox 91 805 210 848; x_wconf 84' lang='lat' dir='ltr'>cavere</span> <span class='ocrx_word' id='word_1_33' title='bbox 231 784 370 866; x_wconf 79' lang='lat' dir='ltr'>debebit,</span> <span class='ocrx_word' id='word_1_34' title='bbox 394 785 470 869; x_wconf 88' lang='lat' dir='ltr'>quia</span> <span class='ocrx_word' id='word_1_35' title='bbox 491 784 674 899; x_wconf 80' lang='lat' dir='ltr'>hujusmodi</span> <span class='ocrx_word' id='word_1_36' title='bbox 703 808 721 848; x_wconf 92' lang='lat' dir='ltr'>a</span> <span class='ocrx_word' id='word_1_37' title='bbox 744 787 980 851; x_wconf 87' lang='lat' dir='ltr'>venerabilibus</span> <span class='ocrx_word' id='word_1_38' title='bbox 1008 789 1219 871; x_wconf 90' lang='lat' dir='ltr'>prohibentur</span> <span class='ocrx_word' id='word_1_39' title='bbox 1240 794 1366 858; x_wconf 89' lang='lat' dir='ltr'>officiis.</span> 
     </span>
    </p>

    <p class='ocr_par' dir='ltr' id='par_1_3' title="bbox 69 886 1400 1083">
     <span class='ocr_line' id='line_1_6' title="bbox 180 886 1368 979; baseline 0.011 -30"><span class='ocrx_word' id='word_1_40' title='bbox 180 886 212 950; x_wconf 81' lang='lat'>2.</span> <span class='ocrx_word' id='word_1_41' title='bbox 256 888 306 950; x_wconf 82' lang='lat' dir='ltr'>Ac</span> <span class='ocrx_word' id='word_1_42' title='bbox 333 886 415 951; x_wconf 91' lang='lat' dir='ltr'>nihil</span> <span class='ocrx_word' id='word_1_43' title='bbox 445 909 483 951; x_wconf 83' lang='lat' dir='ltr'>ex</span> <span class='ocrx_word' id='word_1_44' title='bbox 506 888 617 951; x_wconf 79' lang='lat' dir='ltr'>minist</span> <span class='ocrx_word' id='word_1_45' title='bbox 618 888 692 951; x_wconf 89' lang='lat' dir='ltr'>eriis</span> <span class='ocrx_word' id='word_1_46' title='bbox 716 894 811 972; x_wconf 89' lang='lat' dir='ltr'>atque</span> <span class='ocrx_word' id='word_1_47' title='bbox 834 894 949 954; x_wconf 90' lang='lat' dir='ltr'>ornatu</span> <span class='ocrx_word' id='word_1_48' title='bbox 972 895 1134 974; x_wconf 89' lang='lat' dir='ltr'>postremo</span> <span class='ocrx_word' id='word_1_49' title='bbox 1162 894 1201 957; x_wconf 92' lang='lat' dir='ltr'>de</span> <span class='ocrx_word' id='word_1_50' title='bbox 1229 917 1368 979; x_wconf 91' lang='lat' dir='ltr'>quacun-</span> 
     </span>
     <span class='ocr_line' id='line_1_7' title="bbox 69 979 1400 1083; baseline 0.008 -32"><span class='ocrx_word' id='word_1_51' title='bbox 69 1010 157 1073; x_wconf 66' lang='lat' dir='ltr'>‘que</span> <span class='ocrx_word' id='word_1_52' title='bbox 184 1010 236 1072; x_wconf 86' lang='lat' dir='ltr'>re,</span> <span class='ocrx_word' id='word_1_53' title='bbox 266 1011 363 1073; x_wconf 89' lang='lat' dir='ltr'>qnam</span> <span class='ocrx_word' id='word_1_54' title='bbox 391 993 518 1069; x_wconf 83' lang='lat' dir='ltr'>constat</span> <span class='ocrx_word' id='word_1_55' title='bbox 546 991 586 1052; x_wconf 94' lang='lat' dir='ltr'>ad</span> <span class='ocrx_word' id='word_1_56' title='bbox 615 990 781 1055; x_wconf 88' lang='lat' dir='ltr'>ecclesiam</span> <span class='ocrx_word' id='word_1_57' title='bbox 816 994 992 1075; x_wconf 84' lang='lat' dir='ltr'>pertinere,</span> <span class='ocrx_word' id='word_1_58' title='bbox 1028 994 1178 1058; x_wconf 89' lang='lat' dir='ltr'>audeat</span> <span class='ocrx_word' id='word_1_59' title='bbox 1128 998 1203 1058; x_wconf 92' lang='lat' dir='ltr'>tm</span> <span class='ocrx_word' id='word_1_60' title='bbox 1233 979 1400 1083; x_wconf 60' lang='lat' dir='ltr'>altemmi</span> 
     </span>
    </p>

    <p class='ocr_par' dir='ltr' id='par_1_4' title="bbox 60 1076 1399 1465">
     <span class='ocr_line' id='line_1_8' title="bbox 60 1076 1399 1211; baseline 0.007 -57"><span class='ocrx_word' id='word_1_61' title='bbox 60 1163 67 1181; x_wconf 35' lang='grc' dir='ltr'>Ι</span> <span class='ocrx_word' id='word_1_62' title='bbox 90 1090 241 1175; x_wconf 86' lang='lat' dir='ltr'>qnalibet</span> <span class='ocrx_word' id='word_1_63' title='bbox 262 1094 387 1156; x_wconf 87' lang='lat' dir='ltr'>ratione</span> <span class='ocrx_word' id='word_1_64' title='bbox 409 1092 595 1157; x_wconf 86' lang='lat' dir='ltr'>transferre.</span> <span class='ocrx_word' id='word_1_65' title='bbox 620 1092 717 1157; x_wconf 86' lang='lat' dir='ltr'>Redit</span> <span class='ocrx_word' id='word_1_66' title='bbox 703 1097 810 1158; x_wconf 90' lang='lat' dir='ltr'>ttuse</span> <span class='ocrx_word' id='word_1_67' title='bbox 796 1094 1002 1159; x_wconf 89' lang='lat' dir='ltr'>toblationes</span> <span class='ocrx_word' id='word_1_68' title='bbox 1018 1076 1189 1160; x_wconf 87' lang='lat' dir='ltr'>fidelium</span> <span class='ocrx_word' id='word_1_69' title='bbox 1180 1120 1215 1162; x_wconf 83' lang='lat' dir='ltr'>in</span> <span class='ocrx_word' id='word_1_70' title='bbox 1232 1121 1295 1182; x_wconf 92' lang='lat' dir='ltr'>qua</span> <span class='ocrx_word' id='word_1_71' title='bbox 1296 1102 1399 1211; x_wconf 67' lang='lat' dir='ltr'>tuor(</span> 
     </span>
     <span class='ocr_line' id='line_1_9' title="bbox 90 1194 1395 1315; baseline 0.005 -57"><span class='ocrx_word' id='word_1_72' title='bbox 90 1198 205 1278; x_wconf 74' lang='lat' dir='ltr'>partas</span> <span class='ocrx_word' id='word_1_73' title='bbox 227 1194 350 1259; x_wconf 82' lang='lat' dir='ltr'>dividat</span> <span class='ocrx_word' id='word_1_74' title='bbox 336 1197 517 1279; x_wconf 68' lang='lat' dir='ltr'>tquarum</span> <span class='ocrx_word' id='word_1_75' title='bbox 540 1197 602 1260; x_wconf 90' lang='lat' dir='ltr'>sibi</span> <span class='ocrx_word' id='word_1_76' title='bbox 623 1218 721 1260; x_wconf 91' lang='lat' dir='ltr'>unam</span> <span class='ocrx_word' id='word_1_77' title='bbox 743 1197 812 1280; x_wconf 90' lang='lat' dir='ltr'>ipse</span> <span class='ocrx_word' id='word_1_78' title='bbox 835 1198 983 1279; x_wconf 83' lang='lat' dir='ltr'>retineat,</span> <span class='ocrx_word' id='word_1_79' title='bbox 1008 1197 1141 1263; x_wconf 85' lang='lat' dir='ltr'>alteram</span> <span class='ocrx_word' id='word_1_80' title='bbox 1165 1200 1288 1264; x_wconf 78' lang='lat' dir='ltr'>clericis</span> <span class='ocrx_word' id='word_1_81' title='bbox 1309 1220 1395 1315; x_wconf 59' lang='lat' dir='ltr'>prop</span> 
     </span>
     <span class='ocr_line' id='line_1_10' title="bbox 89 1297 1367 1387; baseline 0.005 -26"><span class='ocrx_word' id='word_1_82' title='bbox 89 1297 277 1362; x_wconf 83' lang='lat' dir='ltr'>officiorum</span> <span class='ocrx_word' id='word_1_83' title='bbox 304 1318 432 1361; x_wconf 87' lang='lat' dir='ltr'>suorum</span> <span class='ocrx_word' id='word_1_84' title='bbox 464 1298 581 1363; x_wconf 90' lang='lat' dir='ltr'>sedulit</span> <span class='ocrx_word' id='word_1_85' title='bbox 567 1302 634 1363; x_wconf 88' lang='lat' dir='ltr'>tate</span> <span class='ocrx_word' id='word_1_86' title='bbox 664 1299 712 1362; x_wconf 87' lang='lat' dir='ltr'>dis</span> <span class='ocrx_word' id='word_1_87' title='bbox 714 1300 850 1382; x_wconf 87' lang='lat' dir='ltr'>tribuat</span> <span class='ocrx_word' id='word_1_88' title='bbox 884 1299 1017 1364; x_wconf 84' lang='lat' dir='ltr'>fabricis</span> <span class='ocrx_word' id='word_1_89' title='bbox 1051 1301 1197 1383; x_wconf 78' lang='lat' dir='ltr'>tertiam,</span> <span class='ocrx_word' id='word_1_90' title='bbox 1233 1325 1367 1387; x_wconf 89' lang='lat' dir='ltr'>quarum</span> 
     </span>
     <span class='ocr_line' id='line_1_11' title="bbox 88 1399 832 1465; baseline 0.001 -1"><span class='ocrx_word' id='word_1_91' title='bbox 88 1401 256 1464; x_wconf 85' lang='lat' dir='ltr'>rationem</span> <span class='ocrx_word' id='word_1_92' title='bbox 277 1399 457 1463; x_wconf 81' lang='lat' dir='ltr'>divinot</span> <span class='ocrx_word' id='word_1_93' title='bbox 408 1404 457 1463; x_wconf 90' lang='lat' dir='ltr'>est</span> <span class='ocrx_word' id='word_1_94' title='bbox 479 1401 659 1465; x_wconf 84' lang='lat' dir='ltr'>redditurus</span> <span class='ocrx_word' id='word_1_95' title='bbox 683 1402 832 1465; x_wconf 83' lang='lat' dir='ltr'>examini.</span> 
     </span>
    </p>

    <p class='ocr_par' dir='ltr' id='par_1_5' title="bbox 89 1502 1454 1998">
     <span class='ocr_line' id='line_1_12' title="bbox 179 1502 1366 1591; baseline 0.004 -24"><span class='ocrx_word' id='word_1_96' title='bbox 179 1503 212 1567; x_wconf 87' lang='grc'>3.</span> <span class='ocrx_word' id='word_1_97' title='bbox 258 1502 365 1567; x_wconf 90' lang='lat' dir='ltr'>Sacris</span> <span class='ocrx_word' id='word_1_98' title='bbox 387 1525 510 1588; x_wconf 88' lang='lat' dir='ltr'>quoque</span> <span class='ocrx_word' id='word_1_99' title='bbox 538 1504 703 1568; x_wconf 87' lang='lat' dir='ltr'>ordinibus</span> <span class='ocrx_word' id='word_1_100' title='bbox 734 1503 941 1587; x_wconf 90' lang='lat' dir='ltr'>applicandos</span> <span class='ocrx_word' id='word_1_101' title='bbox 964 1506 1025 1568; x_wconf 90' lang='lat' dir='ltr'>hac</span> <span class='ocrx_word' id='word_1_102' title='bbox 1047 1507 1269 1571; x_wconf 88' lang='lat' dir='ltr'>observatione</span> <span class='ocrx_word' id='word_1_103' title='bbox 1295 1531 1366 1591; x_wconf 91' lang='lat' dir='ltr'>pro-</span> 
     </span>
     <span class='ocr_line' id='line_1_13' title="bbox 89 1604 1366 1694; baseline 0.005 -26"><span class='ocrx_word' id='word_1_104' title='bbox 89 1610 231 1688; x_wconf 80' lang='lat' dir='ltr'>moveat,</span> <span class='ocrx_word' id='word_1_105' title='bbox 257 1608 294 1669; x_wconf 90' lang='lat' dir='ltr'>ut</span> <span class='ocrx_word' id='word_1_106' title='bbox 311 1604 436 1689; x_wconf 90' lang='lat' dir='ltr'>jejunio</span> <span class='ocrx_word' id='word_1_107' title='bbox 459 1607 575 1689; x_wconf 83' lang='lat' dir='ltr'>quarti,</span> <span class='ocrx_word' id='word_1_108' title='bbox 605 1607 733 1690; x_wconf 86' lang='lat' dir='ltr'>septimi</span> <span class='ocrx_word' id='word_1_109' title='bbox 758 1611 790 1669; x_wconf 89' lang='lat' dir='ltr'>et</span> <span class='ocrx_word' id='word_1_110' title='bbox 812 1606 927 1670; x_wconf 87' lang='lat' dir='ltr'>decimi</span> <span class='ocrx_word' id='word_1_111' title='bbox 956 1608 1074 1670; x_wconf 86' lang='lat' dir='ltr'>mensis</span> <span class='ocrx_word' id='word_1_112' title='bbox 1103 1613 1266 1694; x_wconf 67' lang='lat' dir='ltr'>vesperei)</span> <span class='ocrx_word' id='word_1_113' title='bbox 1296 1612 1366 1675; x_wconf 90' lang='lat' dir='ltr'>sab·</span> 
     </span>
     <span class='ocr_line' id='line_1_14' title="bbox 91 1706 1454 1795; baseline 0.005 -26"><span class='ocrx_word' id='word_1_114' title='bbox 91 1706 162 1769; x_wconf 85' lang='lat' dir='ltr'>bati</span> <span class='ocrx_word' id='word_1_115' title='bbox 184 1707 389 1791; x_wconf 81' lang='lat' dir='ltr'>presbyteros</span> <span class='ocrx_word' id='word_1_116' title='bbox 412 1711 507 1791; x_wconf 87' lang='lat' dir='ltr'>atque</span> <span class='ocrx_word' id='word_1_117' title='bbox 529 1708 680 1773; x_wconf 92' lang='lat' dir='ltr'>diaconos</span> <span class='ocrx_word' id='word_1_118' title='bbox 703 1709 897 1772; x_wconf 88' lang='lat' dir='ltr'>ordinandos</span> <span class='ocrx_word' id='word_1_119' title='bbox 920 1730 988 1772; x_wconf 88' lang='lat' dir='ltr'>esse</span> <span class='ocrx_word' id='word_1_120' title='bbox 1012 1715 1195 1795; x_wconf 82' lang='lat' dir='ltr'>cognoscat.</span> <span class='ocrx_word' id='word_1_121' title='bbox 1226 1711 1366 1776; x_wconf 89' lang='lat' dir='ltr'>Venera-</span> <span class='ocrx_word' id='word_1_122' title='bbox 1447 1730 1454 1744; x_wconf 89' lang='grc'><em>·</em></span> 
     </span>
     <span class='ocr_line' id='line_1_15' title="bbox 89 1807 1367 1897; baseline 0.006 -26"><span class='ocrx_word' id='word_1_123' title='bbox 89 1807 167 1872; x_wconf 89' lang='lat' dir='ltr'>bilis</span> <span class='ocrx_word' id='word_1_124' title='bbox 195 1809 296 1872; x_wconf 91' lang='lat' dir='ltr'>etiam</span> <span class='ocrx_word' id='word_1_125' title='bbox 329 1809 480 1893; x_wconf 82' lang='lat' dir='ltr'>baptismi</span> <span class='ocrx_word' id='word_1_126' title='bbox 513 1814 749 1876; x_wconf 88' lang='lat' dir='ltr'>sacramentum</span> <span class='ocrx_word' id='word_1_127' title='bbox 782 1813 845 1875; x_wconf 89' lang='lat' dir='ltr'>nisi</span> <span class='ocrx_word' id='word_1_128' title='bbox 879 1812 912 1874; x_wconf 92' lang='lat' dir='ltr'>in</span> <span class='ocrx_word' id='word_1_129' title='bbox 948 1812 1123 1876; x_wconf 85' lang='lat' dir='ltr'>festivitate</span> <span class='ocrx_word' id='word_1_130' title='bbox 1156 1814 1300 1897; x_wconf 90' lang='lat' dir='ltr'>paschali</span> <span class='ocrx_word' id='word_1_131' title='bbox 1334 1820 1367 1879; x_wconf 90' lang='lat' dir='ltr'>et</span> 
     </span>
     <span class='ocr_line' id='line_1_16' title="bbox 90 1908 1363 1998; baseline 0.006 -24"><span class='ocrx_word' id='word_1_132' title='bbox 90 1908 303 1974; x_wconf 75' lang='lat' dir='ltr'>Pentecostes</span> <span class='ocrx_word' id='word_1_133' title='bbox 319 1912 444 1976; x_wconf 88' lang='lat' dir='ltr'>tradere</span> <span class='ocrx_word' id='word_1_134' title='bbox 460 1935 525 1976; x_wconf 92' lang='lat' dir='ltr'>non</span> <span class='ocrx_word' id='word_1_135' title='bbox 540 1918 734 1997; x_wconf 84' lang='lat' dir='ltr'>praesumat,</span> <span class='ocrx_word' id='word_1_136' title='bbox 759 1915 900 1998; x_wconf 85' lang='lat' dir='ltr'>exceptis</span> <span class='ocrx_word' id='word_1_137' title='bbox 916 1915 1117 1998; x_wconf 84' lang='lat' dir='ltr'>aegritudine</span> <span class='ocrx_word' id='word_1_138' title='bbox 1132 1916 1363 1982; x_wconf 81' lang='lat' dir='ltr'>laborantibus</span> 
     </span>
    </p>
   </div>
   <div class='ocr_carea' id='block_1_3' title="bbox 595 2102 856 2209">
    <p class='ocr_par' dir='ltr' id='par_1_6' title="bbox 595 2102 856 2209">
     <span class='ocr_line' id='line_1_17' title="bbox 595 2102 856 2209; baseline 0 -23"><span class='ocrx_word' id='word_1_139' title='bbox 595 2102 777 2209; x_wconf 83' lang='lat' dir='ltr'>Epistola</span> <span class='ocrx_word' id='word_1_140' title='bbox 803 2103 856 2187; x_wconf 84' lang='grc'>17.</span> 
     </span>
    </p>
   </div>
   <div class='ocr_carea' id='block_1_4' title="bbox 371 2229 1496 2356">
    <p class='ocr_par' dir='ltr' id='par_1_7' title="bbox 371 2229 1496 2356">
     <span class='ocr_line' id='line_1_18' title="bbox 371 2229 1496 2356; baseline -0.013 -31"><span class='ocrx_word' id='word_1_141' title='bbox 371 2253 505 2329; x_wconf 76' lang='lat' dir='ltr'>(telesti</span> <span class='ocrx_word' id='word_1_142' title='bbox 529 2274 639 2340; x_wconf 87' lang='lat' dir='ltr'>papae</span> <span class='ocrx_word' id='word_1_143' title='bbox 662 2256 706 2322; x_wconf 89' lang='lat' dir='ltr'>ad</span> <span class='ocrx_word' id='word_1_144' title='bbox 729 2229 910 2351; x_wconf 80' lang='lat' dir='ltr'>episcopos</span> <span class='ocrx_word' id='word_1_145' title='bbox 933 2254 1093 2324; x_wconf 83' lang='lat' dir='ltr'>Siciliae.</span> <span class='ocrx_word' id='word_1_146' title='bbox 1157 2351 1159 2356; x_wconf 64' lang='lat'>,</span> <span class='ocrx_word' id='word_1_147' title='bbox 1378 2233 1496 2288; x_wconf 72' lang='lat' dir='ltr'>anaia.</span> 
     </span>
    </p>
   </div>
   <div class='ocr_carea' id='block_1_5' title="bbox 10 2302 1494 2550">
    <p class='ocr_par' dir='ltr' id='par_1_8' title="bbox 10 2302 1494 2550">
     <span class='ocr_line' id='line_1_19' title="bbox 1384 2302 1494 2371; baseline 0 -16"><span class='ocrx_word' id='word_1_148' title='bbox 1384 2310 1415 2357; x_wconf 83' lang='lat' dir='ltr'>ra</span> <span class='ocrx_word' id='word_1_149' title='bbox 1428 2302 1494 2371; x_wconf 60' lang='lat' dir='ltr'>Mad.</span> 
     </span>
     <span class='ocr_line' id='line_1_20' title="bbox 10 2395 1332 2465; baseline 0.004 -20"><span class='ocrx_word' id='word_1_150' title='bbox 10 2396 78 2446; x_wconf 73' lang='grc' dir='ltr'>ι33.</span> <span class='ocrx_word' id='word_1_151' title='bbox 128 2396 278 2446; x_wconf 70' lang='lat' dir='ltr'>facultates</span> <span class='ocrx_word' id='word_1_152' title='bbox 297 2395 429 2447; x_wconf 81' lang='lat' dir='ltr'>Ecclesiae</span> <span class='ocrx_word' id='word_1_153' title='bbox 451 2400 567 2462; x_wconf 80' lang='lat' dir='ltr'>episcopi</span> <span class='ocrx_word' id='word_1_154' title='bbox 582 2399 665 2460; x_wconf 81' lang='lat' dir='ltr'>juxta</span> <span class='ocrx_word' id='word_1_155' title='bbox 685 2414 809 2447; x_wconf 86' lang='lat' dir='ltr'>cananum</span> <span class='ocrx_word' id='word_1_156' title='bbox 831 2399 936 2447; x_wconf 86' lang='lat' dir='ltr'>decreta</span> <span class='ocrx_word' id='word_1_157' title='bbox 954 2400 1130 2449; x_wconf 75' lang='lat' dir='ltr'>administrent</span> <span class='ocrx_word' id='word_1_158' title='bbox 1148 2397 1183 2463; x_wconf 83' lang='lat' dir='ltr'>(rr,</span> <span class='ocrx_word' id='word_1_159' title='bbox 1198 2400 1234 2465; x_wconf 84' lang='lat'>1);</span> <span class='ocrx_word' id='word_1_160' title='bbox 1263 2403 1332 2450; x_wconf 84' lang='lat' dir='ltr'>circa</span> 
     </span>
     <span class='ocr_line' id='line_1_21' title="bbox 139 2473 1368 2550; baseline 0.005 -21"><span class='ocrx_word' id='word_1_161' title='bbox 139 2483 243 2530; x_wconf 80' lang='lat' dir='ltr'>illarum</span> <span class='ocrx_word' id='word_1_162' title='bbox 260 2484 325 2532; x_wconf 73' lang='lat' dir='ltr'>sicut</span> <span class='ocrx_word' id='word_1_163' title='bbox 343 2483 492 2532; x_wconf 76' lang='lat' dir='ltr'>dioecesium</span> <span class='ocrx_word' id='word_1_164' title='bbox 509 2485 693 2546; x_wconf 78' lang='lat' dir='ltr'>possessionem</span> <span class='ocrx_word' id='word_1_165' title='bbox 711 2486 795 2533; x_wconf 83' lang='lat' dir='ltr'>ualere</span> <span class='ocrx_word' id='word_1_166' title='bbox 814 2485 976 2533; x_wconf 82' lang='lat' dir='ltr'>tricennalem</span> <span class='ocrx_word' id='word_1_167' title='bbox 993 2486 1221 2549; x_wconf 73' lang='lat' dir='ltr'>praescriptionem</span> <span class='ocrx_word' id='word_1_168' title='bbox 1239 2486 1274 2549; x_wconf 87' lang='lat' dir='ltr'>(n.</span> <span class='ocrx_word' id='word_1_169' title='bbox 1284 2486 1319 2550; x_wconf 74' lang='lat'>2).</span> <span class='ocrx_word' id='word_1_170' title='bbox 1360 2473 1368 2487; x_wconf 74' lang='grc'><em>’</em></span> 
     </span>
    </p>
   </div>
   <div class='ocr_carea' id='block_1_6' title="bbox 251 2615 1437 2988">
    <p class='ocr_par' dir='ltr' id='par_1_9' title="bbox 251 2615 1437 2988">
     <span class='ocr_line' id='line_1_22' title="bbox 251 2615 1366 2701; baseline 0.005 -23"><span class='ocrx_word' id='word_1_171' title='bbox 251 2615 433 2679; x_wconf 73' lang='lat' dir='ltr'>(talasius</span> <span class='ocrx_word' id='word_1_172' title='bbox 462 2615 659 2680; x_wconf 86' lang='lat' dir='ltr'>Romanae</span> <span class='ocrx_word' id='word_1_173' title='bbox 689 2617 886 2680; x_wconf 88' lang='lat' dir='ltr'>ecclesiae</span> <span class='ocrx_word' id='word_1_174' title='bbox 915 2615 1124 2701; x_wconf 85' lang='lat' dir='ltr'>episcopus</span> <span class='ocrx_word' id='word_1_175' title='bbox 1147 2619 1366 2684; x_wconf 87' lang='lat' dir='ltr'>dilectissi-</span> 
     </span>
     <span class='ocr_line' id='line_1_23' title="bbox 342 2718 1365 2806; baseline 0.004 -25"><span class='ocrx_word' id='word_1_176' title='bbox 342 2720 413 2782; x_wconf 89' lang='lat' dir='ltr'>mis</span> <span class='ocrx_word' id='word_1_177' title='bbox 436 2722 475 2781; x_wconf 90' lang='lat' dir='ltr'>et</span> <span class='ocrx_word' id='word_1_178' title='bbox 496 2719 534 2781; x_wconf 92' lang='lat' dir='ltr'>in</span> <span class='ocrx_word' id='word_1_179' title='bbox 560 2718 710 2784; x_wconf 74' lang='lat' dir='ltr'>Christi</span> <span class='ocrx_word' id='word_1_180' title='bbox 735 2721 908 2783; x_wconf 87' lang='lat' dir='ltr'>caritate</span> <span class='ocrx_word' id='word_1_181' title='bbox 930 2720 1207 2806; x_wconf 86' lang='lat' dir='ltr'>unanimiter¹)</span> <span class='ocrx_word' id='word_1_182' title='bbox 1230 2744 1365 2785; x_wconf 90' lang='lat' dir='ltr'>conne-</span> 
     </span>
     <span class='ocr_line' id='line_1_24' title="bbox 342 2816 1437 2905; baseline 0.003 -21"><span class='ocrx_word' id='word_1_183' title='bbox 342 2823 402 2884; x_wconf 87' lang='lat' dir='ltr'>xis</span> <span class='ocrx_word' id='word_1_184' title='bbox 434 2820 633 2885; x_wconf 85' lang='lat' dir='ltr'>fratribus</span> <span class='ocrx_word' id='word_1_185' title='bbox 667 2822 887 2905; x_wconf 77' lang='lat' dir='ltr'>episcopis,</span> <span class='ocrx_word' id='word_1_186' title='bbox 922 2821 986 2905; x_wconf 89' lang='lat' dir='ltr'>qui</span> <span class='ocrx_word' id='word_1_187' title='bbox 1019 2823 1058 2884; x_wconf 92' lang='lat' dir='ltr'>in</span> <span class='ocrx_word' id='word_1_188' title='bbox 1092 2821 1234 2886; x_wconf 83' lang='lat' dir='ltr'>Sicilia</span> <span class='ocrx_word' id='word_1_189' title='bbox 1270 2828 1366 2887; x_wconf 90' lang='lat' dir='ltr'>sunt</span> <span class='ocrx_word' id='word_1_190' title='bbox 1434 2816 1437 2822; x_wconf 45' lang='lat'><strong>⁴</strong></span> 
     </span>
     <span class='ocr_line' id='line_1_25' title="bbox 342 2924 567 2988; baseline 0.009 -2"><span class='ocrx_word' id='word_1_191' title='bbox 342 2924 567 2988; x_wconf 85' lang='lat' dir='ltr'>constituti.</span> 
     </span>
    </p>
   </div>
   <div class='ocr_carea' id='block_1_7' title="bbox 82 3039 1366 3231">
    <p class='ocr_par' dir='ltr' id='par_1_10' title="bbox 82 3039 1366 3231">
     <span class='ocr_line' id='line_1_26' title="bbox 186 3039 1364 3126; baseline 0.002 -20"><span class='ocrx_word' id='word_1_192' title='bbox 186 3042 215 3106; x_wconf 92' lang='lat' dir='ltr'>l.</span> <span class='ocrx_word' id='word_1_193' title='bbox 259 3039 478 3126; x_wconf 73' lang='lat' dir='ltr'>Pracsulum²J</span> <span class='ocrx_word' id='word_1_194' title='bbox 507 3048 687 3109; x_wconf 88' lang='lat' dir='ltr'>nostrorum</span> <span class='ocrx_word' id='word_1_195' title='bbox 715 3044 889 3107; x_wconf 87' lang='lat' dir='ltr'>auctoritas</span> <span class='ocrx_word' id='word_1_196' title='bbox 918 3043 1090 3125; x_wconf 85' lang='lat' dir='ltr'>emanavit,</span> <span class='ocrx_word' id='word_1_197' title='bbox 1126 3043 1364 3108; x_wconf 87' lang='lat' dir='ltr'>utfacultates</span> 
     </span>
     <span class='ocr_line' id='line_1_27' title="bbox 82 3066 1366 3231; baseline -0.002 -18"><span class='ocrx_word' id='word_1_198' title='bbox 82 3143 262 3213; x_wconf 83' lang='lat' dir='ltr'>Ecclesiae</span> <span class='ocrx_word' id='word_1_199' title='bbox 283 3145 423 3231; x_wconf 85' lang='lat' dir='ltr'>episcopi</span> <span class='ocrx_word' id='word_1_200' title='bbox 452 3145 493 3209; x_wconf 93' lang='lat' dir='ltr'>ad</span> <span class='ocrx_word' id='word_1_201' title='bbox 515 3145 691 3231; x_wconf 82' lang='lat' dir='ltr'>regendum</span> <span class='ocrx_word' id='word_1_202' title='bbox 714 3145 856 3210; x_wconf 89' lang='lat' dir='ltr'>habeant</span> <span class='ocrx_word' id='word_1_203' title='bbox 842 3149 1080 3229; x_wconf 79' lang='lat' dir='ltr'>tpotestatem,</span> <span class='ocrx_word' id='word_1_204' title='bbox 1109 3066 1155 3209; x_wconf 73' lang='lat' dir='ltr'>itua</span> <span class='ocrx_word' id='word_1_205' title='bbox 1177 3149 1297 3229; x_wconf 88' lang='lat' dir='ltr'>tamen,</span> <span class='ocrx_word' id='word_1_206' title='bbox 1330 3152 1366 3211; x_wconf 87' lang='lat' dir='ltr'>ut</span> 
     </span>
    </p>
   </div>
   <div class='ocr_carea' id='block_1_8' title="bbox 69 3366 1448 4976">
    <p class='ocr_par' dir='ltr' id='par_1_11' title="bbox 75 3366 1366 3614">
     <span class='ocr_line' id='line_1_28' title="bbox 158 3366 1366 3438; baseline 0 -17"><span class='ocrx_word' id='word_1_207' title='bbox 158 3373 184 3437; x_wconf 81' lang='lat'>³)</span> <span class='ocrx_word' id='word_1_208' title='bbox 202 3366 316 3422; x_wconf 83' lang='lat' dir='ltr'>Siricius</span> <span class='ocrx_word' id='word_1_209' title='bbox 334 3367 444 3438; x_wconf 74' lang='lat' dir='ltr'>epistt</span> <span class='ocrx_word' id='word_1_210' title='bbox 462 3373 518 3421; x_wconf 78' lang='lat' dir='ltr'>nt</span> <span class='ocrx_word' id='word_1_211' title='bbox 536 3368 714 3422; x_wconf 88' lang='lat' dir='ltr'>vehementer</span> <span class='ocrx_word' id='word_1_212' title='bbox 731 3368 874 3438; x_wconf 89' lang='lat' dir='ltr'>improbat</span> <span class='ocrx_word' id='word_1_213' title='bbox 891 3369 1048 3434; x_wconf 90' lang='lat' dir='ltr'>nonnullos,</span> <span class='ocrx_word' id='word_1_214' title='bbox 1072 3368 1120 3436; x_wconf 88' lang='lat' dir='ltr'>qui</span> <span class='ocrx_word' id='word_1_215' title='bbox 1141 3369 1318 3422; x_wconf 85' lang='lat' dir='ltr'>transeuntes</span> <span class='ocrx_word' id='word_1_216' title='bbox 1336 3370 1366 3421; x_wconf 88' lang='lat' dir='ltr'>st</span> 
     </span>
     <span class='ocr_line' id='line_1_29' title="bbox 78 3452 1365 3529; baseline -0.003 -21"><span class='ocrx_word' id='word_1_217' title='bbox 78 3453 262 3529; x_wconf 75' lang='lat' dir='ltr'>peregrinos</span> <span class='ocrx_word' id='word_1_218' title='bbox 282 3457 386 3506; x_wconf 83' lang='lat' dir='ltr'>temere</span> <span class='ocrx_word' id='word_1_219' title='bbox 410 3452 582 3511; x_wconf 85' lang='lat' dir='ltr'>ordinarunt,</span> <span class='ocrx_word' id='word_1_220' title='bbox 608 3453 752 3527; x_wconf 40' lang='lat' dir='ltr'>,Superior</span> <span class='ocrx_word' id='word_1_221' title='bbox 775 3454 894 3522; x_wconf 89' lang='lat' dir='ltr'>epistola</span> <span class='ocrx_word' id='word_1_222' title='bbox 916 3453 1079 3507; x_wconf 83' lang='lat' dir='ltr'>nonnnatim</span> <span class='ocrx_word' id='word_1_223' title='bbox 1102 3455 1183 3508; x_wconf 82' lang='lat' dir='ltr'>Afros</span> <span class='ocrx_word' id='word_1_224' title='bbox 1205 3470 1260 3507; x_wconf 91' lang='lat' dir='ltr'>nou</span> <span class='ocrx_word' id='word_1_225' title='bbox 1284 3452 1365 3506; x_wconf 87' lang='lat' dir='ltr'>susci-</span> 
     </span>
     <span class='ocr_line' id='line_1_30' title="bbox 75 3540 333 3614; baseline -0.016 -17"><span class='ocrx_word' id='word_1_226' title='bbox 75 3541 212 3614; x_wconf 80' lang='lat' dir='ltr'>piendos</span> <span class='ocrx_word' id='word_1_227' title='bbox 230 3540 333 3593; x_wconf 86' lang='lat' dir='ltr'>monet.</span> 
     </span>
    </p>

    <p class='ocr_par' dir='ltr' id='par_1_12' title="bbox 70 3620 1448 3878">
     <span class='ocr_line' id='line_1_31' title="bbox 156 3620 1365 3695; baseline -0.003 -15"><span class='ocrx_word' id='word_1_228' title='bbox 156 3629 183 3694; x_wconf 82' lang='lat'>⁴)</span> <span class='ocrx_word' id='word_1_229' title='bbox 201 3627 233 3680; x_wconf 84' lang='lat' dir='ltr'>a²</span> <span class='ocrx_word' id='word_1_230' title='bbox 245 3627 271 3678; x_wconf 80' lang='lat' dir='ltr'>c&#39;</span> <span class='ocrx_word' id='word_1_231' title='bbox 283 3628 320 3678; x_wconf 87' lang='lat' dir='ltr'>c¹⁰</span> <span class='ocrx_word' id='word_1_232' title='bbox 337 3629 515 3695; x_wconf 74' lang='lat' dir='ltr'>expetentibus</span> <span class='ocrx_word' id='word_1_233' title='bbox 534 3625 717 3679; x_wconf 88' lang='lat' dir='ltr'>emendantur</span> <span class='ocrx_word' id='word_1_234' title='bbox 734 3642 768 3679; x_wconf 81' lang='lat' dir='ltr'>cx</span> <span class='ocrx_word' id='word_1_235' title='bbox 788 3623 819 3689; x_wconf 73' lang='lat' dir='ltr'>Q*</span> <span class='ocrx_word' id='word_1_236' title='bbox 835 3623 876 3689; x_wconf 73' lang='lat'>0².</span> <span class='ocrx_word' id='word_1_237' title='bbox 909 3620 956 3678; x_wconf 76' lang='lat' dir='ltr'>Sic&#39;</span> <span class='ocrx_word' id='word_1_238' title='bbox 975 3628 1004 3678; x_wconf 89' lang='grc' dir='ltr'>οι</span> <span class='ocrx_word' id='word_1_239' title='bbox 1026 3625 1137 3679; x_wconf 87' lang='lat' dir='ltr'>Hilarus</span> <span class='ocrx_word' id='word_1_240' title='bbox 1160 3623 1239 3694; x_wconf 89' lang='lat' dir='ltr'>epist.</span> <span class='ocrx_word' id='word_1_241' title='bbox 1262 3629 1292 3676; x_wconf 77' lang='grc'>16</span> <span class='ocrx_word' id='word_1_242' title='bbox 1311 3630 1365 3677; x_wconf 77' lang='lat' dir='ltr'>na</span> 
     </span>
     <span class='ocr_line' id='line_1_32' title="bbox 72 3708 1366 3787; baseline -0.001 -23"><span class='ocrx_word' id='word_1_243' title='bbox 72 3709 321 3787; x_wconf 66' lang='lat' dir='ltr'>prospiciendum</span> <span class='ocrx_word' id='word_1_244' title='bbox 342 3708 435 3776; x_wconf 77' lang='lat' dir='ltr'>docet,</span> <span class='ocrx_word' id='word_1_245' title='bbox 463 3732 493 3764; x_wconf 87' lang='lat' dir='ltr'>ne</span> <span class='ocrx_word' id='word_1_246' title='bbox 516 3731 551 3763; x_wconf 76' lang='lat' dir='ltr'>ca</span> <span class='ocrx_word' id='word_1_247' title='bbox 572 3714 758 3780; x_wconf 82' lang='lat' dir='ltr'>poenitentibus</span> <span class='ocrx_word' id='word_1_248' title='bbox 780 3717 870 3780; x_wconf 83' lang='lat' dir='ltr'>aliquis</span> <span class='ocrx_word' id='word_1_249' title='bbox 893 3717 929 3764; x_wconf 82' lang='lat' dir='ltr'>nri</span> <span class='ocrx_word' id='word_1_250' title='bbox 948 3731 1048 3765; x_wconf 79' lang='lat' dir='ltr'>sacrum</span> <span class='ocrx_word' id='word_1_251' title='bbox 1069 3717 1231 3764; x_wconf 79' lang='lat' dir='ltr'>ministerium</span> <span class='ocrx_word' id='word_1_252' title='bbox 1257 3729 1366 3777; x_wconf 75' lang='lat' dir='ltr'>prorsus</span> 
     </span>
     <span class='ocr_line' id='line_1_33' title="bbox 70 3795 1448 3878; baseline -0.006 -23"><span class='ocrx_word' id='word_1_253' title='bbox 70 3807 192 3855; x_wconf 62' lang='lat' dir='ltr'>mnam</span> <span class='ocrx_word' id='word_1_254' title='bbox 211 3801 346 3850; x_wconf 83' lang='lat' dir='ltr'>accedere.</span> <span class='ocrx_word' id='word_1_255' title='bbox 381 3795 453 3850; x_wconf 88' lang='lat' dir='ltr'>Vide</span> <span class='ocrx_word' id='word_1_256' title='bbox 471 3796 641 3866; x_wconf 85' lang='lat' dir='ltr'>superiorem</span> <span class='ocrx_word' id='word_1_257' title='bbox 665 3796 745 3865; x_wconf 88' lang='lat' dir='ltr'>epist.</span> <span class='ocrx_word' id='word_1_258' title='bbox 766 3802 796 3850; x_wconf 79' lang='lat'>15</span> <span class='ocrx_word' id='word_1_259' title='bbox 815 3814 840 3848; x_wconf 92' lang='lat' dir='ltr'>n.</span> <span class='ocrx_word' id='word_1_260' title='bbox 862 3803 872 3848; x_wconf 95' lang='grc'><strong>1</strong></span> <span class='ocrx_word' id='word_1_261' title='bbox 894 3800 922 3848; x_wconf 86' lang='lat' dir='ltr'>ct</span> <span class='ocrx_word' id='word_1_262' title='bbox 940 3796 1018 3864; x_wconf 81' lang='lat' dir='ltr'>epist.</span> <span class='ocrx_word' id='word_1_263' title='bbox 1043 3803 1073 3849; x_wconf 81' lang='grc'>11</span> <span class='ocrx_word' id='word_1_264' title='bbox 1093 3814 1152 3865; x_wconf 89' lang='lat' dir='ltr'>cap.</span> <span class='ocrx_word' id='word_1_265' title='bbox 1172 3803 1199 3860; x_wconf 71' lang='lat'>⁸2,</span> <span class='ocrx_word' id='word_1_266' title='bbox 1223 3795 1364 3849; x_wconf 88' lang='lat' dir='ltr'>lunoceut.</span> <span class='ocrx_word' id='word_1_267' title='bbox 1444 3870 1448 3878; x_wconf 34' lang='grc' dir='ltr'>Ι</span> 
     </span>
    </p>

    <p class='ocr_par' dir='ltr' id='par_1_13' title="bbox 117 3885 321 3936">
     <span class='ocr_line' id='line_1_34' title="bbox 117 3885 321 3936; baseline -0.005 -1"><span class='ocrx_word' id='word_1_268' title='bbox 117 3885 126 3896; x_wconf 86' lang='grc'><strong><em>’</em></strong></span> <span class='ocrx_word' id='word_1_269' title='bbox 189 3887 225 3936; x_wconf 84' lang='lat' dir='ltr'>l&#39;t</span> <span class='ocrx_word' id='word_1_270' title='bbox 238 3898 265 3934; x_wconf 91' lang='lat' dir='ltr'>n.</span> <span class='ocrx_word' id='word_1_271' title='bbox 282 3885 321 3935; x_wconf 91' lang='grc'>11.</span> 
     </span>
    </p>

    <p class='ocr_par' dir='ltr' id='par_1_14' title="bbox 70 3887 1364 4122">
     <span class='ocr_line' id='line_1_35' title="bbox 71 3887 1364 4037; baseline -0.002 -16"><span class='ocrx_word' id='word_1_272' title='bbox 71 3887 181 4037; x_wconf 49' lang='grc' dir='ltr'>ψιίξἴ)</span> <span class='ocrx_word' id='word_1_273' title='bbox 200 3965 276 4021; x_wconf 78' lang='lat' dir='ltr'>Hine</span> <span class='ocrx_word' id='word_1_274' title='bbox 293 3966 426 4021; x_wconf 74' lang='lat' dir='ltr'>excidisse</span> <span class='ocrx_word' id='word_1_275' title='bbox 443 3967 553 4021; x_wconf 80' lang='lat' dir='ltr'>videtur</span> <span class='ocrx_word' id='word_1_276' title='bbox 571 3974 637 4032; x_wconf 78' lang='lat' dir='ltr'>initii</span> <span class='ocrx_word' id='word_1_277' title='bbox 654 3972 864 4035; x_wconf 72' lang='lat' dir='ltr'>prindrapcaimac</span> <span class='ocrx_word' id='word_1_278' title='bbox 882 3979 957 4035; x_wconf 82' lang='lat' dir='ltr'>atque</span> <span class='ocrx_word' id='word_1_279' title='bbox 975 3973 1119 4028; x_wconf 82' lang='lat' dir='ltr'>medianae,</span> <span class='ocrx_word' id='word_1_280' title='bbox 1145 3968 1175 4019; x_wconf 87' lang='lat' dir='ltr'>ut</span> <span class='ocrx_word' id='word_1_281' title='bbox 1192 3967 1220 4019; x_wconf 91' lang='lat' dir='ltr'>in</span> <span class='ocrx_word' id='word_1_282' title='bbox 1237 3967 1318 4035; x_wconf 77' lang='lat' dir='ltr'>epist.</span> <span class='ocrx_word' id='word_1_283' title='bbox 1336 3972 1364 4019; x_wconf 79' lang='lat' dir='ltr'>tt</span> 
     </span>
     <span class='ocr_line' id='line_1_36' title="bbox 70 4050 1072 4122; baseline -0.009 -10"><span class='ocrx_word' id='word_1_284' title='bbox 70 4075 98 4112; x_wconf 88' lang='lat' dir='ltr'>c.</span> <span class='ocrx_word' id='word_1_285' title='bbox 119 4062 155 4111; x_wconf 87' lang='grc'>11</span> <span class='ocrx_word' id='word_1_286' title='bbox 179 4055 213 4107; x_wconf 82' lang='lat' dir='ltr'>et</span> <span class='ocrx_word' id='word_1_287' title='bbox 231 4051 261 4104; x_wconf 84' lang='lat' dir='ltr'>iu</span> <span class='ocrx_word' id='word_1_288' title='bbox 279 4050 356 4121; x_wconf 78' lang='lat' dir='ltr'>epist.</span> <span class='ocrx_word' id='word_1_289' title='bbox 373 4059 404 4106; x_wconf 79' lang='lat'>15</span> <span class='ocrx_word' id='word_1_290' title='bbox 416 4061 472 4107; x_wconf 83' lang='lat' dir='ltr'>n.3</span> <span class='ocrx_word' id='word_1_291' title='bbox 491 4052 661 4122; x_wconf 83' lang='lat' dir='ltr'>exprimitur.</span> <span class='ocrx_word' id='word_1_292' title='bbox 1061 4064 1072 4094; x_wconf 74' lang='lat' dir='ltr'>e</span> 
     </span>
    </p>

    <p class='ocr_par' dir='ltr' id='par_1_15' title="bbox 158 4135 1043 4208">
     <span class='ocr_line' id='line_1_37' title="bbox 158 4135 1043 4208; baseline 0.001 -18"><span class='ocrx_word' id='word_1_293' title='bbox 158 4142 181 4208; x_wconf 86' lang='lat'>¹)</span> <span class='ocrx_word' id='word_1_294' title='bbox 200 4136 268 4191; x_wconf 75' lang='lat' dir='ltr'>Mas.</span> <span class='ocrx_word' id='word_1_295' title='bbox 287 4138 315 4190; x_wconf 82' lang='lat' dir='ltr'>a⁸</span> <span class='ocrx_word' id='word_1_296' title='bbox 333 4143 524 4191; x_wconf 72' lang='lat' dir='ltr'>maniniocum</span> <span class='ocrx_word' id='word_1_297' title='bbox 542 4142 677 4198; x_wconf 77' lang='lat' dir='ltr'>connexis,</span> <span class='ocrx_word' id='word_1_298' title='bbox 697 4135 717 4187; x_wconf 86' lang='lat' dir='ltr'>i²</span> <span class='ocrx_word' id='word_1_299' title='bbox 736 4157 785 4188; x_wconf 84' lang='lat' dir='ltr'>arra</span> <span class='ocrx_word' id='word_1_300' title='bbox 803 4156 894 4188; x_wconf 84' lang='lat' dir='ltr'>mecum</span> <span class='ocrx_word' id='word_1_301' title='bbox 912 4143 1043 4191; x_wconf 76' lang='lat' dir='ltr'>connexis.</span> 
     </span>
    </p>

    <p class='ocr_par' dir='ltr' id='par_1_16' title="bbox 69 4221 1365 4976">
     <span class='ocr_line' id='line_1_38' title="bbox 155 4221 1364 4292; baseline -0.002 -16"><span class='ocrx_word' id='word_1_302' title='bbox 155 4226 182 4292; x_wconf 80' lang='lat'>¹)</span> <span class='ocrx_word' id='word_1_303' title='bbox 202 4221 238 4276; x_wconf 84' lang='lat' dir='ltr'>ld</span> <span class='ocrx_word' id='word_1_304' title='bbox 254 4221 305 4275; x_wconf 78' lang='lat' dir='ltr'>sibi</span> <span class='ocrx_word' id='word_1_305' title='bbox 323 4223 384 4276; x_wconf 85' lang='lat' dir='ltr'>vult</span> <span class='ocrx_word' id='word_1_306' title='bbox 400 4221 445 4276; x_wconf 88' lang='lat' dir='ltr'>hic</span> <span class='ocrx_word' id='word_1_307' title='bbox 460 4228 606 4292; x_wconf 77' lang='lat' dir='ltr'>praesulum</span> <span class='ocrx_word' id='word_1_308' title='bbox 623 4234 765 4276; x_wconf 79' lang='lat' dir='ltr'>nostrorum</span> <span class='ocrx_word' id='word_1_309' title='bbox 783 4227 936 4284; x_wconf 73' lang='lat' dir='ltr'>atteteritur,</span> <span class='ocrx_word' id='word_1_310' title='bbox 957 4222 1032 4289; x_wconf 86' lang='lat' dir='ltr'>quod</span> <span class='ocrx_word' id='word_1_311' title='bbox 1048 4221 1122 4275; x_wconf 82' lang='lat' dir='ltr'>infra</span> <span class='ocrx_word' id='word_1_312' title='bbox 1137 4229 1244 4288; x_wconf 74' lang='lat' dir='ltr'>filiorum</span> <span class='ocrx_word' id='word_1_313' title='bbox 1263 4233 1364 4277; x_wconf 83' lang='lat' dir='ltr'>nostro·</span> 
     </span>
     <span class='ocr_line' id='line_1_39' title="bbox 69 4305 1364 4377; baseline -0.002 -17"><span class='ocrx_word' id='word_1_314' title='bbox 69 4333 138 4367; x_wconf 71' lang='lat' dir='ltr'>m</span> <span class='ocrx_word' id='word_1_315' title='bbox 164 4311 313 4377; x_wconf 74' lang='lat' dir='ltr'>principun</span> <span class='ocrx_word' id='word_1_316' title='bbox 335 4314 483 4363; x_wconf 73' lang='lat' dir='ltr'>auctoritas.</span> <span class='ocrx_word' id='word_1_317' title='bbox 522 4307 629 4362; x_wconf 83' lang='lat' dir='ltr'>Eodem</span> <span class='ocrx_word' id='word_1_318' title='bbox 651 4305 788 4376; x_wconf 81' lang='lat' dir='ltr'>loquendi</span> <span class='ocrx_word' id='word_1_319' title='bbox 805 4305 887 4360; x_wconf 90' lang='lat' dir='ltr'>modo</span> <span class='ocrx_word' id='word_1_320' title='bbox 906 4306 993 4360; x_wconf 85' lang='lat' dir='ltr'>utitur</span> <span class='ocrx_word' id='word_1_321' title='bbox 1011 4309 1040 4360; x_wconf 89' lang='lat' dir='ltr'>et</span> <span class='ocrx_word' id='word_1_322' title='bbox 1058 4306 1214 4377; x_wconf 85' lang='lat' dir='ltr'>Simplicius</span> <span class='ocrx_word' id='word_1_323' title='bbox 1232 4307 1312 4376; x_wconf 72' lang='lat' dir='ltr'>apim.</span> <span class='ocrx_word' id='word_1_324' title='bbox 1335 4312 1364 4359; x_wconf 84' lang='lat' dir='ltr'>la</span> 
     </span>
     <span class='ocr_line' id='line_1_40' title="bbox 69 4387 1364 4462; baseline -0.008 -10"><span class='ocrx_word' id='word_1_325' title='bbox 69 4418 102 4453; x_wconf 84' lang='lat' dir='ltr'>n.</span> <span class='ocrx_word' id='word_1_326' title='bbox 119 4403 160 4462; x_wconf 77' lang='lat'>2,</span> <span class='ocrx_word' id='word_1_327' title='bbox 180 4409 269 4462; x_wconf 83' lang='lat' dir='ltr'>quem</span> <span class='ocrx_word' id='word_1_328' title='bbox 285 4392 314 4446; x_wconf 91' lang='lat' dir='ltr'>iu</span> <span class='ocrx_word' id='word_1_329' title='bbox 332 4392 423 4447; x_wconf 88' lang='lat' dir='ltr'>locum</span> <span class='ocrx_word' id='word_1_330' title='bbox 442 4410 514 4461; x_wconf 90' lang='lat' dir='ltr'>quae</span> <span class='ocrx_word' id='word_1_331' title='bbox 532 4393 682 4448; x_wconf 82' lang='lat' dir='ltr'>observata</span> <span class='ocrx_word' id='word_1_332' title='bbox 699 4396 763 4446; x_wconf 89' lang='lat' dir='ltr'>sunt</span> <span class='ocrx_word' id='word_1_333' title='bbox 781 4387 897 4462; x_wconf 79' lang='lat' dir='ltr'>repete.¹</span> <span class='ocrx_word' id='word_1_334' title='bbox 914 4393 950 4445; x_wconf 84' lang='lat' dir='ltr'>Et</span> <span class='ocrx_word' id='word_1_335' title='bbox 967 4410 1033 4447; x_wconf 86' lang='lat' dir='ltr'>vcro</span> <span class='ocrx_word' id='word_1_336' title='bbox 1052 4393 1163 4462; x_wconf 82' lang='lat' dir='ltr'>regibus</span> <span class='ocrx_word' id='word_1_337' title='bbox 1181 4394 1210 4446; x_wconf 89' lang='lat' dir='ltr'>ct</span> <span class='ocrx_word' id='word_1_338' title='bbox 1227 4392 1364 4461; x_wconf 86' lang='lat' dir='ltr'>episcopis</span> 
     </span>
     <span class='ocr_line' id='line_1_41' title="bbox 70 4475 1364 4548; baseline -0.008 -10"><span class='ocrx_word' id='word_1_339' title='bbox 70 4495 244 4538; x_wconf 81' lang='lat' dir='ltr'>commune</span> <span class='ocrx_word' id='word_1_340' title='bbox 266 4480 309 4531; x_wconf 83' lang='lat' dir='ltr'>cst</span> <span class='ocrx_word' id='word_1_341' title='bbox 327 4486 472 4548; x_wconf 77' lang='lat' dir='ltr'>praeratum</span> <span class='ocrx_word' id='word_1_342' title='bbox 490 4496 603 4545; x_wconf 81' lang='lat' dir='ltr'>nomen,</span> <span class='ocrx_word' id='word_1_343' title='bbox 625 4477 691 4547; x_wconf 93' lang='lat' dir='ltr'>quia</span> <span class='ocrx_word' id='word_1_344' title='bbox 707 4477 779 4547; x_wconf 57' lang='lat' dir='ltr'>ipsis,</span> <span class='ocrx_word' id='word_1_345' title='bbox 795 4478 902 4547; x_wconf 87' lang='lat' dir='ltr'>paritor</span> <span class='ocrx_word' id='word_1_346' title='bbox 920 4478 1049 4532; x_wconf 79' lang='lat' dir='ltr'>convenit</span> <span class='ocrx_word' id='word_1_347' title='bbox 1067 4485 1227 4546; x_wconf 75' lang='lat' dir='ltr'>praecidere.</span> <span class='ocrx_word' id='word_1_348' title='bbox 1264 4476 1318 4529; x_wconf 85' lang='lat' dir='ltr'>Sed</span> <span class='ocrx_word' id='word_1_349' title='bbox 1335 4475 1364 4529; x_wconf 90' lang='lat' dir='ltr'>iu</span> 
     </span>
     <span class='ocr_line' id='line_1_42' title="bbox 72 4562 1364 4634; baseline -0.002 -17"><span class='ocrx_word' id='word_1_350' title='bbox 72 4570 139 4623; x_wconf 72' lang='lat' dir='ltr'>hoe</span> <span class='ocrx_word' id='word_1_351' title='bbox 170 4562 316 4631; x_wconf 77' lang='lat' dir='ltr'>differunt,</span> <span class='ocrx_word' id='word_1_352' title='bbox 339 4565 427 4634; x_wconf 86' lang='lat' dir='ltr'>quod,</span> <span class='ocrx_word' id='word_1_353' title='bbox 450 4569 481 4618; x_wconf 89' lang='lat' dir='ltr'>ut</span> <span class='ocrx_word' id='word_1_354' title='bbox 501 4564 624 4632; x_wconf 91' lang='lat' dir='ltr'>loquitur</span> <span class='ocrx_word' id='word_1_355' title='bbox 646 4565 705 4633; x_wconf 86' lang='lat' dir='ltr'>ipse</span> <span class='ocrx_word' id='word_1_356' title='bbox 724 4564 858 4616; x_wconf 65' lang='lat' dir='ltr'>Gelasius*</span> <span class='ocrx_word' id='word_1_357' title='bbox 872 4564 952 4632; x_wconf 70' lang='lat' dir='ltr'>opust.</span> <span class='ocrx_word' id='word_1_358' title='bbox 974 4569 1004 4617; x_wconf 78' lang='lat'>12</span> <span class='ocrx_word' id='word_1_359' title='bbox 1023 4583 1048 4617; x_wconf 92' lang='lat' dir='ltr'>n.</span> <span class='ocrx_word' id='word_1_360' title='bbox 1062 4571 1090 4630; x_wconf 75' lang='lat'>2,</span> <span class='ocrx_word' id='word_1_361' title='bbox 1114 4580 1194 4632; x_wconf 83' lang='lat' dir='ltr'>reges</span> <span class='ocrx_word' id='word_1_362' title='bbox 1215 4567 1364 4631; x_wconf 83' lang='lat' dir='ltr'>praesident</span> 
     </span>
     <span class='ocr_line' id='line_1_43' title="bbox 72 4648 1365 4719; baseline -0.002 -15"><span class='ocrx_word' id='word_1_363' title='bbox 72 4660 203 4708; x_wconf 66' lang='lat' dir='ltr'>hauno</span> <span class='ocrx_word' id='word_1_364' title='bbox 220 4656 321 4717; x_wconf 74' lang='lat' dir='ltr'>peracri:</span> <span class='ocrx_word' id='word_1_365' title='bbox 344 4650 463 4719; x_wconf 79' lang='lat' dir='ltr'>ideoque</span> <span class='ocrx_word' id='word_1_366' title='bbox 485 4651 526 4704; x_wconf 90' lang='lat' dir='ltr'>illi</span> <span class='ocrx_word' id='word_1_367' title='bbox 546 4650 650 4704; x_wconf 85' lang='lat' dir='ltr'>ibidem</span> <span class='ocrx_word' id='word_1_368' title='bbox 673 4670 746 4717; x_wconf 76' lang='lat' dir='ltr'>repes</span> <span class='ocrx_word' id='word_1_369' title='bbox 764 4655 895 4709; x_wconf 83' lang='lat' dir='ltr'>dominum,</span> <span class='ocrx_word' id='word_1_370' title='bbox 919 4648 948 4701; x_wconf 87' lang='lat' dir='ltr'>hl</span> <span class='ocrx_word' id='word_1_371' title='bbox 966 4668 1049 4703; x_wconf 86' lang='lat' dir='ltr'>rerum</span> <span class='ocrx_word' id='word_1_372' title='bbox 1070 4655 1204 4717; x_wconf 80' lang='lat' dir='ltr'>praesules</span> <span class='ocrx_word' id='word_1_373' title='bbox 1225 4653 1365 4702; x_wconf 81' lang='lat' dir='ltr'>diuinarum</span> 
     </span>
     <span class='ocr_line' id='line_1_44' title="bbox 72 4734 1364 4811; baseline -0.001 -24"><span class='ocrx_word' id='word_1_374' title='bbox 72 4734 282 4811; x_wconf 57' lang='lat' dir='ltr'>appellantur.</span> <span class='ocrx_word' id='word_1_375' title='bbox 323 4735 411 4789; x_wconf 87' lang='lat' dir='ltr'>Iideln</span> <span class='ocrx_word' id='word_1_376' title='bbox 432 4735 506 4790; x_wconf 82' lang='lat' dir='ltr'>infra</span> <span class='ocrx_word' id='word_1_377' title='bbox 528 4736 608 4806; x_wconf 81' lang='lat' dir='ltr'>epist.</span> <span class='ocrx_word' id='word_1_378' title='bbox 633 4741 709 4791; x_wconf 75' lang='lat'>3711.</span> <span class='ocrx_word' id='word_1_379' title='bbox 730 4742 741 4788; x_wconf 93' lang='grc'><strong>1</strong></span> <span class='ocrx_word' id='word_1_380' title='bbox 764 4742 897 4802; x_wconf 78' lang='lat' dir='ltr'>praesules</span> <span class='ocrx_word' id='word_1_381' title='bbox 919 4740 1100 4789; x_wconf 82' lang='lat' dir='ltr'>ministrandae</span> <span class='ocrx_word' id='word_1_382' title='bbox 1120 4739 1183 4799; x_wconf 72' lang='lat' dir='ltr'>lirici</span> <span class='ocrx_word' id='word_1_383' title='bbox 1206 4737 1364 4787; x_wconf 73' lang='lat' dir='ltr'>Christianae</span> 
     </span>
     <span class='ocr_line' id='line_1_45' title="bbox 72 4817 1365 4895; baseline -0.006 -17"><span class='ocrx_word' id='word_1_384' title='bbox 72 4821 237 4878; x_wconf 73' lang='lat' dir='ltr'>dicuntur.</span> <span class='ocrx_word' id='word_1_385' title='bbox 271 4820 316 4873; x_wconf 81' lang='lat' dir='ltr'>Ad</span> <span class='ocrx_word' id='word_1_386' title='bbox 333 4820 437 4895; x_wconf 81' lang='lat' dir='ltr'>calcem</span> <span class='ocrx_word' id='word_1_387' title='bbox 454 4822 533 4890; x_wconf 86' lang='lat' dir='ltr'>epist.</span> <span class='ocrx_word' id='word_1_388' title='bbox 553 4828 569 4874; x_wconf 83' lang='lat'><strong>6</strong></span> <span class='ocrx_word' id='word_1_389' title='bbox 587 4820 745 4890; x_wconf 81' lang='lat' dir='ltr'>Symmachi</span> <span class='ocrx_word' id='word_1_390' title='bbox 762 4837 852 4889; x_wconf 90' lang='lat' dir='ltr'>papae</span> <span class='ocrx_word' id='word_1_391' title='bbox 871 4820 991 4875; x_wconf 90' lang='lat' dir='ltr'>edictum</span> <span class='ocrx_word' id='word_1_392' title='bbox 1009 4819 1110 4874; x_wconf 90' lang='lat' dir='ltr'>edituri</span> <span class='ocrx_word' id='word_1_393' title='bbox 1128 4835 1221 4871; x_wconf 85' lang='lat' dir='ltr'>sumus</span> <span class='ocrx_word' id='word_1_394' title='bbox 1238 4817 1365 4874; x_wconf 86' lang='lat' dir='ltr'>Theodo-</span> 
     </span>
     <span class='ocr_line' id='line_1_46' title="bbox 75 4905 892 4976; baseline -0.006 -12"><span class='ocrx_word' id='word_1_395' title='bbox 75 4907 138 4964; x_wconf 65' lang='grc' dir='ltr'>Υἱοὶ</span> <span class='ocrx_word' id='word_1_396' title='bbox 161 4905 360 4974; x_wconf 73' lang='lat' dir='ltr'>reginmunt</span> <span class='ocrx_word' id='word_1_397' title='bbox 376 4910 487 4961; x_wconf 61' lang='lat' dir='ltr'>&amp;mano</span> <span class='ocrx_word' id='word_1_398' title='bbox 506 4911 575 4961; x_wconf 79' lang='lat' dir='ltr'>ordis</span> <span class='ocrx_word' id='word_1_399' title='bbox 592 4913 707 4975; x_wconf 81' lang='lat' dir='ltr'>praesuli</span> <span class='ocrx_word' id='word_1_400' title='bbox 722 4906 892 4976; x_wconf 85' lang='lat' dir='ltr'>inscriptum.</span> 
     </span>
    </p>
   </div>
   <div class='ocr_carea' id='block_1_9' title="bbox 0 0 1711 5664">
    <p class='ocr_par' dir='ltr' id='par_1_17' title="bbox 0 0 1711 5664">
     <span class='ocr_line' id='line_1_47' title="bbox 0 0 1711 5664; baseline 0 0"><span class='ocrx_word' id='word_1_401' title='bbox 0 0 1711 5664; x_wconf 95' lang='lat' dir='ltr'> </span> 
     </span>
    </p>
   </div>
  </div>
 </body>
</html>
