3412 5664
695 331 889 380 sersrouau
915 323 963 379 18.
991 322 1038 378 19.
1441 320 1504 383 396

191 490 358 559 directe
378 486 564 570 pontifices,
594 486 692 551 etium
715 485 755 550 ad
778 508 833 551 vos
857 486 1012 551 credimus
1035 486 1252 571 dirigendam,
1284 490 1440 570 ‹pratenus
1469 489 1502 552 iu
1516 508 1609 555 aloa

193 591 369 659 veritate
397 588 557 654 catholica
584 590 758 654 secundum
780 590 917 652 formam
940 589 1123 654 traditionis
1147 589 1297 672 antiquae
1319 592 1430 654 tenere
1445 613 1504 655 nos

202 714 407 761 consonam
434 691 589 757 noveritis
609 691 734 776 ,ubique
762 692 966 756 sententiam.
1013 691 1047 757 Si
1070 714 1147 777 ‹puos
1170 714 1244 756 vero
1267 715 1366 757 novos
1388 693 1504 757 didice-

207 797 297 863 ritis
333 798 437 860 motus
465 817 652 881 exsurgere,
687 795 780 859 nobis
800 796 946 860 fraterna
969 795 1091 859 debetis
1114 794 1329 860 sollicitudine
1351 818 1502 881 reserare,
1585 862 1591 868 ,

213 920 288 985 quo
324 896 476 981 subinde,
509 920 592 984 quae
619 901 748 982 patrum
777 897 896 983 regulis
927 901 1123 983 congruant,
1158 902 1344 982 praestante
1366 899 1504 964 Domino

217 1001 374 1066 remedia
396 988 612 1086 procuremus.

317 1106 351 1170 5.
380 1103 450 1169 Nee
464 1104 631 1190 quisquam
646 1104 777 1169 omnino
793 1104 882 1169 vobis
898 1104 1099 1190 persuadeat,
1124 1102 1244 1169 Acacio
1260 1106 1504 1189 praevaricatio-

223 1207 282 1273 nis
311 1230 389 1273 susc
417 1206 539 1272 crimen
565 1207 665 1271 fuisse
693 1206 852 1292 laxatum,
886 1209 960 1293 quia
993 1208 1046 1292 qui
1074 1211 1244 1292 postquam
1272 1208 1306 1271 in
1335 1209 1504 1293 collegium

226 1310 380 1376 recidens
402 1310 572 1396 pravitatis
591 1310 725 1395 jureque
747 1311 865 1375 meruit
887 1311 927 1374 ab
943 1310 1118 1395 apostolica
1135 1311 1356 1376 communione
1372 1311 1502 1393 secludi,

228 1410 266 1475 in
295 1411 359 1477 hac
386 1413 497 1477 eadem
524 1413 699 1498 persistens
726 1413 932 1478 damnatione
958 1413 1128 1477 defunctus
1158 1416 1221 1497 est,
1260 1413 1503 1497 absolutionem,

230 1534 333 1597 quam
352 1519 512 1600 superstes
539 1538 599 1581 nee
621 1516 778 1600 quaesivit
800 1517 931 1581 omnino
955 1537 1014 1581 uec
1037 1518 1162 1600 meruit,
1186 1518 1361 1581 mortuus
1348 1539 1417 1601 Jam
1439 1540 1505 1582 non

232 1622 345 1699 potest
373 1619 561 1703 impetrare,
597 1618 790 1704 siquidenr'
780 1620 860 1703 ipsis
888 1619 1041 1705 apostolis
1064 1618 1182 1685 Christi
1173 1640 1294 1684 ivoce
1323 1619 1546 1738 delegatumM

234 1722 301 1793 est.
342 1724 422 1796 Quae
447 1727 616 1801 lipaverr'tr's
641 1744 734 1804 super
759 1735 888 1800 ter,ram
927 1735 956 1787 e!
982 1739 1059 1801 quae
1085 1728 1235 1786 solveritis
1261 1744 1352 1802 super
1379 1735 1503 1786 terrem
1517 1685 1615 1820 1th

236 1816 415 1903 Ceterum
401 1844 472 1908 Jam
493 1822 532 1887 de
554 1844 601 1907 ee,
625 1825 680 1908 qui
703 1825 737 1889 in
759 1824 939 1890 divinet
890 1830 939 1890 est
957 1824 1079 1909 judicio
1100 1809 1222 1889 constit
1223 1828 1306 1907 utus,
1341 1825 1433 1889 nobis
1456 1826 1505 1889 sas

237 1941 301 1988 nou
327 1931 375 1990 est
395 1925 483 1990 aliud
504 1925 675 1993 decernere
697 1932 825 2013 praeter
847 1928 894 2012 id,
928 1929 963 1992 iu
990 1950 1051 2012 quo
1074 1949 1146 1992 eum
1175 1926 1242 1992 dies
1270 1949 1436 2010 supremus
1458 1929 1505 1991 in-

240 2027 344 2111 venit3
368 2032 463 2114 atquc
491 2028 562 2093 ideo
584 2028 646 2093 nisi
675 2030 744 2114 ejus
773 2031 902 2095 nomine
930 2030 1070 2093 refutato
1099 2030 1275 2114 ceterisque
1305 2031 1505 2095 consortibus

241 2121 337 2209 hujus
345 2131 480 2215 erroris,
513 2152 584 2196 cum
612 2132 701 2196 nullo
728 2155 856 2217 prorsus
879 2155 988 2197 eorum
1015 2133 1210 2217 participare
1232 2133 1336 2197 debet'
1312 2136 1354 2195 trs
1378 2154 1506 2196 mensae

243 2224 415 2299 dominicae
447 2233 639 2319 puritatem,
677 2256 772 2319 quam
804 2235 941 2319 majores
975 2235 1077 2299 nostri
1050 2256 1237 2319 nsemper
1270 2236 1311 2350 al)
1343 2235 1506 2301 haeretica

244 2346 432 2422 mignopere
453 2339 662 2401 serraverunt
683 2337 858 2421 pollutione
882 2338 1062 2402 discretam.

323 2439 355 2504 6.
394 2438 457 2505 Sed
490 2462 594 2525 neque
628 2462 683 2503 vos
711 2441 911 2527 quisquam⁸)
946 2441 1175 2506 circumvenire
1208 2444 1385 2526 pertentet,
1422 2441 1505 2528 quod

203 2538 209 2549 '
245 2530 346 2623 litat,
370 2564 433 2607 non
456 2542 496 2607 (le
518 2542 673 2628 religione
695 2543 751 2607 sed
774 2543 812 2606 do
835 2544 974 2608 moribus
1003 2566 1071 2608 esse
1100 2549 1278 2627 certamen,
1309 2545 1357 2608 vel
1381 2550 1506 2629 aposto·

245 2631 339 2708 ll'ffim
357 2644 460 2709 sedem
482 2667 548 2711 non
572 2668 700 2710 eausam
729 2647 962 2712 communionis
995 2645 1172 2710 catholicae
1195 2646 1330 2730 fideique
1353 2651 1504 2729 tractare,

244 2737 282 2801 Ml
314 2744 465 2832 injurium
488 2747 605 2832 dolere,
636 2770 691 2813 cur
713 2748 859 2813 videatur
881 2749 922 2813 ab
944 2748 1064 2812 Acocio
1087 2748 1185 2812 fuisse
1208 2751 1408 2831 contempta3
1431 2770 1506 2831 quo·

245 2838 331 2911 sstem
351 2848 426 2915 hoec
448 2853 482 2914 et
503 2848 699 2935 hujusmodi,
729 2854 886 2935 quatenus
913 2852 1073 2935 simplices
1101 2872 1241 2935 quosque
1263 2849 1442 2934 decipiant,
1472 2848 1506 2913 hi

246 2942 285 3027 lli
323 2950 359 3017 in
382 2974 488 3018 errore
509 2956 586 3017 sunt
612 2954 725 3039 positi,
755 2975 907 3039 spargere
936 2976 1002 3017 nou
1030 2952 1208 3037 quieseunt.
1254 2952 1379 3015 Videtis
1408 2952 1504 3034 enim,

248 3044 327 3113 sieut
348 3076 437 3141 supra
455 3055 526 3139 jam
548 3055 668 3121 dictum
691 3061 754 3142 est,
785 3079 843 3141 per
865 3055 996 3120 nomine
1019 3055 1310 3139 praevaricatorum
1317 3105 1325 3136 ,
1354 3054 1398 3136 si,
1422 3053 1506 3137 qnod

252 3146 346 3239 absit,
366 3156 560 3223 inllcclesis
581 3158 748 3225 recitanda
771 3160 952 3240 credantur,
975 3156 1069 3221 simul
1092 3161 1125 3221 et
1140 3156 1324 3241 contagium
1346 3156 1505 3241 praevari-

256 3250 377 3325 fflfionis
395 3261 515 3326 induci.
550 3260 647 3327 Sedes
670 3266 776 3327 autem
800 3261 976 3346 apiostolics
997 3261 1033 3323 in
1055 3262 1182 3322 tantum
1198 3281 1263 3322 non
1280 3259 1507 3324 contumeliam

259 3348 343 3446 dolel,
361 3363 412 3429 sed
434 3363 530 3429 fidem
551 3364 695 3430 defendit
701 3398 714 3451 ,·
735 3365 991 3430 communionem
1013 3362 1187 3446 sinceram,
1212 3365 1248 3425 ut
1270 3360 1363 3427 hodic
1386 3361 1505 3444 cuncti,

261 3453 311 3547 qvi
326 3459 355 3529 in
371 3466 440 3551 ejus
461 3467 522 3533 risi
544 3471 621 3533 sunt
641 3470 823 3553 prorupisse
846 3468 1045 3553 despectum,
1063 3466 1105 3530 -si
1128 3466 1169 3530 ad
1190 3465 1412 3550 integritatem
1433 3464 1507 3529 fidei

261 3569 566 3655 aerumnisque)
582 3570 759 3636 catholicae
774 3573 986 3651 revertantur,
1010 3568 1185 3634 seeundum
1200 3568 1384 3652 regularum
1398 3566 1508 3630 trami-

260 3676 319 3735 teu
339 3676 540 3754 paternarum
571 3676 640 3737 toto
665 3673 770 3737 cordis
797 3673 912 3737 affeetu
935 3673 1100 3736 venientes
1129 3675 1162 3735 et
1183 3671 1280 3754 plena
1302 3670 1436 3733 caritate
1458 3690 1508 3733 su-

252 3767 368 3857 sapiu
415 3773 502 3840 Date
523 3774 572 3839 Ill
594 3774 706 3840 Nonas
729 3775 879 3859 Augusti,
904 3775 1033 3841 Asterie
1055 3776 1088 3837 et
1109 3772 1273 3837 Praesidio
1294 3771 1371 3835 viris
1400 3768 1508 3835 claris-
1562 3854 1565 3861 Ι

249 3871 337 3947 simis
355 3877 547 3945 oonsulibus.
651 3904 654 3910 ·
1559 3868 1563 3881 ’

742 4068 857 4175 Epist
839 4064 924 4155 tola
951 4067 1005 4154 19.

352 4202 489 4277 Gelasll
510 4184 621 4294 pripee
642 4207 686 4274 ad
709 4206 883 4275 leonium
907 4207 1108 4291 episcopum
1131 4156 1392 4270 Arelatensem.
1518 4184 1641 4325 {3422}

191 4376 213 4425 Ι,
263 4352 398 4407 muru
413 4366 477 4401 suae
494 4360 557 4415 erpa
570 4350 658 4401 Gallos
673 4352 865 4402 sollicitudinem
883 4355 999 4405 testatur.
1018 4347 1087 4396 etot
1100 4348 1199 4397 Aeouio
1217 4347 1250 4395 ‹le
1267 4346 1390 4394 ecclesiae
1408 4343 1473 4391 illius

636 4443 705 4487 statu
721 4437 823 4486 litterar
839 4434 946 4485 vicissim
963 4438 1107 4497 exspectat.

392 4513 672 4619 Dilectissimo
693 4553 813 4617 fratri
838 4549 987 4614 Aeonio
1010 4547 1205 4613 Gelasius.

321 4680 351 4745 1.
393 4673 484 4739 luter
511 4673 719 4738 difficultates
746 4671 852 4736 vanas
881 4669 1006 4754 copiam
1034 4690 1092 4732 nos
1119 4666 1275 4753 reperisse
1297 4663 1507 4748 gratulamur,
1622 4731 1627 4737 ,

295 4854 320 4919 ·)
341 4848 391 4902 rra
408 4800 525 4912 &salii
537 4802 646 4915 *quiaque
721 4849 856 4900 uideantur
929 4847 1055 4911 simplices
1072 4859 1179 4912 quoque.

294 4940 319 5007 ἰ
338 4930 426 4989 Editi
441 4935 681 5002 mantumque
698 4935 859 4993 cormacum,
878 4926 1055 4998 corriguntur
1071 4924 1239 4983 auctoritate
1257 4922 1301 4977 G'.

254 5038 432 5083 arsurem
444 5035 548 5079 now.
561 5034 674 5076 rorrrr.
693 5022 715 5073 1.
1268 5016 1307 5074 25
