3450 5678
259 305 324 370 402
364 276 373 283 ’
741 319 769 366 s.
787 317 927 367 sannen
949 317 1065 365 uaria

151 491 246 542 asae.
260 477 391 542 ducere:
414 473 498 560 quod
519 471 648 558 quidem
669 472 795 537 etiamsi
818 494 884 537 nou
907 475 1039 557 negent,
1061 470 1129 536 sive
1150 471 1291 537 scientes
1306 471 1375 537 sive
1390 473 1543 540 nescien-

260 584 310 644 tes
336 579 445 643 facere
473 576 691 642 confutantur.
746 573 804 640 Sin
832 596 906 639 vero
934 577 969 639 et
988 573 1160 660 Eutychen
1187 573 1388 641 haareficum
1415 597 1545 663 negare

260 705 327 748 non
349 680 480 764 audent,
509 682 620 762 restat,
650 681 822 743 utcontra
844 676 1035 742 catholicam
1056 677 1153 742 fidem
1179 699 1246 744 non
1274 676 1436 764 synodum
1456 701 1545 746 nun·

261 784 453 870 cupandam,
477 782 533 846 sed
556 780 827 867 conspirationem
847 780 954 866 potius
976 779 1175 866 perditorum
1195 781 1295 847 fuisse
1315 783 1543 869 consentiant,

259 909 341 974 quae
369 885 453 970 apud
482 883 647 969 Ephesum
669 882 848 968 Eutychete
876 882 1007 948 reducto
1034 884 1172 969 perculit
1192 887 1336 950 'sauetoe
1361 886 1544 953 memoriae

259 989 465 1072 liavianum,
500 990 694 1072 armatosque
720 987 775 1071 qui
802 985 869 1051 illic
891 986 1027 1051 aderant
1053 986 1234 1052 sacerdotes
1255 987 1392 1053 militari
1414 988 1543 1055 terrore

260 1090 451 1176 compulerit
470 1092 564 1154 tanto
587 1089 699 1154 sceleri
721 1089 876 1174 praebere
898 1111 1100 1154 consensum.
1140 1090 1247 1174 Atque
1269 1089 1342 1156 ideo
1363 1091 1464 1157 uobis
1485 1114 1542 1159 ne

260 1216 347 1261 cesae
375 1196 425 1257 est
452 1214 585 1277 pravam
607 1214 851 1278 perversamque
875 1192 1123 1277 conspirationis
1145 1192 1232 1258 illius
1253 1196 1288 1258 et
1308 1193 1542 1261 latrocinalem

258 1299 358 1363 fuisse
379 1295 572 1381 perhibeant
594 1295 764 1380 actionem,
787 1316 921 1381 eamque
936 1295 1083 1360 debuisse
1104 1295 1208 1360 modis
1225 1295 1376 1361 omnibus
1399 1296 1541 1383 abolari;

259 1405 292 1465 et
313 1400 384 1465 ideo
403 1400 534 1483 justam,
558 1398 687 1481 bonam,
712 1398 870 1463 veraciter
887 1396 1106 1463 Christianam
1122 1396 1420 1464 Calchedoneusem
1442 1422 1541 1486 syno

129 1556 133 1563 .
258 1504 334 1568 dum
355 1502 548 1588 processisse
570 1500 728 1565 definiant
748 1501 784 1565 iu
806 1500 868 1581 his,
889 1501 1004 1585 quibus
1022 1499 1203 1585 Eutychate
1225 1500 1359 1587 depulso
1381 1524 1460 1567 cum
1481 1525 1542 1569 suo

257 1607 383 1671 fautore
405 1603 559 1669 Dioscoro
581 1602 741 1668 haeresim
768 1625 878 1668 eorum
899 1625 1101 1690 erroremque
1124 1603 1297 1669 damnarit.
1335 1602 1436 1670 Hanc
1459 1626 1539 1692 argo

258 1708 430 1794 synodum,
465 1709 502 1771 ut
528 1705 650 1770 dictum
678 1710 743 1790 est,
777 1706 913 1790 bonam,
942 1729 1068 1790 veram,
1090 1706 1223 1797 justam
1249 1705 1537 1794 christianamque

258 1832 327 1876 esse
349 1832 415 1874 non
437 1809 598 1891 dubitant,
622 1830 797 1893 perquam
819 1808 876 1872 illa
897 1809 994 1874 noxia
1009 1810 1053 1873 sit
1066 1813 1200 1874 remota.
1234 1808 1442 1894 Perspiciant
1456 1832 1534 1897 argo

257 1912 451 1997 tandemque
474 1911 668 1994 concedant,
700 1911 782 1996 quod
805 1910 947 1997 quisquis
975 1913 1016 1977 ab
1045 1912 1114 1996 ejus
1136 1912 1244 1995 justae
1270 1914 1306 1976 et
1326 1911 1533 1979 Christianae

257 2036 414 2100 veraeque
437 2013 549 2099 synodi
572 2014 645 2098 fide,
670 2013 892 2079 communione
915 2017 949 2077 et
969 2014 1106 2078 veritate
1133 2014 1324 2097 deviaverit,
1353 2015 1407 2080 vel
1429 2017 1534 2081 abes

258 2116 461 2183 deviantibus
484 2115 740 2201 communionem
761 2116 941 2199 misouerit,
970 2115 1169 2180 sufficienter
1190 2120 1287 2202 atque
1309 2122 1533 2203 competenter

257 2219 433 2284 secundum
455 2219 555 2304 ipsius
578 2218 711 2284 definita
732 2220 882 2283 teneatur
903 2218 1090 2283 obstrictus:
1114 2219 1265 2303 quoniam
1286 2219 1374 2285 maia
1391 2220 1534 2306 synodus

258 2323 342 2388 bona
370 2321 481 2387 debuit
508 2321 705 2404 submoveri,
751 2322 837 2386 bona
865 2342 939 2385 vero
966 2320 1106 2405 synodus
1133 2320 1223 2386 nulla
1251 2342 1348 2388 causa
1373 2328 1442 2408 est,
1467 2340 1535 2391 ’our

257 2425 322 2489 alia
349 2424 465 2489 debeat
491 2424 613 2509 synodo
640 2424 826 2507 retractari,
860 2445 902 2488 ne
929 2423 1001 2509 ipsa
1028 2424 1216 2490 retractatio
1247 2425 1317 2510 ejus
1343 2426 1535 2493 constitutis

217 2528 223 2543 ’
257 2527 391 2613 deroget
417 2527 614 2593 firmitatem.
673 2525 812 2591 Proinde
843 2527 1023 2612 quicunque
1058 2527 1319 2613 congregationis
1345 2527 1536 2614 Epheainae

255 2634 410 2694 tenentur
432 2630 564 2712 affectu,
593 2628 669 2714 quid
692 2627 796 2693 adhuc
818 2628 931 2693 Aeacii
952 2628 1175 2694 tantummodo
1196 2652 1314 2695 nornen
1336 2630 1534 2716 obtendunt,

257 2737 289 2797 et
311 2755 377 2798 non
400 2732 508 2817 palam
530 2754 564 2796 se
572 2732 612 2817 ⁴⁹)
635 2734 809 2797 sectatores
832 2729 1037 2815 Eutychetis,
1071 2732 1126 2817 qui
1154 2732 1221 2797 illio
1242 2736 1391 2818 receptus
1412 2734 1534 2819 fuerat

257 2834 471 2921 profitentur?
515 2833 604 2910 Quod
627 2833 654 2898 si
676 2832 851 2918 refugiunt,
881 2836 976 2918 atque
999 2833 1170 2918 Eutychen
1190 2856 1225 2899 se
1247 2834 1422 2919 perhibent
1444 2858 1536 2903 exae-

258 2939 352 3022 erari,
376 2937 471 3002 simul
493 2958 570 3022 ergo
594 2939 627 3000 et
641 2934 851 3019 Ephesinam,
875 2956 937 3020 qua
960 2936 1044 3000 male
1065 2940 1212 3022 receptus
1235 2941 1294 3021 est,
1319 2939 1536 3025 conspirato-

257 3062 331 3105 nem
349 3041 422 3124 jure
446 3042 621 3121 omentum,
651 3041 684 3100 et
704 3037 998 3103 Oalchedouensem
1020 3039 1193 3123 synodum,
1222 3061 1286 3124 qua
1306 3041 1450 3124 rejectus
1472 3046 1534 3127 eat,

256 3143 372 3206 merito
401 3126 604 3206 consentient
631 3139 828 3223 institutam,
865 3144 961 3225 atque
990 3141 1037 3205 ita
1064 3140 1237 3226 synodum,
1270 3164 1353 3228 quae
1380 3165 1442 3229 pro
1469 3144 1536 3211 tide

258 3244 416 3310 catholica
438 3245 481 3308 sit
503 3244 656 3328 praefixa,
680 3241 854 3306 secundum
878 3245 1020 3307 veterum
1041 3243 1188 3327 formam,
1218 3243 1301 3308 sieut
1323 3245 1449 3312 dictum
1472 3251 1533 3332 eat,

256 3346 452 3431 perspicient
467 3347 601 3412 novellis
616 3368 682 3410 non
698 3344 840 3429 potuisse
855 3345 1096 3429 quaestionibus
1109 3346 1269 3430 ventilari,
1282 3348 1339 3412 aed
1348 3348 1449 3433 juxta
1463 3348 1535 3435 eius

256 3451 399 3513 tenorem
423 3449 520 3512 semel
543 3448 686 3533 legitime
705 3447 853 3530 justeque
881 3446 1105 3534 depromptum
1130 3452 1169 3513 'et
1191 3449 1266 3534 jure
1286 3449 1419 3533 probari
1441 3455 1536 3519 raet!

256 3554 435 3632 sectantes,
466 3554 498 3614 et
526 3549 702 3614 sentientes
731 3547 893 3614 contraria
920 3550 1063 3616 refutari.
1108 3550 1200 3627 Quod
1225 3550 1318 3618 sedas
1337 3554 1533 3639 apostoliea,

256 3652 339 3716 sicut
361 3651 484 3733 decuit,
509 3652 642 3737 antiqua
664 3651 839 3717 traditione
862 3651 1043 3718 custodiens
1050 3703 1059 3736 ,
1088 3676 1155 3718 non
1178 3653 1334 3739 synodum
1356 3654 1453 3723 drmit
1474 3657 1536 3723 ita·

255 3754 399 3837 randum,
424 3754 479 3818 sed
501 3755 536 3819 in
559 3755 627 3839 ejus
649 3756 905 3838 praevaricatore
927 3754 1075 3838 pellendo
1098 3756 1183 3821 hanc
1205 3756 1349 3822 eamdem
1371 3758 1535 3843 synodum

256 3856 361 3939 potius
385 3858 628 3942 exsequendam.

341 3959 370 4024 7.
408 3958 609 4047 Quapropter
635 3962 661 4026 si
690 3961 760 4047 quis
790 3962 892 4028 adhuc
921 3963 1094 4029 secundum
1117 3963 1412 4032 Calchedonemem
1435 3988 1537 4054 syuo-

254 4060 329 4126 dum
353 4063 432 4128 haec
455 4064 495 4128 ab
518 4065 694 4150 apostohca
715 4066 790 4129 aede
812 4069 905 4149 gesta
925 4065 1141 4151 reprehendit,
1163 4068 1391 4154 praeterquod
1405 4074 1444 4134 et
1457 4068 1536 4155 hac,

255 4187 350 4250 quam
378 4168 523 4251 superius
552 4167 782 4249 adstruximus,
820 4172 853 4231 et
880 4169 1050 4252 multiplici
1078 4173 1185 4253 potest
1211 4170 1337 4234 ratione
1366 4172 1536 4257 convinci,

254 4267 355 4332 multo
377 4269 481 4354 magis
504 4275 613 4335 tamen
630 4271 750 4334 Acacio
772 4291 838 4334 uon
861 4269 989 4335 licuisse
1010 4271 1166 4335 fatebitur
1181 4272 1244 4336 ista
1258 4275 1398 4338 tentare.
1433 4272 1539 4341 meet

254 4392 342 4457 ergo,
366 4392 428 4455 qua
450 4372 519 4455 ipse
528 4373 567 4459 ⁵⁰)
596 4372 718 4458 synodo
739 4372 922 4437 Johannem
949 4373 1108 4438 secundae
1130 4374 1213 4438 sedis
1235 4372 1429 4459 antistitem,
1454 4398 1538 4463 qua-

253 4472 454 4558 lemcunque,
479 4478 564 4539 certe
587 4475 780 4540 catholicum
804 4479 836 4539 et
852 4498 871 4540 a
887 4475 1054 4542 catholicis
1068 4476 1252 4543 ordinatum
1275 4496 1334 4542 nec
1355 4476 1396 4541 de
1417 4476 1538 4547 astho

320 4729 535 4814 ⁴⁹)1tao1Qt
555 4727 629 4785 Editi
652 4731 785 4789 omittunt
806 4754 846 4799 re,
871 4721 993 4805 moxque
1012 4732 1145 4797 scribunt,
1159 4739 1324 4805 profitentur,
1347 4738 1393 4805 qui
1467 4742 1538 4806 Jm

252 4825 377 4868 moratura
447 4821 549 4884 reiecta
567 4830 613 4871 est.

320 4902 353 4970 ⁵⁰)
370 4898 446 4959 Editi
464 4902 533 4970 (exc.
553 4902 581 4955 d¹
595 4903 635 4975 d²)
655 4903 788 4959 omitttmt
806 4910 869 4975 ipse.
