3412 5664
539 362 738 412 PRAEFATIO
762 361 937 411 EDITORIS.
1322 364 1369 410 XV

98 523 223 617 ipsum
249 544 339 617 opus
365 521 632 596 detrimentum
659 525 823 617 caperet,
852 544 1079 595 rem-meam
1105 522 1145 594 in
1170 522 1267 596 hunc
1294 545 1369 596 mo-

97 642 191 714 dum
218 642 366 715 absolvi.
387 658 392 669 '

206 765 240 834 ἱ).
276 761 442 834 Primum
458 762 750 835 luculentissima
767 760 833 834 illa
850 759 1058 834 Constantii
1085 765 1123 834 et
1140 759 1307 834 Durandi
1332 761 1369 833 in

96 881 266 975 singulas
292 881 466 975 epistolas
493 882 669 954 monita
702 881 889 975 praevia
921 881 1193 975 religiosissime
1219 881 1369 954 reddidi.

97 998 204 1082 Quae
230 1003 368 1087 tamen,
397 1023 444 1072 ne
470 1003 597 1072 textus
623 1001 863 1095 epistolarum
890 1000 1000 1072 nimis
1026 1000 1369 1094 interrumperetur,

95 1119 243 1212 corpori
270 1142 400 1191 earum
425 1119 650 1212 conjunctim
682 1119 873 1215 praemisi,
908 1118 1017 1191 simul
1050 1119 1081 1190 si
1112 1141 1187 1212 qua
1220 1142 1264 1191 ex
1291 1140 1371 1212 pro·

96 1238 191 1330 priis
219 1237 385 1308 addenda
411 1240 529 1326 erant,
557 1239 752 1333 speciatim
777 1239 927 1332 signata
953 1237 1089 1310 addens
1116 1241 1183 1310 aut
1208 1238 1371 1311 inserens

95 1359 170 1427 ant
197 1355 390 1429 adnotans.
444 1355 582 1430 Deinde
609 1358 648 1428 in
673 1357 795 1430 notis
821 1356 1001 1430 criticis
1027 1379 1093 1450 pro
1124 1378 1225 1429 more
1254 1360 1338 1430 nost
1361 1356 1368 1370 '

94 1475 278 1569 temporis
306 1479 344 1547 et
369 1476 515 1548 lectoris
541 1476 709 1548 utilitate
735 1477 896 1572 singulos
914 1475 1065 1560 codices,
1090 1479 1275 1568 quantum
1292 1475 1371 1549 fieri

93 1596 268 1687 poterat,
303 1618 347 1666 ex
372 1594 498 1667 ordine
532 1597 569 1667 et
596 1598 724 1668 aetate
755 1595 865 1668 certis
897 1594 1034 1667 litteris
1066 1595 1226 1689 signavi,
1262 1597 1372 1690 prout

93 1713 265 1785 recensio
291 1712 453 1807 ipsorum
478 1735 564 1786 mox
590 1737 745 1807 sequens
772 1714 913 1808 plenius
940 1713 1123 1785 rationem
1150 1715 1287 1788 reddet.
1329 1714 1372 1787 ln

92 1831 235 1923 curibus
261 1831 369 1902 simul
396 1854 491 1924 <puae
517 1833 627 1903 nimis
653 1833 796 1926 prolixa
821 1832 1052 1919 videbantur,
1079 1832 1171 1904 nihil
1198 1834 1372 1906 dubitans

96 1950 282 2039 resecari,
328 1974 424 2043 quae
456 1952 661 2024 necessario
694 1951 862 2025 addenda
893 1953 960 2023 aut
992 1952 1191 2041 mutanda,
1237 1952 1370 2042 addidi,
1418 2005 1420 2009 ψ
1531 1970 1533 1975 ·

98 2069 260 2157 mutari,
275 2069 383 2142 simul
403 2093 511 2141 suum
525 2070 665 2163 cuique,
685 2074 868 2165 quantum
881 2069 961 2142 fieri
974 2073 1132 2163 poterat,
1147 2071 1209 2165 jus
1229 2073 1373 2145 testans

99 2191 208 2277 (nam
240 2188 278 2258 in
310 2188 475 2282 pluribus
503 2189 585 2283 jam
618 2190 698 2284 ipsa
735 2189 896 2262 recensio
936 2189 1101 2262 codicum
1134 2190 1279 2284 prodet,
1326 2190 1372 2262 ad

101 2307 209 2400 cujus
236 2307 468 2401 potissimum
495 2308 759 2392 auctoritatem
777 2309 943 2403 singulae
961 2308 1174 2382 collationes
1192 2312 1231 2382 et
1248 2310 1372 2383 lectio

105 2449 172 2497 nes
198 2426 279 2498 inde
305 2427 560 2520 provenientes
587 2427 799 2501 referendae
825 2427 926 2517 sint).
975 2425 1018 2498 In
1043 2430 1177 2499 textu
1203 2429 1373 2522 epistola-

110 2567 193 2615 rum
215 2545 291 2639 ipso
308 2545 526 2641 generatim,
553 2550 738 2640 quantum
754 2568 1010 2641 recognoscere
1032 2547 1148 2640 potui,
1167 2544 1374 2620 Constantii
1418 2618 1423 2626 ,

112 2664 351 2738 recensionem
380 2667 527 2738 secutus
554 2688 653 2754 sum,
682 2666 753 2737 nisi
778 2665 863 2737 novi
890 2665 1029 2738 codices
1056 2667 1124 2737 aut
1145 2665 1251 2758 justa
1277 2666 1374 2739 ratio

117 2783 328 2855 mutandum
353 2783 441 2876 quid
467 2788 668 2878 poscerent,
697 2783 760 2855 ubi
778 2787 905 2856 tamen
923 2782 967 2856 de
981 2783 1189 2856 Constantii
1204 2785 1373 2874 lectione,

122 2898 153 2970 si
176 2898 245 2973 fieri
262 2905 418 2996 poterat,
446 2925 594 2976 monere
612 2926 803 2996 nunquam
820 2902 938 2975 omisi.
983 2900 1193 2975 Notitias
1219 2903 1374 2998 denique

127 3019 404 3110 epistolarum
436 3021 787 3115 pontificiarum
820 3044 905 3093 non
936 3022 1241 3111 exstantium,
1279 3045 1374 3116 quae

129 3158 205 3209 sane
224 3139 354 3212 summi
372 3140 636 3229 aestimandae,
664 3142 721 3212 ita
747 3163 792 3213 ex
809 3138 1016 3211 Coustantii
1042 3139 1182 3213 schedis
1208 3140 1373 3235 produxi,

132 3256 295 3331 uttamen
318 3279 384 3354 pro
400 3258 620 3333 lustratione
647 3259 809 3333 faciliore
835 3259 1000 3353 proprias
1026 3258 1281 3353 inscriptiones
1307 3263 1375 3333 aut

133 3394 272 3450 summas
297 3377 534 3472 imponerem,
562 3381 601 3450 et
627 3401 721 3472 quae
748 3401 793 3450 ex
809 3377 992 3473 opusculis
1011 3378 1195 3452 recentius
1219 3379 1375 3474 repertis

135 3490 274 3570 addenda
300 3499 409 3570 erant
435 3497 623 3585 adderem,
658 3501 697 3571 et
727 3520 823 3592 quae
854 3497 1067 3571 exciderant
1101 3498 1178 3594 ipse
1204 3498 1376 3593 supplens

135 3631 375 3708 componerem.

217 3737 247 3806 3.
287 3733 338 3806 Ut
365 3735 447 3828 jam
472 3736 604 3830 quibus
637 3736 769 3832 siglis
801 3756 867 3831 pro
894 3735 1121 3809 vindicandis
1148 3736 1376 3831 singulorum

136 3853 303 3925 auctuum
324 3853 471 3946 juribus
497 3877 585 3928 usus
612 3856 682 3928 sim
708 3856 900 3948 appareat,
927 3855 984 3926 ita
1000 3855 1158 3928 institui.
1193 3854 1264 3927 Ubi
1283 3855 1375 3928 inte-

135 3987 221 4058 grum
237 3977 302 4044 aut
320 3971 396 4045 fere
409 3972 596 4068 integrum
604 3971 810 4046 Constantii
825 3995 915 4066 opus
927 3972 1067 4045 reddidi
1081 3974 1157 4047 sive
1173 3974 1211 4046 in
1225 3974 1377 4046 monitis

135 4090 268 4176 praeviis
286 4091 363 4164 sive
382 4090 421 4162 in
438 4092 534 4165 notis
553 4093 700 4182 criticis,
723 4092 849 4165 addito
868 4091 915 4163 ad
932 4092 1138 4187 marginem
1156 4093 1255 4165 initii
1272 4094 1378 4189 signo

136 4195 195 4296 [δ’]
210 4210 342 4281 notari.
386 4207 563 4284 Similiter
580 4212 611 4283 si
629 4213 724 4285 forte
750 4235 793 4284 ex
821 4211 975 4304 propriis
1002 4215 1070 4283 aut
1096 4212 1190 4284 alius
1217 4212 1378 4286 auctoris

133 4325 211 4398 curis
226 4328 331 4422 plura
354 4329 532 4418 addenda,
560 4329 661 4402 affixi
687 4330 735 4402 ad
760 4331 966 4426 marginem
991 4329 1139 4403 litteras
1164 4326 1282 4423 [Ed.]‚
1311 4335 1379 4403 aut

133 4462 244 4519 nomen
260 4448 423 4521 auctoris
443 4449 565 4542 ipsum
583 4448 769 4543 adscripsi.
797 4446 836 4521 Si
855 4452 979 4521 totum
999 4449 1222 4522 mutandum
1239 4450 1378 4523 ridere·

131 4562 189 4650 tur,
214 4566 268 4639 ita
293 4569 336 4638 ut
363 4567 555 4661 utriusque
581 4571 749 4641 nostrum
775 4591 885 4640 curae
907 4567 986 4660 jam
1014 4568 1174 4641 strictim
1206 4573 1275 4640 aut
1300 4568 1379 4641 sine

128 4677 256 4756 lectoris
280 4685 509 4759 incommodo
532 4686 687 4759 discerni
713 4709 785 4758 non
812 4690 976 4781 possent,
1005 4690 1073 4759 aut
1098 4710 1207 4761 omne
1233 4688 1379 4783 signum

124 4801 219 4873 omisi
245 4807 310 4876 aut
343 4805 497 4899 apposui
530 4805 675 4877 litteras
704 4797 768 4896 [δ’.
788 4800 880 4896 ΕΜ.
933 4805 1072 4893 Pauca,
1107 4829 1202 4900 quae
1228 4828 1302 4879 uno
1329 4806 1380 4878 al·

123 4922 237 4995 tamve
253 4922 331 4996 loco
356 4926 424 4996 aut
450 4924 526 5019 ipse
544 4923 675 4996 studiis
693 4922 910 5014 Constantii,
939 4928 1007 4997 aut
1032 4924 1092 4998 hic
1117 4948 1222 4999 meae
1248 4948 1380 5021 operae
