3450 5678
620 348 815 399 nrrsromn
839 338 889 397 65.
915 333 964 398 66.
1363 335 1424 402 861

159 502 308 568 similiter
336 507 369 568 et
391 503 439 568 vir
459 503 742 568 reverendissimus
764 502 930 568 Johannes
953 500 1329 587 Constantinopolitanae
1352 506 1426 570 eiri-
1439 506 1475 582 (a.
1487 517 1556 583 519.)

83 658 92 664 .
159 606 238 671 tatis
260 608 406 671 antistes.
445 606 580 671 Noreris
604 606 701 670 etiam
723 609 756 670 et
778 626 869 668 saera
891 602 1056 688 generalia
1078 625 1145 668 esse
1161 603 1247 669 dicta
1256 605 1306 693 ¹⁵),
1331 611 1426 692 atque
1439 599 1481 653 Ψ·
1494 589 1534 638 ⁶⁷·

160 709 317 773 eredimus
340 709 408 773 Deo
430 709 569 794 propitio
598 712 631 772 et
660 708 772 772 vestris
800 706 921 770 sanetis
948 706 1145 770 orationibus
1177 728 1235 791 per
1261 709 1426 774 universas

158 811 341 895 provincias
368 811 557 895 quantocius
586 809 751 874 destinari.
795 807 885 872 Haeo
914 805 1192 892 Constantinopoli
1220 812 1313 894 gesta
1340 814 1425 876 sunt.

158 911 204 976 Et
224 934 312 978 nunc
334 913 372 977 de
394 912 600 977 Antiocheae
623 912 756 977 eeclesia
779 913 952 993 tractatur,
982 912 1014 973 et
1035 910 1106 974 ideo
1128 911 1231 976 adhuc
1252 910 1427 994 laboratur,

158 1014 234 1099 quia
255 1015 392 1104 necdum
413 1037 551 1100 persona
574 1036 715 1100 congrua
738 1017 787 1079 est
802 1012 913 1077 electa.
951 1012 1029 1075 Oret
1050 1033 1126 1097 ergo
1140 1012 1304 1078 beatitudo
1320 1017 1427 1079 vestra
1474 1071 1481 1085 .

98 1094 110 1114 ⁸
158 1116 332 1200 intentius,
366 1119 403 1181 nt
424 1117 522 1199 Deus,
546 1118 600 1201 qui
623 1117 737 1182 vestris
759 1116 907 1202 precibus
929 1115 1077 1178 exoratus
1099 1113 1426 1201 Constantinopolita-

158 1239 236 1283 nam
258 1218 425 1284 eeclesiam
447 1219 642 1304 apostolieae
665 1219 731 1284 sedi
753 1217 910 1301 restituit,
939 1217 1009 1302 ipse
1037 1220 1070 1281 et
1096 1216 1228 1302 dignam
1256 1239 1427 1302 personam

158 1321 257 1385 donet
278 1321 313 1385 in
337 1319 513 1385 Antiochia
536 1321 763 1406 ordinandam,
792 1323 825 1383 et
847 1318 990 1384 assiduas
1018 1319 1137 1382 adunet
1159 1319 1319 1384 ecelesias.
1364 1320 1426 1386 lte-

145 1421 290 1499 seribite
312 1423 461 1508 episeopo
477 1421 845 1508 Constantinopolitano.
881 1420 915 1486 si
937 1421 1062 1484 videtur
1083 1420 1274 1486 beatitudini
1290 1426 1425 1508 vestrae,

157 1525 257 1589 facite
278 1526 475 1590 mentionem
498 1524 741 1590 damnationum
763 1523 872 1589 Severi
899 1526 932 1587 et
958 1523 1099 1605 illorum,
1130 1545 1208 1608 quos
1235 1526 1427 1591 nominastis

157 1626 195 1690 in
217 1626 352 1711 epistola
373 1626 446 1710 illa,
470 1649 565 1711 quam
588 1626 761 1711 scripsistis
782 1625 822 1689 ad
836 1625 1009 1690 secundam
1024 1624 1149 1709 Syriam
1170 1647 1229 1708 per
1242 1626 1532 1712 iohannemepao.

157 1731 193 1792 et
214 1727 363 1814 Sergium
384 1728 567 1811 monachos,
591 1727 652 1792 hoc
673 1729 778 1812 ipsum
789 1729 828 1814 ¹¹⁵)
852 1732 884 1792 et
906 1728 946 1791 ad
962 1726 1185 1811 imperatorem
1201 1729 1424 1795 rescribentes.

157 1828 193 1896 Si
214 1830 374 1915 feceritis,
398 1832 524 1895 ridetur
545 1830 625 1894 mihi
647 1830 862 1895 necessarium
884 1851 963 1894 esse.

667 2034 852 2138 Epistola
878 2036 926 2119 66

769 2188 818 2225 SOU

436 2285 538 2339 saera
559 2281 690 2339 cussini
712 2284 755 2339 ad
776 2281 993 2339 Hormisdam
1015 2296 1147 2351 papam
1436 2274 1467 2379 {g
1476 2258 1564 2397 {¹123

10 2438 41 2490 ρ.
60 2422 141 2472 112.
173 2414 262 2465 Omnia
272 2414 494 2479 Constantinopoli
510 2415 644 2464 secuudum
658 2415 813 2464 Hormisdae
829 2422 911 2465 uatum
929 2415 1057 2473 ordinata,
1075 2430 1107 2465 ae
1116 2416 1249 2479 pancratio
1264 2425 1408 2481 praecepta

248 2502 274 2549 ia
292 2507 393 2551 ceterae
409 2501 527 2565 regiones
545 2501 632 2549 eadem
651 2501 682 2548 de
700 2515 778 2548 cauea
796 2500 950 2550 destinanda
968 2516 984 2548 a
1001 2515 1029 2549 se
1048 2499 1131 2549 adleta
1150 2515 1213 2560 esee,
1233 2502 1339 2551 nuntiat.

308 2633 447 2700 Victor
462 2632 664 2714 lustinus,
688 2633 792 2717 pius,
816 2631 930 2715 felix,
953 2631 1138 2717 inolitus,
1154 2633 1425 2720 triumphator
1467 2693 1469 2697 .

402 2756 554 2818 semper
575 2737 797 2820 Augustus,
834 2733 1068 2799 Hormisdae
1096 2735 1353 2801 sanctissimo
1381 2760 1424 2802 ae

401 2837 635 2902 beatissimo
658 2836 961 2919 archiepiscopo
984 2841 1021 2900 et
1042 2837 1310 2920 patriarchae.

242 2956 330 3022 Scias
354 2956 501 3021 effectum
511 2957 534 3042 ¹)
557 2956 650 3020 nobis
658 2991 673 3038 ,⁴
696 2959 790 3041 pater
811 2954 1065 3039 religiosissime,
1098 2956 1181 3041 quod
1209 2956 1263 3021 diu
1291 2958 1422 3023 summis

155 3059 270 3123 studiis
292 3058 519 3144 quaerebatur,
541 3058 668 3122 noveris
690 3057 903 3142 patefactum,
928 3060 1100 3142 antequam
1119 3060 1307 3124 advenerint
1328 3061 1382 3145 qui
1404 3082 1424 3124 a

155 3161 246 3226 vobis
269 3162 421 3225 destinati
443 3164 534 3225 sunt:
565 3159 648 3243 quod
670 3159 836 3224 iohannes
864 3160 912 3222 vir
935 3150 1136 3224 beatissimus
1165 3163 1299 3226 antistes
1321 3184 1422 3228 novae

154 3263 278 3328 Romae
292 3264 454 3349 nostrae2)
477 3285 542 3326 una
558 3284 629 3326 eum
646 3260 729 3325 elero
744 3262 812 3345 ejus
828 3261 992 3325 vobiscum
1007 3262 1161 3345 sentiunt,
1184 3263 1281 3328 nullis
1297 3265 1422 3329 varian-

153 3369 205 3431 tes
228 3365 508 3451 ambiguitatibus,
532 3364 629 3429 nullis
652 3363 745 3429 divisi
767 3363 931 3448 dicordiis3
958 3363 1041 3428 scias
1063 3364 1206 3428 libellum
1229 3367 1269 3430 ab
1292 3388 1328 3431 eo
1351 3368 1422 3432 sub:

225 3643 256 3710 ¹⁸)
273 3642 340 3696 bce
358 3647 442 3699 edita,-
461 3639 494 3694 0¹
508 3641 535 3693 a¹
555 3645 631 3704 dicia,
649 3637 667 3691 i.
679 3655 701 3693 e.
717 3638 778 3706 jam
796 3637 902 3693 dietata
919 3637 963 3692 rel
981 3637 1138 3707 conscripta
1156 3654 1222 3692 esse.
1252 3639 1315 3694 Non
1328 3639 1421 3711 displi-

154 3728 231 3783 ceret
248 3732 344 3791 edicta,
364 3725 513 3781 secundum
531 3723 599 3776 illud
616 3722 717 3776 Justini
733 3722 763 3776 in
776 3723 894 3793 epistola
905 3723 1043 3791 sequenti:
1065 3729 1224 3777 Desiiaaada
1241 3729 1331 3795 ubique
1348 3734 1422 3795 pria·

151 3819 248 3881 cipalia
264 3824 406 3883 praecepta
424 3817 557 3866 adimimus.
595 3808 653 3873 Quo
672 3808 821 3878 respiciens
839 3808 988 3862 Hormieda
1005 3807 1084 3878 epist.
1099 3814 1132 3862 80
1149 3826 1175 3861 11.
1190 3815 1206 3862 5
1223 3809 1422 3880 imperatorem

152 3898 189 3952 de
212 3897 368 3966 mittendis,
389 3897 474 3968 prout
495 3893 634 3966 pollicitus
656 3895 729 3961 erat,
757 3900 847 3948 edictis
868 3892 1037 3947 monendum
1060 3909 1119 3947 esse
1142 3894 1231 3948 docet.
1274 3896 1334 3950 Hoc
1356 3895 1421 3952 ideo

150 3983 284 4038 nuntiant
310 3983 408 4053 legati,
436 3984 467 4036 ut
492 3998 526 4035 ne
552 3980 581 4032 id
604 3979 716 4047 quidem
739 3996 756 4032 a
779 3997 808 4033 se
832 3977 962 4032 omissum
984 3977 1151 4048 significent,
1175 3980 1250 4048 quod
1271 3981 1422 4036 Hormisda

151 4066 233 4138 epist.
252 4076 285 4124 49
302 4068 486 4139 praeceperat
506 4065 548 4119 his
566 4064 670 4119 verbis:
692 4069 755 4119 iaec
773 4071 854 4119 arania
872 4070 895 4117 si
912 4069 966 4117 Deo
987 4067 1086 4128 suerint
1101 4071 1199 4119 calente
1216 4073 1351 4135 completa,
1375 4073 1420 4122 im-

147 4167 298 4223 peratorem
319 4167 422 4224 rapace,
451 4164 479 4206 ut
505 4157 638 4207 destinatis
659 4155 743 4204 εαονίε
764 4171 812 4219 per
835 4155 1043 4218 ›rrelropoiiwnor
1069 4156 1204 4219 episcopos
1225 4163 1287 4213 ele„-
1316 4152 1420 4223 quippe

149 4257 239 4308 quum
264 4239 407 4310 generalia
435 4251 514 4293 saera
539 4237 600 4306 jam
623 4235 699 4290 dicta
720 4252 768 4289 seu
792 4234 948 4303 conscripta
970 4233 1026 4287 sint
1051 4236 1080 4289 et
1106 4235 1312 4307 quamprimum
1338 4237 1419 4292 desti·

147 4324 252 4380 nanda.

222 4413 251 4480 ¹⁶)
270 4412 314 4466 lta
331 4410 512 4477 correximus,
536 4407 610 4478 quod
633 4409 697 4462 ante
720 4413 800 4476 ipsam
818 4413 861 4460 det
878 4412 927 4464 ud:
944 4404 997 4460 nisi
1014 4405 1075 4475 quis
1092 4406 1221 4461 maluerit
1239 4414 1316 4476 ipsud
1332 4419 1357 4462 ei
1375 4415 1418 4466 ad.

147 4502 184 4550 66
221 4499 240 4564 ¹)
258 4497 302 4551 Ita
320 4495 473 4562 G¹JOec,
495 4495 547 4548 nisi
570 4493 644 4563 quod
662 4494 754 4547 JOcc
773 4504 798 4545 el
816 4500 884 4561 qaod
954 4504 980 4545 et
1001 4504 1141 4561 antequam.
1184 4493 1267 4560 Teste
1287 4493 1419 4549 Hueffero

148 4581 311 4652 („Beitritge
328 4600 377 4635 zur
395 4581 492 4636 Geseh.
513 4581 539 4637 d.
559 4579 674 4644 Quellen
693 4579 718 4631 d.
736 4577 973 4632 Kirehenreehts“
990 4577 1077 4632 Bonn.
1099 4585 1163 4633 1862
1180 4595 1246 4648 pag.
1264 4582 1321 4648 108)
1341 4578 1418 4635 Colb.

146 4667 244 4736 Polyc.
262 4673 352 4722 studiis
368 4679 442 4736 patei
458 4673 583 4729 strictam,
603 4666 667 4718 Ans.
681 4663 743 4730 Xll,
761 4670 792 4717 31
812 4668 905 4731 affectu
964 4670 1055 4718 studiis
1073 4669 1248 4718 occultabatur
1261 4672 1419 4733 patefactum

147 4764 176 4808 et
194 4765 327 4824 antequam
401 4774 418 4806 a
436 4757 507 4807 notis
580 4757 649 4806 clera
667 4755 736 4805 vobis
753 4755 912 4804 consentitur!
975 4756 1152 4817 judicaveras.
1189 4756 1312 4820 Nepaeum
1330 4763 1370 4806 est
1386 4756 1418 4806 ab

146 4846 188 4894 eia
205 4846 347 4895 memoriam
364 4850 412 4894 etc.

218 4928 240 4996 ²)
257 4926 302 4981 lta
319 4926 353 4981 G'
366 4925 384 4979 J
395 4925 416 4979 i²
429 4929 465 4980 ab
496 4929 519 4980 e¹
535 4927 560 4979 e²
579 4934 676 4986 noster,
695 4923 729 4977 al.
749 4921 790 4978 ed.
811 4934 918 4977 uestrae.
