3450 5678
280 126 338 190 198
738 142 765 189 s.
782 139 951 189 srurnrcn
973 139 1087 187 aaran

164 326 188 362 e.
201 314 259 362 478.
273 297 438 362 secutione
460 295 569 360 fideles
585 294 715 360 Domini
731 294 919 381 plebemque
935 296 1130 378 concuteret,
1153 295 1300 359 oratione
1313 296 1411 379 atque
1427 294 1554 380 vigiliis

274 399 433 484 sacrilego
456 399 658 463 tentamenta
682 397 855 483 superavit,
879 401 968 461 etse
990 395 1124 461 victoria
1148 396 1294 461 coelestis
1308 418 1347 461 eo
1361 418 1463 483 nsque
1478 418 1553 481 por·

274 501 367 585 rexit,
397 506 433 565 ut
455 524 603 586 regressu
631 499 864 585 religiosissimi
891 499 1048 584 principis
1075 499 1229 565 ecclesiae
1255 521 1379 585 quoque
1407 500 1554 565 Alexan-

275 604 386 669 drinae
409 603 586 668 catholicus
609 604 794 668 redderetur
816 603 967 686 antistes3
995 602 1034 666 de
1060 624 1122 687 quo
1143 624 1216 667 mox
1240 624 1311 667 cnm
1334 603 1555 669 exsultatione

274 706 402 770 divinae
433 707 558 790 gratiae
591 706 710 791 gaudia
746 708 857 770 nostra
886 706 1094 789 contulimus,
1133 708 1166 769 et
1196 704 1315 769 mutuis
1343 727 1403 770 nos
1432 705 1555 771 litteris

275 809 408 874 fecimus
423 809 591 893 gratulari.
620 809 664 874 st
687 810 762 874 licet
777 807 920 872 laetitiae
936 807 1035 891 ipsius
1050 830 1215 893 nunquam
1230 806 1278 872 sui
1294 806 1433 872 defuerit
1447 808 1555 893 pleni-

274 912 362 994 tudo,
386 913 496 975 tsmen
519 912 621 977 frater
643 915 675 976 et
698 911 903 995 coepiscopus
919 914 1028 974 noster
1042 911 1228 975 Timotheus
1242 910 1466 994 persecutione
1481 933 1556 996 pro-

276 1013 412 1078 babilior
439 1014 555 1097 factus,
585 1014 715 1097 pristini
744 1035 809 1077 non
836 1013 1002 1077 immemor
1025 1013 1175 1096 instit-uti,
1204 1035 1261 1098 per
1287 1013 1423 1078 fratrem
1445 1017 1481 1079 et
1503 1036 1555 1079 eo·

275 1117 459 1201 episcopum
481 1116 611 1180 Esaiam
635 1120 667 1180 et
689 1117 770 1180 filios
793 1120 920 1180 nostros
935 1115 1045 1180 Nilum
1067 1116 1289 1201 presbyterum
1310 1119 1344 1180 et
1358 1116 1555 1201 Martyrium

275 1220 444 1284 diaconum
471 1218 708 1283 Alexandrinae
731 1218 884 1283 ccclesiae
907 1218 1075 1284 sollemnia
1093 1220 1214 1304 scripta
1229 1218 1355 1303 direxit,
1378 1218 1498 1305 quibus
1520 1224 1556 1285 et

275 1322 364 1405 illud,
388 1321 470 1406 quod
495 1322 775 1421 ante'perterritus
790 1321 829 1387 de
844 1321 990 1387 Dioscuri
1005 1322 1135 1387 nomine
1149 1323 1282 1405 fecerat,
1306 1344 1340 1386 se
1355 1320 1555 1389 destruxisse

275 1426 473 1510 memoravit,
504 1428 536 1488 et
564 1424 782 1491 remissionem
810 1425 910 1509 ipsius
933 1425 1048 1489 erroris
1071 1425 1216 1510 expetiit,
1240 1446 1360 1510 nosque
1380 1423 1421 1489 de
1443 1424 1554 1511 quiete

274 1530 353 1594 fecit
378 1528 542 1594 Ecclesiae
566 1527 734 1613 gratulari,
765 1532 914 1612 expertus
942 1549 1020 1613 erga
1048 1550 1092 1612 se,
1122 1531 1278 1615 quantum
1304 1526 1475 1593 nobiscum
1496 1532 1555 1593 tara

276 1632 394 1696 caritas
416 1630 512 1714 videt,
536 1630 617 1714 quod
641 1630 675 1694 in
699 1652 735 1695 eo
751 1634 827 1695 tune
849 1629 1121 1714 reprehendimus,
1145 1653 1211 1695 non
1226 1630 1375 1714 inultum,
1392 1632 1426 1693 ct
1441 1652 1572 1725 recen-⁸

276 1735 419 1799 ciliatum
441 1734 502 1799 sibi
525 1756 612 1798 nunc
634 1733 762 1798 (livinae
784 1733 1000 1798 miserationis
1023 1733 1183 1816 ati'eeturn,
1209 1732 1312 1799 frater
1334 1730 1512 1799 carissime.

359 1853 390 1918 2.
424 1853 610 1918 Memoratis
633 1853 668 1917 in
690 1854 778 1937 urbe,
802 1855 898 1939 quo⁴)
921 1876 994 1917 mox
1015 1857 1182 1937 venerant,
1207 1853 1390 1919 constitutis
1411 1854 1555 1921 occasio

274 1979 348 2022 nem
379 1955 437 2019 filii
464 1956 566 2020 nostri
590 1955 694 2038 Petri,
727 1956 788 2020 viri
818 1956 1002 2040 spectabilis
1032 1956 1172 2040 comitis,
1201 1961 1291 2041 quasi
1321 1978 1360 2021 ex
1387 1958 1555 2023 sententia

274 2058 507 2143 proficiscentis
536 2058 685 2142 amplexi,
715 2061 783 2122 tam
811 2061 921 2122 nostro
949 2059 1114 2143 proposito
1142 2080 1239 2143 quam
1259 2057 1417 2141 petitione
1442 2060 1555 2126 fratris

276 2166 308 2225 et
331 2161 510 2245 coepiscopi
535 2162 635 2225 nostri
659 2160 818 2225 'l'imothei
842 2160 1084 2245 legatorumque
1107 2161 1206 2246 ipsius
1236 2160 1383 2245 precibus
1412 2160 1556 2247 idipsum

275 2264 315 2326 ad
342 2266 432 2327 tuam
459 2263 616 2327 voluimus
645 2263 812 2346 pervenire
840 2263 1006 2328 notitiam:
1044 2266 1081 2327 ut
1106 2263 1205 2327 etiam
1226 2286 1313 2329 nunc
1335 2265 1555 2331 ocrnnnunium

277 2366 367 2428 fieres
390 2366 552 2449 particeps
574 2365 774 2449 gaudiormn,
805 2369 836 2430 et
862 2367 896 2430 in
918 2365 1102 2449 praedictae
1125 2366 1279 2431 ecclcsiae
1301 2367 1554 2453 tranquillitate,

276 2467 540 2552 quemadmodum
570 2468 717 2551 dixirnus,
747 2469 865 2532 laboris
892 2468 939 2532 tui
967 2468 1134 2533 nobiscum
1162 2490 1309 2553 carperes
1334 2468 1491 2555 fructum,
1522 2476 1555 2537 et

266 2569 548 2655 ,Christianissimo
576 2575 609 2635 et
632 2570 912 2653 clementissimo-'cl
940 2570 1079 2655 principi
1111 2574 1238 2635 nostras
1267 2571 1392 2637 litteras
1415 2574 1556 2639 offerens

275 2694 371 2757 super
385 2672 447 2737 hac
467 2674 565 2737 etiarn
579 2696 623 2757 re,
648 2677 683 2737 ut
698 2676 731 2738 et
744 2673 813 2758 ipse
825 2695 948 2758 quoque
963 2672 1142 2737 devotionis
1158 2678 1189 2738 et
1205 2673 1279 2739 fidei
1294 2674 1445 2761 propriae
1459 2676 1555 2743 donis

275 2775 345 2839 Deo
368 2797 402 2839 se
425 2779 616 2862 protegente
646 2776 794 2859 laetetur,
825 2779 920 2860 atque
948 2774 1118 2840 insistente
1142 2777 1276 2841 caritate
1299 2780 1356 2842 tua
1375 2777 1555 2845 acrioribus

276 2877 389 2941 studiis
413 2878 590 2944 catholicae
612 2878 779 2964 religionis
801 2878 955 2942 salutaria
978 2878 1097 2962 scripta
1120 2878 1278 2944 nrittendo
1300 2878 1426 2946 munire
1440 2880 1554 2969 digne

276 2985 328 3044 tur
351 2981 512 3045 ecclesias.
550 2980 611 3064 Ne,
635 2981 718 3045 sicut
741 2981 865 3065 crxperti
886 2982 1004 3064 sumus',
1030 2981 1063 3044 in
1087 2980 1194 3067 aliqua
1217 2981 1383 3069 regiones)
1399 2984 1556 3071 antiquus

276 3083 483 3168 ille‘serpens
506 3084 601 3148 toties
624 3083 723 3148 excisi
751 3083 865 3167 capitis
894 3084 979 3148 virus
1002 3082 1156 3167 etl'rmdat,
1185 3088 1219 3149 et
1240 3083 1404 3149 inficiendi
1428 3086 1557 3175 aliquos

276 3185 486 3269 occasionem,
512 3186 595 3270 quod
616 3186 711 3267 alsit,
743 3208 850 3250 rmsus
873 3186 1028 3269 inveniat,
1056 3186 1189 3271 provida
1209 3190 1455 3271 praeceptorum
1476 3213 1558 3257 suae

277 3286 407 3369 pietatis
419 3286 620 3351 ordinatione
636 3287 796 3371 disponat.
821 3287 991 3371 lteligiosis
1004 3292 1046 3370 ct,
1060 3288 1143 3353 sicut
1154 3289 1332 3354 evidentius
1347 3290 1558 3379 approbavit,

279 3387 378 3474 bem)
387 3410 421 3452 se
433 3389 730 3454 conrmendantilms
742 3390 867 3473 legibus
879 3392 1014 3474 sanciat,
1032 3414 1073 3456 nc
1085 3391 1135 3456 vel
1147 3391 1180 3456 in
1192 3390 1335 3456 tenebris
1346 3391 1559 3481 delitescant,

279 3495 312 3553 et
334 3489 497 3574 improvisi
522 3492 724 3556 amlmlantes
747 3493 782 3556 in
803 3493 873 3558 luce
896 3493 1089 3577 percutiant,
1115 3497 1147 3558 et
1161 3493 1222 3578 his,
1246 3516 1324 3580 quos
1346 3494 1381 3560 in
1396 3494 1462 3561 fide
1477 3520 1561 3585 pan-

141 3608 261 3680 Paroa.
275 3614 367 3676 peres
397 3616 464 3658 esse
493 3595 680 3679 repererint,
715 3594 798 3680 qruid
827 3598 984 3681 propheta
1011 3600 1159 3681 testatrn,
1189 3603 1351 3664 irradietur
1376 3611 1410 3664 at
1435 3608 1562 3683 rapias.

277 3693 407 3760 Petrum
430 3697 577 3781 maxime,
602 3698 656 3783 qui
678 3699 905 3764 nonnullarmn
929 3700 1094 3765 demonem
1116 3701 1226 3786 suique
1249 3698 1403 3766 similium
1417 3700 1564 3773 latebris

344 3988 364 4052 ⁴)
383 3987 414 4040 ln
433 3986 467 4041 d*
481 3986 517 4041 G²
539 3988 584 4045 hie
605 3990 718 4056 lacuna;
748 3994 773 4045 a¹
789 4009 819 4044 ee
842 4012 918 4061 qrrue.
946 3991 964 4043 b
989 3997 1043 4061 qui,
1072 3990 1205 4047 orationis
1227 3991 1312 4046 series
1334 3993 1565 4062 praeterendum

276 4071 377 4127 suadet
395 4094 452 4142 quo.

344 4178 365 4243 ⁵)
384 4177 410 4229 c'
427 4181 629 4239 eminentissimo,
654 4178 774 4247 librarii,
803 4180 832 4233 ut
850 4178 974 4246 ridetur,
998 4178 1152 4234 oscitantia.
1189 4179 1315 4250 Epistola
1331 4178 1378 4236 bie
1395 4188 1567 4245 memorata

277 4259 463 4331 estproximo
482 4262 649 4317 rrntccedens
668 4282 711 4333 ep.
728 4271 768 4318 lo.

344 4368 365 4431 ⁶)
385 4367 411 4419 a¹
425 4381 456 4418 cc
473 4371 604 4434 relipionc,
628 4367 645 4418 b
664 4373 777 4436 rapiere.

344 4471 366 4534 7)
385 4466 445 4521 Vox
464 4472 519 4523 lico
537 4466 577 4522 ita
595 4468 753 4535 collocatur,
773 4472 804 4525 ut
822 4474 850 4525 et
868 4472 905 4526 ad
922 4471 1038 4525 serluuu
1057 4475 1208 4540 approbavit
1230 4473 1260 4525 et·
1276 4472 1313 4526 ad
1330 4491 1359 4526 sc
1376 4484 1566 4537 commenda·

278 4557 342 4605 tibus
365 4569 453 4620 sueque
476 4554 620 4607 reserator.
660 4554 720 4608 Jaru
744 4558 837 4610 curtem
861 4557 919 4611 Deo
942 4574 971 4611 se
990 4556 1195 4611 commendavit
1213 4557 1287 4610 Zeno
1311 4557 1376 4627 lege
1399 4558 1481 4629 lata,
1506 4582 1567 4635 qm

278 4650 368 4772 iim
386 4660 450 4779 quelque
458 4642 596 4779 Pgiseleidam
620 4651 729 4709 tyranno
752 4645 777 4695 ia
800 4648 935 4711 encyclicis
956 4640 1057 4697 litteris
1080 4642 1231 4697 constituta
1253 4642 1379 4711 fuerant,
1401 4644 1565 4721 abrogavit

282 4740 391 4792 paragr.
440 4767 444 4778 .
483 4768 488 4778 .
522 4725 555 4793 ll,
568 4729 603 4789 8).
