3450 5678
227 300 291 364 464
566 285 570 292 ’
701 312 727 359 s.
745 313 885 360 annnsn
908 312 1021 359 raras

125 460 210 524 siaa
312 468 417 550 Liber,
441 467 495 550 qui
519 465 700 550 appellatur
722 464 991 547 Fundamentum,
1016 465 1225 549 apocryphus.

173 543 214 592 ⁹⁶·
314 568 467 653 Liber⁵⁴)‚
491 568 545 651 qui
568 567 749 651 clipellatur
771 566 964 648 Thesaurus
988 567 1200 650 apocryphus,

313 670 409 733 Liber
431 669 469 732 de
491 669 617 732 filiabus
640 668 778 754 Adaes'i)
801 668 1032 751 leptogenesis
1056 668 1317 754 apocryphus-²²⁰).

314 771 425 854 Liber,
456 772 511 854 qm
540 770 720 855 appellatur
743 774 832 835 actus
860 768 998 833 Theclae
1006 770 1046 854 ιἮ)
1069 774 1102 834 ct
1125 771 1214 834 Pauli
1245 771 1393 854 apostoli,
1426 794 1488 855 apt)

229 872 376 957 cryphus.

313 974 418 1057 Liber,
444 976 497 1059 qui
521 975 702 1059 appellatur
723 974 858 1058 Nepotis
867 975 919 1061 58),
943 975 1155 1059 apocryphus,

312 1077 407 1140 Liber
430 1077 673 1140 Proverbiorum
697 1077 785 1163 ahll)
809 1077 978 1140 haereticis
1002 1079 1201 1160 conscriptus
1221 1081 1253 1140 et
1274 1079 1380 1142 sancti
1405 1077 1500 1162 xysti

228 1181 357 1242 nominc
379 1182 588 1263 praenotatus
611 1179 822 1262 apocryphus.

228 1394 318 1436 contar
340 1390 423 1436 sancti
446 1389 583 1442 Andreae.
607 1392 646 1436 oet
668 1388 737 1445 illos,
767 1389 810 1452 qni
831 1390 995 1452 appellantur
1016 1390 1099 1437 sancti
1121 1389 1260 1445 dodannis,
1283 1405 1347 1452 qnos
1369 1392 1500 1453 sacritepo

228 1473 339 1522 henaim
356 1488 402 1523 ore
420 1475 585 1536 conscripsit,
604 1476 643 1520 acl
660 1474 729 1532 iilos,
748 1476 791 1537 qui
808 1474 926 1522 dicantar
943 1475 1027 1521 sancti
1048 1472 1155 1522 Tltornae
1174 1481 1199 1522 et
1216 1473 1378 1527 dissimilia:
1396 1490 1434 1523 cx
1446 1477 1500 1540 qni·

152 1594 156 1601 .
228 1556 273 1606 dns
294 1557 443 1607 Manichaei
463 1563 488 1606 ct
512 1557 737 1614 Priscillianistae,
760 1559 800 1606 aci
821 1572 990 1622 qraoecronqne
1012 1559 1062 1606 illis
1085 1565 1123 1606 est
1144 1565 1215 1607 secta
1241 1574 1375 1621 permane.
1404 1575 1500 1609 omnen

227 1644 350 1693 haeresin
367 1644 605 1704 suornconfirrnorc
628 1644 753 1699 nituntur,
776 1648 801 1689 et
819 1643 926 1690 manime
945 1658 979 1691 es
997 1642 1210 1706 blasphemissimo
1228 1644 1272 1691 illo
1294 1643 1373 1700 tttro,
1396 1645 1442 1709 qui
1458 1659 1501 1694 co·

228 1735 301 1778 catnr
319 1729 438 1777 memoria
456 1730 636 1791 apostatantes.
672 1722 770 1790 Neque
787 1724 882 1776 tamen
900 1722 974 1775 idem
993 1721 1137 1776 Turribius
1155 1723 1172 1776 l.
1193 1740 1214 1776 e.
1230 1739 1289 1792 cap.
1304 1729 1320 1777 6
1337 1725 1501 1793 praefracte

228 1810 322 1877 negat,
340 1808 425 1861 immo
438 1808 524 1862 etiam
536 1808 609 1862 nltro
627 1808 758 1876 largitur,
778 1811 905 1861 mirabilia
922 1813 966 1860 itta
983 1817 1060 1876 atque
1078 1814 1195 1871 sirtntes,
1215 1829 1280 1878 artae
1297 1815 1323 1862 in
1340 1813 1500 1879 opocrpptcis

228 1898 300 1948 libris
316 1901 414 1963 scripta
436 1906 505 1954 sunt,
527 1905 670 1946 sarectorran
693 1899 864 1960 apostotorum
887 1897 926 1945 vel
948 1910 1004 1945 esse
1026 1899 1065 1946 ael
1085 1901 1202 1961 potuisse
1225 1914 1295 1955 esse,·
1317 1895 1349 1947 at
1371 1895 1501 1948 consano

228 1979 281 2032 sibi
304 1978 384 2045 dicit,
407 1985 562 2032 assertiones
585 1985 642 2031 ittas
664 1997 779 2031 sensrann
802 1983 976 2046 malipnorurn,
1000 1993 1069 2046 quas
1092 1979 1185 2046 notat,
1209 1982 1241 2032 ab
1259 1983 1397 2033 haereticis
1416 1986 1497 2033 inser·

230 2076 270 2117 tas
288 2082 352 2121 esse.

298 2151 328 2217 Μ)
347 2148 423 2202 Libri
442 2149 621 2216 Θεσαυροί
635 2147 710 2216 apud
728 2147 808 2200 Phot.
829 2146 888 2200 cod.
908 2153 948 2203 st.

297 2237 329 2301 55)
347 2233 379 2286 In
396 2233 560 2287 Hormisdae
578 2250 639 2285 mss.
670 2237 753 2285 tutae
771 2237 818 2285 dac
835 2243 874 2285 est
892 2237 1085 2300 Leptopcnesis·
1123 2233 1258 2288 lllud'doc
1276 2244 1388 2288 estnon
1407 2235 1501 2288 exstat

230 2321 257 2371 in
268 2318 430 2384 Gelasianis,
449 2321 478 2372 ct
489 2319 587 2386 legunt
599 2317 682 2370 ΠΨ
696 2321 922 2385 depoponantur,
941 2316 974 2369 F²¹
984 2316 1063 2370 Fftr·
1081 2324 1097 2374 1,
1117 2325 1160 2388 qni
1176 2325 1322 2388 appellatur
1335 2324 1413 2373 Adae
1432 2325 1501 2388 lepto

228 2408 359 2472 perrenibus
377 2403 422 2471 (pr
435 2404 714 2471 adaleptapcncsibus),
742 2400 774 2453 F‘
788 2401 824 2453 liq
845 2406 1061 2471 Leptopenescos,
1088 2406 1167 2456 vetus
1186 2404 1390 2472 dLitopenesis,
1414 2407 1439 2458 c¹
1456 2408 1500 2457 Li·

228 2495 386 2557 ptopenesis‚
416 2488 509 2558 plures
527 2487 573 2540 alii
587 2491 779 2556 Lectopenesis,
810 2487 1103 2555 circamanentes,
1130 2488 1165 2541 Κ4
1180 2493 1207 2542 Γ
1221 2486 1442 2558 Lactopenesivos,
1466 2489 1499 2542 0¹

230 2575 265 2626 0⁰
285 2578 498 2642 hectopcneseos,
518 2572 550 2626 0²
563 2577 636 2625 hieto
655 2593 803 2641 epeneseos,
822 2572 855 2625 Fr
870 2576 1089 2641 Extrapcnercos,
1109 2573 1246 2627 recentior
1263 2575 1281 2641 β
1299 2579 1407 2628 lectione
1425 2592 1501 2641 pene·

229 2678 301 2717 aeos.-
323 2659 351 2711 in
369 2659 444 2712 nullo
463 2657 630 2728 reperimus,
653 2658 726 2725 quod
746 2661 771 2711 a'
786 2675 816 2711 cc
834 2658 996 2727 praeierunt
1016 2663 1053 2711 lle
1068 2662 1169 2725 filiabus
1187 2661 1261 2712 Adae
1280 2678 1413 2727 pesestas.
1449 2657 1502 2711 Hic

229 2743 322 2798 notari
343 2743 453 2797 videtur
475 2743 547 2797 liber
568 2745 680 2797 nornine
701 2765 798 2812 panae
819 2751 920 2812 penests
943 2745 1037 2808 notus,
1066 2749 1148 2811 quem
1171 2745 1328 2797 memorant
1350 2742 1502 2811 Cedrenus,

230 2827 400 2898 Epiphanius
417 2827 523 2881 haeres.
538 2835 571 2882 39
589 2847 614 2881 n.
629 2834 657 2890 6,
677 2828 814 2898 Georgius
833 2828 990 2897 syncellus,
1008 2828 1193 2897 Hieronymus
1212 2827 1291 2897 epist
1306 2831 1347 2894 ts,
1365 2827 1422 2882 alii.

299 2917 330 2981 Μ)
350 2915 376 2966 c²
387 2930 444 2982 seq.
459 2931 520 2967 cum
536 2913 568 2966 F‘
579 2913 613 2967 nt
626 2913 666 2966 1²¹⁰
679 2913 716 2966 H³
728 2913 765 2966 Xl
783 2914 828 2967 hic
845 2912 1012 2966 immittunt:
1041 2917 1174 2967 Centonem
1193 2914 1230 2978 (θ’
1247 2929 1304 2982 seq.
1318 2919 1503 2981 cenantium)

230 3006 262 3053 de
279 3003 379 3052 Christo
400 3003 548 3064 Virfilianis
565 3003 677 3052 uersibus
695 3006 894 3068 cornpapinatam
912 3001 1098 3067 apocrypham
1122 2997 1197 3066 quod
1217 2998 1246 3051 in
1270 2997 1370 3052 ceteris
1388 3015 1453 3052 mss.
1473 3000 1503 3052 et

231 3089 254 3137 c¹
274 3085 358 3151 longe
376 3083 489 3136 inferius
507 3084 665 3138 collocatur.

298 3172 331 3238 57)
348 3169 383 3222 F*
400 3185 454 3222 see.
474 3186 557 3222 manu
575 3169 710 3223 additae!
729 3173 846 3224 thollius.

299 3256 331 3322 58)
350 3253 380 3308 0¹
395 3252 428 3306 Fv
446 3270 508 3307 cum
530 3253 696 3308 Hermisdae
718 3271 780 3307 mss.
802 3258 914 3322 Nepotes
932 3254 976 3307 vel
1001 3258 1108 3323 Nepotis
1126 3254 1195 3323 (Pl),
1219 3252 1251 3308 θ’
1270 3258 1431 3322 Νερὶιοεὴεκ,
1454 3253 1503 3308 alii

232 3343 347 3408 Nepotis
383 3338 482 3393 Notari
503 3339 548 3392 hic
569 3338 680 3393 videtur
702 3338 819 3408 Nepotis
837 3338 969 3415 Aegyptii
993 3338 1117 3409 episcopi
1138 3339 1223 3405 liber,
1245 3355 1328 3407 quem
1351 3338 1504 3415 Dipnysius

216 3449 217 3452 ¹
231 3423 432 3477 Alexandrinus
450 3423 566 3477 antistes
584 3425 656 3477 teste
668 3423 787 3477 Eusebio
801 3424 828 3477 h.
842 3441 864 3477 e.
879 3423 941 3478 Vll.
953 3430 985 3476 24
1003 3425 1182 3478 vehementer
1199 3424 1384 3494 impugnavit,
1404 3441 1503 3494 quam·

232 3509 272 3561 vis
295 3508 435 3561 hominem
453 3524 555 3576 magno
573 3508 677 3562 honore
696 3525 729 3562 ac
746 3508 903 3563 reverentia
914 3510 1044 3579 prosequi
1057 3527 1086 3563 se
1098 3509 1178 3562 simul
1191 3509 1397 3564 testificaretur.
1423 3508 1505 3577 Faus

232 3593 296 3645 dem
314 3592 418 3646 mentio
436 3595 467 3645 fit
485 3597 514 3647 et
531 3593 559 3646 in
578 3592 672 3660 Vigilii
692 3593 842 3647 constituto
861 3611 909 3648 seu
928 3594 1008 3664 epist.
1021 3601 1062 3648 at.
1110 3631 1116 3640 -

301 3681 333 3746 ⁵⁹)
350 3677 426 3731 Editi
444 3685 487 3748 qni
556 3681 628 3732 Sicu
697 3692 867 3748 praenotatus
884 3692 930 3734 cst.
965 3683 1042 3748 lipsii
1058 3696 1120 3734 cum
1139 3679 1170 3734 Οἰ
1184 3680 1217 3733 F’
1229 3679 1261 3732 F‘
1272 3679 1306 3732 l'*
1319 3678 1356 3733 H*
1374 3681 1404 3734 et
1421 3684 1438 3733 ⁶
1456 3696 1506 3735 ve-

232 3767 297 3817 tust.
311 3780 374 3820 mss.
388 3765 416 3817 a³
428 3762 595 3832 scripsimus.
622 3764 729 3818 Deinde
746 3764 872 3834 plerique
885 3782 949 3818 mss.
964 3765 1060 3832 (etiam
1072 3764 1104 3818 0²
1110 3764 1144 3817 1³⁶
1150 3764 1190 3818 Fr*
1196 3765 1275 3818 fluxi
1288 3767 1318 3819 et
1329 3763 1508 3835 exemplaria

233 3848 406 3917 llormisdae)
427 3855 618 3917 praeripnatns.
654 3848 695 3903 De
713 3849 766 3903 hee
788 3867 872 3920 opere
890 3850 1061 3919 Augustinus
1083 3851 1194 3905 retract.
1215 3850 1263 3904 lib.
1282 3855 1298 3904 2
1316 3867 1340 3904 c.
1352 3855 1386 3903 ta
1404 3849 1447 3903 ita
1465 3848 1507 3905 la

233 3933 337 4003 quitur:
369 3938 455 3988 Verba
474 3939 608 4004 quaedam,
628 3955 692 4004 pirae
710 3941 776 3989 celat
789 3939 866 4002 Xysti
878 3939 985 3989 Rotnani
1001 3941 1117 4004 episcopi
1133 3947 1158 3988 et
1175 3941 1296 4003 martyris
1314 3940 1438 4005 Pelopiae
1454 3956 1508 4005 po·

231 4026 295 4086 snit,
315 4026 351 4073 ita
369 4025 486 4085 defendi,
506 4031 629 4089 tamquam
647 4040 738 4074 renero
756 4026 869 4087 cirasdent
883 4025 959 4090 lipsii
976 4032 1074 4083 essent,
1093 4027 1140 4074 scd
1154 4031 1247 4089 postca
1265 4026 1315 4089 lepi
1328 4022 1403 4074 steti
1418 4024 1508 4088 phito-

231 4110 307 4174 soptn'
324 4125 387 4159 esse.
418 4104 526 4159 Erroris
544 4105 626 4172 hujus
645 4121 756 4159 caumm
768 4105 952 4173 Hieronymus
970 4110 1118 4159 comment.
1138 4107 1166 4160 in
1177 4104 1330 4160 Jeremiam
1347 4121 1372 4159 c.
1386 4110 1420 4159 22
1432 4106 1467 4160 ct
1478 4105 1509 4161 in

233 4190 328 4244 Eneeh.
350 4207 371 4244 e.
387 4196 418 4243 18
436 4207 487 4244 nee
505 4206 560 4243 non
578 4190 685 4259 epistol.
709 4196 755 4244 13⁶2
773 4189 809 4243 ad
828 4190 1038 4259 Ctesiphontem
1055 4190 1083 4243 in
1099 4190 1227 4244 Rufinum
1245 4189 1350 4258 rejicit,
1369 4188 1450 4259 quod
1469 4190 1509 4245 ri·

233 4275 335 4330 delicet
351 4280 439 4329 librum
458 4279 528 4329 Sinti
546 4279 696 4343 Pitieaporci
717 4280 822 4334 dominis
848 4278 942 4344 absque
962 4280 1076 4336 (liciata.
1099 4288 1193 4330 tardato
1216 4282 1313 4330 nornine
1337 4277 1418 4343 Xysti
1437 4295 1510 4329 Μ·-

233 4368 298 4427 tpris
316 4373 341 4415 et
360 4364 486 4414 liamanac
505 4367 627 4413 ecclesiae
646 4365 761 4433 episcopi
776 4366 954 4428 praenotavit,
974 4377 1058 4428 quum
1077 4361 1183 4414 seilicet
1200 4360 1277 4413 illum
1294 4358 1439 4413 latinitate
1459 4359 1510 4415 dt)-

233 4447 317 4500 navit.
349 4445 509 4499 Gennadius
521 4445 698 4498 Massiliensis
716 4444 762 4498 lib.
784 4443 818 4498 de
838 4444 901 4498 viris
919 4444 957 4499 ill.
976 4445 1049 4499 inter
1062 4462 1161 4515 opera,
1179 4444 1378 4514 quaeRnfinus
1395 4443 1425 4499 ia
1443 4444 1513 4501 lati·

234 4550 298 4586 num
317 4545 472 4585 sennonem
491 4530 628 4584 convertit
646 4534 717 4583 Sinti
736 4538 875 4584 sententias
899 4523 1027 4585 memorat.
1063 4530 1118 4584 Ubi
1136 4533 1229 4584 autem
1247 4528 1437 4598 Hieronymus
1456 4551 1513 4587 ns·

233 4628 288 4671 tato
306 4624 403 4670 nomine
421 4616 450 4669 id
467 4617 572 4670 factum
591 4615 733 4675 observat.
753 4616 821 4670 satis
840 4617 938 4686 aperte
955 4615 1121 4685 philosopho
1135 4619 1217 4678 Statu
1236 4616 1265 4667 et
1281 4614 1367 4669 beato
1386 4617 1513 4686 marty-ri

234 4719 267 4755 ac
288 4718 380 4771 papae
405 4706 481 4769 Xysti
506 4717 606 4755 nomen
628 4701 795 4754 servandum
817 4701 906 4754 (locet
946 4700 1033 4754 Porro
1060 4700 1142 4768 hujus
1168 4699 1328 4769 philosophi
1350 4701 1513 4756 sententias

234 4803 396 4842 consecrare
415 4787 528 4840 studens
546 4787 697 4852 Mercator,
716 4803 764 4839 ens
783 4785 907 4856 epistolis
925 4785 1069 4854 dispersit,
1088 4802 1156 4853 quas
1169 4784 1271 4854 Xystil
1290 4785 1513 4855 ceteramque

234 4873 407 4940 perititicnm,
426 4873 473 4941 qui
491 4873 612 4926 secundo
631 4871 741 4925 saeculo
760 4889 793 4925 ac
811 4872 991 4939 sequentibus
1010 4870 1173 4936 floruerunt,
1192 4868 1303 4924 nomine
1321 4870 1468 4924 confinxit.
