3412 5664
313 287 375 353 968
677 310 680 315 ·
754 301 782 350 s.
800 298 1007 350 noamsnrn
1029 299 1144 349 aaran

206 486 231 524 a.
242 472 300 523 521.
313 458 480 524 occasione
501 454 652 521 litterarii
674 454 829 520 sermonis
852 453 995 520 exhibeo.
1033 456 1107 540 Ago
1122 455 1247 542 gratias
1262 457 1427 543 quasue)
1446 459 1536 530 hantis

313 582 458 646 possum,
489 558 549 624 etsi
577 560 715 642 quantas
743 556 859 639 debeo,
888 578 954 621 non
981 578 1120 642 possum.
1166 557 1229 624 Sed
1251 557 1401 624 solatium
1419 561 1481 627 mibi
1495 570 1535 650 est

313 663 397 748 quod
419 662 457 726 de
479 659 643 725 benefieiis
664 681 789 725 mecum
810 658 924 724 vestris
946 658 1085 725 mundus
1100 659 1252 743 exsultat,
1276 663 1310 724 et
1323 660 1537 735 laceratshscte

313 787 375 831 nus
390 762 554 829 Ecclesiae
575 761 719 827 membra
741 761 782 826 ad
804 782 992 847 compagem
1013 782 1104 825 suam
1126 765 1276 828 revocata
1297 764 1472 849 gloriantur.
1496 768 1537 834 lle

314 865 434 931 duxisti
460 863 588 949 populis
620 863 731 947 fidem,
765 867 950 948 persecutus
984 884 1137 947 errorem:
1173 864 1335 931 inclinata
1362 871 1410 932 est
1433 871 1539 953 superbia

314 967 517 1033 inimieorum
539 965 704 1031 Ecclesiae
725 963 803 1049 Dei,
827 967 860 1030 et
880 964 1046 1030 humilitas
1069 968 1175 1030 erecta
1197 965 1350 1032 fidelium.
1392 967 1492 1055 Magna
1505 993 1539 1037 ru

315 1069 376 1134 tibi
406 1068 560 1154 contigit,
589 1069 777 1152 imperator,
815 1086 936 1152 magna
963 1067 997 1131 in
1025 1071 1058 1131 te
1086 1067 1301 1133 emolumenta
1330 1091 1400 1134 cum
1424 1076 1540 1156 potestate

263 1229 266 1238 .
317 1172 471 1237 coierunt.
509 1169 596 1246 Quae
610 1170 773 1252 merearis,
789 1168 947 1254 intellige.
984 1170 1059 1234 Non
1081 1170 1231 1256 exiguam
1252 1171 1287 1236 in
1309 1175 1343 1236 te
1365 1176 1473 1256 partam
1489 1174 1541 1239 boni

230 1266 292 1322 ³⁰11·
316 1275 420 1358 operis
442 1272 544 1355 illius,
579 1271 662 1356 quod
683 1272 802 1337 vadens
824 1272 865 1337 ad
889 1270 992 1337 coelos
1014 1271 1171 1338 Dominus
1193 1276 1305 1338 noster
1325 1273 1418 1339 Jasus
1438 1273 1543 1342 enisu

216 1343 301 1405 mat.
318 1375 464 1459 eontulit,
488 1373 699 1439 transtulisti:
722 1395 799 1438 nam
820 1394 943 1457 pacem,
967 1395 1063 1460 quam
1084 1375 1140 1439 ille
1162 1374 1329 1461 discipulis
1350 1375 1443 1460 dedit,
1466 1382 1544 1462 perte

317 1478 454 1543 mundus
482 1475 616 1541 invenit.
661 1473 737 1540 Non
764 1477 814 1539 est
835 1474 966 1539 dubium
994 1476 1215 1561 congratulari
1244 1477 1305 1542 tibi
1333 1468 1460 1564 angelos
1479 1478 1545 1560 eecli:

317 1603 391 1646 nam
416 1579 443 1644 si
461 1579 555 1663 juxta
577 1577 785 1642 assertionem
807 1576 1026 1662 evangelicam
1048 1578 1173 1643 laetitia
1196 1582 1246 1644 est
1267 1579 1314 1645 eis
1336 1579 1375 1645 de
1395 1602 1454 1645 uno
1468 1602 1546 1665 pom

318 1686 387 1747 tore
414 1682 553 1764 salvato,
591 1701 672 1764 quae
702 1682 809 1764 potcst
836 1700 905 1744 esse
931 1679 1073 1766 populo?
1116 1679 1210 1746 Salve
1231 1678 1390 1747 Ezechias
1411 1681 1548 1768 praesentis

320 1784 449 1849 aetatis!
500 1781 586 1847 Nam
615 1781 676 1846 etsi
702 1781 835 1846 fuerumt
861 1783 937 1846 ante
965 1804 1037 1847 eum
1063 1803 1157 1868 reges
1179 1782 1318 1870 Juda⁵),
1352 1783 1407 1870 qui
1432 1784 1548 1864 fassust

210 1866 304 1991 423⁰}
318 1887 425 1952 nullus
452 1863 563 1950 taimen
590 1905 699 1949 eorum
725 1883 894 1969 dissipavit
919 1882 1053 1950 excelsa.
1098 1884 1148 1950 Tu
1174 1907 1300 1971 quoqne
1322 1885 1551 1951 schismatunet

258 1975 265 2002 '
293 1977 487 2074 'superbiae
510 1986 682 2071 dissipator
704 1988 740 2050 et·
760 1984 863 2050 cultus
878 1986 995 2050 veteris
1011 1987 1186 2071 restitutor,
1210 2009 1379 2071 praesume
1400 1987 1455 2052 tibi
1473 1987 1551 2053 sinili-

319 2089 497 2175 tudineml)
524 2088 611 2154 illius
639 2109 797 2153 annonam
819 2088 967 2174 augenda
990 2087 1163 2172 curricula,
1192 2089 1248 2174 qui
1275 2112 1409 2175 operum
1431 2090 1491 2175 ejus
1506 2090 1552 2154 ini·

321 2192 401 2258 taris
424 2189 580 2275 exempla.
614 2189 659 2254 Et
680 2190 760 2255 baec
782 2190 907 2275 omnia,
931 2211 1011 2276 quae
1033 2191 1074 2255 ad
1095 2191 1199 2276 majus
1215 2192 1339 2277 gloriae
1353 2197 1427 2258 tuae
1441 2195 1554 2278 spectant

322 2295 546 2380 augmentum,
574 2313 641 2357 non
663 2292 792 2356 stimulo
814 2292 1048 2358 adhortationis
1075 2293 1217 2378 alienae,
1248 2316 1316 2358 non
1343 2293 1416 2360 ullis
1442 2293 1553 2380 praebes

323 2395 479 2460 excitatus
502 2394 704 2479 aggrederis:
726 2392 812 2459 solus
834 2393 894 2459 tibi
915 2393 951 2458 in
974 2394 1106 2459 consilio
1128 2393 1226 2460 Deus.
1260 2394 1336 2461 Non
1352 2400 1411 2480 est,
1433 2394 1554 2482 quisesd

322 2496 603 2583 participationem
623 2495 709 2561 tanti
731 2496 835 2581 operis
856 2498 964 2561 tentet
982 2495 1137 2563 inserere:
1159 2497 1221 2562 tibi
1235 2497 1332 2563 debes
1348 2496 1555 2580 aetionisbujns

323 2599 479 2682 studium,
502 2598 563 2663 tibi
584 2598 687 2663 bonae
710 2597 847 2663 actionis
868 2599 1031 2664 effectum!

238 1559 304 1612 Luc.

236 1632 304 1694 rsa.

407 2702 438 2766 3.
476 2700 525 2766 Tu
546 2721 614 2783 me,
639 2700 830 2765 venerabilis
851 2698 1040 2785 imperator,
1065 2700 1231 2766 Ecclesiae
1252 2702 1387 2767 vulnera
1407 2705 1469 2767 tarn
1485 2702 1557 2785 longa

324 2805 518 2868 moerentem
546 2802 586 2867 ad
614 2824 703 2887 spem
731 2802 910 2867 reddendae
938 2802 1051 2874 salutis
1080 2803 1242 2870 animasti.
1288 2804 1339 2871 Tu
1360 2827 1411 2869 me
1431 2807 1494 2888 pest
1509 2804 1556 2866 bn

325 2905 492 2971 continuos
514 2904 659 2970 turbines
677 2904 747 2988 jam
768 2925 851 2988 pene
873 2904 1096 2989 desperatione
1119 2909 1299 2971 cessantem
1321 2907 1363 2971 ad
1377 2928 1485 2972 novam
1495 2909 1557 2968 irm-

218 3027 312 3092 opm.
327 3007 519 3093 quillitatem
547 3005 676 3071 directis
704 3005 788 3070 ultro
814 3005 877 3091 piis
903 3006 1019 3071 litteris
1047 3007 1211 3074 excitasti:
1244 3008 1306 3074 hoc
1333 3030 1454 3094 quoque
1477 3006 1558 3092 procul

325 3109 421 3174 dubio
443 3108 552 3172 divina
573 3106 790 3193 intelligentia
812 3108 1014 3188 conferente,
1044 3112 1082 3173 ut
1106 3109 1193 3174 misr
1219 3110 1291 3195 ipsa
1318 3112 1367 3175 tui
1394 3110 1559 3196 principatus

326 3210 455 3276 exordia
476 3209 551 3275 fidei
578 3210 646 3294 ejus
674 3209 797 3274 dicares
824 3209 1025 3295 obsequium,
1057 3210 1107 3276 cui
1135 3216 1303 3298 acceptum
1331 3211 1465 3277 debebas
1487 3211 1559 3294 impe

325 3315 417 3377 rium.
463 3310 525 3377 Sed
546 3312 601 3396 qui
628 3315 661 3376 te
690 3311 730 3375 ad
752 3311 936 3396 incipienda
962 3312 1042 3377 haec
1069 3335 1135 3378 non
1163 3314 1255 3398 potui
1276 3313 1399 3398 printus
1418 3311 1559 3399 impellere,

326 3414 555 3498 nuncmajore
576 3413 693 3478 fiducia
715 3413 814 3478 tantis
837 3413 1000 3479 beneficiis
1023 3415 1196 3499 compellor
1216 3419 1408 3500 provocatus
1427 3435 1515 3496 mare,
1531 3433 1561 3476 ne

326 3515 461 3601 patiaris
482 3515 518 3580 in
539 3538 574 3580 re
595 3519 663 3580 tam
686 3511 762 3580 boni
784 3515 888 3600 operis
917 3537 985 3580 esse
1007 3516 1185 3600 delectum,
1218 3539 1261 3582 ne
1288 3540 1421 3602 manns,
1452 3512 1561 3602 quassi

327 3617 430 3682 Deum
458 3616 571 3702 erigis,
610 3640 629 3681 a
658 3617 762 3703 coepti
789 3618 894 3702 operis
915 3618 1112 3704 perfectione
1135 3619 1323 3705 suspendas.
1374 3618 1493 3705 Negare
1515 3637 1562 3681 non

326 3741 455 3803 possum
477 3741 536 3804 pro
548 3719 678 3784 Domini
700 3719 802 3784 nostri
824 3720 904 3785 haec
925 3742 976 3784 me
998 3720 1116 3786 affectu
1134 3725 1168 3786 et
1180 3720 1318 3786 unitatis
1333 3742 1505 3807 exposcere:
1523 3715 1562 3782 sed

327 3822 431 3886 fateor
454 3824 486 3886 et
507 3820 604 3886 saluti
624 3824 701 3886 tuae
722 3843 780 3906 pro
801 3824 895 3886 tanta
908 3822 1163 3887 mansuetudinis
1186 3822 1294 3908 gratia
1315 3822 1396 3888 haec
1417 3820 1511 3889 stridis
1527 3839 1563 3883 nc

213 3904 312 4040 {iffi
327 3923 452 3988 debere.
498 3921 659 4007 Scriptum
681 3933 730 3987 est
752 3924 847 4008 enirn,
872 3931 944 4004 quia
965 3932 1021 4004 qui
1034 3931 1287 4005 perseveraverit,
1312 3930 1479 3991 Massicus
1496 3929 1548 3988 ait.

396 4095 418 4162 ⁴)
436 4093 480 4148 sta
497 4091 540 4146 G¹.
570 4096 597 4147 al
615 4104 709 4163 quanto
726 4097 852 4154 humilius,
872 4094 890 4148 b
907 4093 965 4164 seq.
984 4105 1078 4164 quanto
1096 4101 1215 4164 mplius,
1234 4096 1264 4150 et
1280 4109 1348 4149 mex
1365 4102 1496 4150 laenam

397 4182 417 4247 ὃ)
436 4178 502 4233 boc
524 4176 587 4233 add.
606 4182 702 4234 bonum.
743 4177 784 4233 De
801 4178 858 4234 Asa
879 4177 993 4248 quidem
1010 4187 1025 4233 3
1047 4179 1117 4248 Beg.
1139 4185 1183 4246 le,
1208 4185 1238 4234 11
1257 4178 1389 4249 legimus:
1413 4190 1438 4234 et
1455 4183 1511 4246 [ecit
1525 4181 1565 4230 Aa

329 4275 423 4319 rectam
440 4273 499 4317 ante
516 4274 675 4332 conspectam
693 4268 794 4318 Domini
799 4305 805 4330 ,
825 4265 854 4318 et
871 4267 953 4317 v.14=
973 4267 1088 4318 accersa
1105 4274 1188 4318 autem
1205 4285 1255 4319 noa
1272 4270 1391 4325 ebatum:
1406 4264 1471 4321 item
1485 4269 1499 4317 4
1512 4261 1566 4328 bea.

331 4355 397 4415 14‚3
415 4347 450 4402 de
461 4347 587 4402 Amasia:
606 4352 642 4400 Et
657 4352 721 4415 feci!
737 4358 832 4403 rectum
850 4368 936 4403 eoram
952 4353 1072 4414 Domino,
1093 4354 1142 4403 nisi
1158 4354 1206 4404 tec
1223 4361 1328 4411 tautum,
1347 4355 1416 4421 quod
1429 4354 1567 4405 mua·-

330 4439 448 4492 atstaiit:
465 4434 494 4486 et
511 4432 546 4488 de
563 4432 664 4488 Azaria
681 4439 697 4487 4
714 4433 783 4502 Reg.
804 4438 847 4499 15,
865 4440 881 4488 3
899 4434 929 4488 et
945 4438 974 4487 4:
1001 4437 1123 4504 Fecirquc
1142 4440 1285 4504 quoderat
1302 4441 1422 4504 placitos
1437 4452 1514 4489 cern
1527 4436 1567 4485 lio

330 4525 408 4581 mine.
432 4528 599 4573 cerumtamen
620 4525 724 4573 excelsu
747 4539 796 4573 non
823 4529 862 4573 est
883 4523 1022 4577 demolitus.
1070 4516 1206 4583 Quocirca
1228 4520 1257 4574 et
1273 4532 1371 4575 rectu
1396 4522 1426 4575 et
1445 4523 1507 4590 quod
1526 4525 1570 4571 ent

329 4609 449 4674 placitum
466 4622 551 4658 eorum
569 4608 675 4659 Domino
693 4602 796 4659 addere
813 4602 859 4658 hio
875 4601 978 4659 liceret.

398 4691 421 4754 ο)
439 4690 515 4743 c⁷c¹⁰
536 4693 707 4752 similitudine,
731 4686 765 4742 G¹
783 4690 810 4742 2¹
827 4688 846 4742 b
863 4694 1060 4752 similitudinem,
1083 4687 1128 4744 cui
1149 4691 1177 4744 δ’
1201 4695 1228 4743 in
1250 4689 1483 4761 praemittendum
1502 4686 1571 4742 duit

331 4772 438 4828 Deinde
462 4771 495 4827 (3¹
514 4776 540 4827 a¹
563 4778 611 4827 sed
631 4776 719 4843 oritus
741 4783 767 4827 te
788 4779 825 4829 ed
845 4778 1002 4843 incipienda.
1027 4776 1056 4831 et
1077 4774 1121 4830 ed.
1142 4782 1351 4844 perseveraverit
1372 4794 1447 4844 usque
1468 4779 1501 4828 ed
1515 4777 1573 4840 pm

331 4864 422 4912 saluus.
