<?xml version="1.0" encoding="UTF-8"?>
<!DOCTYPE html PUBLIC "-//W3C//DTD XHTML 1.0 Transitional//EN"
    "http://www.w3.org/TR/xhtml1/DTD/xhtml1-transitional.dtd">
<html xmlns="http://www.w3.org/1999/xhtml" xml:lang="en" lang="en">
 <head>
  <title>
</title>
<meta http-equiv="Content-Type" content="text/html;charset=utf-8" />
  <meta name='ocr-system' content='tesseract 3.04.00' />
  <meta name='ocr-capabilities' content='ocr_page ocr_carea ocr_par ocr_line ocrx_word'/>
</head>
<body>
  <div class='ocr_page' id='page_1' title='image "./epistolaeromano00cousgoog/epistolaeromano00cousgoog_0054.png"; bbox 0 0 3412 5664; ppageno 0'>
   <div class='ocr_carea' id='block_1_1' title="bbox 681 330 1489 413">
    <p class='ocr_par' dir='ltr' id='par_1_1' title="bbox 681 330 1489 413">
     <span class='ocr_line' id='line_1_1' title="bbox 681 330 1489 413; baseline 0.004 -21"><span class='ocrx_word' id='word_1_1' title='bbox 681 345 871 394; x_wconf 80' lang='lat' dir='ltr'><strong>srrsronus</strong></span> <span class='ocrx_word' id='word_1_2' title='bbox 897 336 935 392; x_wconf 85' lang='lat'><strong>15</strong></span> <span class='ocrx_word' id='word_1_3' title='bbox 952 330 1021 413; x_wconf 74' lang='lat'>(16)</span> <span class='ocrx_word' id='word_1_4' title='bbox 1468 334 1489 395; x_wconf 77' lang='grc' dir='ltr'><strong>ἴ)</strong></span> 
     </span>
    </p>
   </div>
   <div class='ocr_carea' id='block_1_2' title="bbox 250 507 1488 2369">
    <p class='ocr_par' dir='ltr' id='par_1_2' title="bbox 250 507 1488 2369">
     <span class='ocr_line' id='line_1_2' title="bbox 262 507 1488 583; baseline 0 -17"><span class='ocrx_word' id='word_1_5' title='bbox 262 512 322 565; x_wconf 80' lang='lat' dir='ltr'><strong>debu</strong></span> <span class='ocrx_word' id='word_1_6' title='bbox 338 509 479 563; x_wconf 78' lang='lat' dir='ltr'><strong>sedeciam</strong></span> <span class='ocrx_word' id='word_1_7' title='bbox 500 507 556 563; x_wconf 80' lang='lat' dir='ltr'><strong>Dei</strong></span> <span class='ocrx_word' id='word_1_8' title='bbox 571 525 629 578; x_wconf 90' lang='lat' dir='ltr'><strong>pro</strong></span> <span class='ocrx_word' id='word_1_9' title='bbox 649 507 828 563; x_wconf 75' lang='lat' dir='ltr'><strong>immeditate</strong></span> <span class='ocrx_word' id='word_1_10' title='bbox 849 509 957 563; x_wconf 72' lang='lat' dir='ltr'><strong>illucere</strong></span> <span class='ocrx_word' id='word_1_11' title='bbox 978 514 1031 562; x_wconf 87' lang='lat' dir='ltr'><strong>ete.</strong></span> <span class='ocrx_word' id='word_1_12' title='bbox 1063 507 1157 563; x_wconf 80' lang='lat' dir='ltr'><strong>Altero</strong></span> <span class='ocrx_word' id='word_1_13' title='bbox 1181 525 1242 563; x_wconf 90' lang='lat' dir='ltr'><strong>vero</strong></span> <span class='ocrx_word' id='word_1_14' title='bbox 1264 525 1391 583; x_wconf 76' lang='lat' dir='ltr'><strong>expresse</strong></span> <span class='ocrx_word' id='word_1_15' title='bbox 1415 512 1488 567; x_wconf 89' lang='lat' dir='ltr'><strong>irrita</strong></span> 
     </span>
     <span class='ocr_line' id='line_1_3' title="bbox 261 591 1488 666; baseline 0.003 -17"><span class='ocrx_word' id='word_1_16' title='bbox 261 593 378 650; x_wconf 62' lang='lat' dir='ltr'><strong>amasim</strong></span> <span class='ocrx_word' id='word_1_17' title='bbox 390 592 555 647; x_wconf 86' lang='lat' dir='ltr'><strong>successoris</strong></span> <span class='ocrx_word' id='word_1_18' title='bbox 568 591 723 662; x_wconf 86' lang='lat' dir='ltr'><strong>hujusmodi</strong></span> <span class='ocrx_word' id='word_1_19' title='bbox 738 592 890 647; x_wconf 90' lang='lat' dir='ltr'><strong>institutio:</strong></span> <span class='ocrx_word' id='word_1_20' title='bbox 908 592 950 647; x_wconf 88' lang='lat' dir='ltr'><strong>Nc</strong></span> <span class='ocrx_word' id='word_1_21' title='bbox 964 595 1052 649; x_wconf 82' lang='lat' dir='ltr'><strong>liceat</strong></span> <span class='ocrx_word' id='word_1_22' title='bbox 1068 597 1202 664; x_wconf 84' lang='lat' dir='ltr'><strong>episcopo</strong></span> <span class='ocrx_word' id='word_1_23' title='bbox 1216 597 1302 650; x_wconf 78' lang='lat' dir='ltr'><strong>alicam</strong></span> <span class='ocrx_word' id='word_1_24' title='bbox 1311 614 1367 666; x_wconf 90' lang='lat' dir='ltr'><strong>pro</strong></span> <span class='ocrx_word' id='word_1_25' title='bbox 1379 611 1411 651; x_wconf 91' lang='lat' dir='ltr'><strong>se</strong></span> <span class='ocrx_word' id='word_1_26' title='bbox 1423 612 1488 653; x_wconf 88' lang='lat' dir='ltr'><strong>suc·</strong></span> 
     </span>
     <span class='ocr_line' id='line_1_4' title="bbox 260 678 1486 752; baseline 0.002 -17"><span class='ocrx_word' id='word_1_27' title='bbox 260 694 371 735; x_wconf 81' lang='lat' dir='ltr'><strong>cenarem</strong></span> <span class='ocrx_word' id='word_1_28' title='bbox 386 680 567 746; x_wconf 85' lang='lat' dir='ltr'><strong>constituere,</strong></span> <span class='ocrx_word' id='word_1_29' title='bbox 585 680 697 733; x_wconf 85' lang='lat' dir='ltr'><strong>etiamsi</strong></span> <span class='ocrx_word' id='word_1_30' title='bbox 709 680 745 733; x_wconf 87' lang='lat' dir='ltr'><strong>sit</strong></span> <span class='ocrx_word' id='word_1_31' title='bbox 759 681 789 732; x_wconf 92' lang='lat' dir='ltr'><strong>in</strong></span> <span class='ocrx_word' id='word_1_32' title='bbox 804 679 862 749; x_wconf 75' lang='lat' dir='ltr'><strong>fine</strong></span> <span class='ocrx_word' id='word_1_33' title='bbox 877 680 962 734; x_wconf 86' lang='lat' dir='ltr'><strong>oilae.</strong></span> <span class='ocrx_word' id='word_1_34' title='bbox 1003 678 1036 734; x_wconf 84' lang='lat' dir='ltr'><strong>Si</strong></span> <span class='ocrx_word' id='word_1_35' title='bbox 1054 680 1123 750; x_wconf 82' lang='lat' dir='ltr'><strong>quid</strong></span> <span class='ocrx_word' id='word_1_36' title='bbox 1137 685 1232 734; x_wconf 87' lang='lat' dir='ltr'><strong>autem</strong></span> <span class='ocrx_word' id='word_1_37' title='bbox 1246 681 1299 750; x_wconf 73' lang='lat' dir='ltr'><strong>liat</strong></span> <span class='ocrx_word' id='word_1_38' title='bbox 1313 682 1486 752; x_wconf 74' lang='lat' dir='ltr'><strong>husjusmodi,</strong></span> 
     </span>
     <span class='ocr_line' id='line_1_5' title="bbox 261 760 1487 839; baseline 0.002 -20"><span class='ocrx_word' id='word_1_39' title='bbox 261 768 323 819; x_wconf 85' lang='lat' dir='ltr'><strong>irritu</strong></span> <span class='ocrx_word' id='word_1_40' title='bbox 336 766 370 818; x_wconf 83' lang='lat' dir='ltr'><strong>sit</strong></span> <span class='ocrx_word' id='word_1_41' title='bbox 389 766 560 818; x_wconf 88' lang='lat' dir='ltr'><strong>constitutio.</strong></span> <span class='ocrx_word' id='word_1_42' title='bbox 592 760 689 834; x_wconf 93' lang='lat' dir='ltr'><strong>(Voeili</strong></span> <span class='ocrx_word' id='word_1_43' title='bbox 711 769 738 816; x_wconf 89' lang='lat' dir='ltr'><strong>et</strong></span> <span class='ocrx_word' id='word_1_44' title='bbox 753 761 860 817; x_wconf 88' lang='lat' dir='ltr'><strong>lustelli</strong></span> <span class='ocrx_word' id='word_1_45' title='bbox 883 761 1006 820; x_wconf 81' lang='lat' dir='ltr'><strong>biblioth.</strong></span> <span class='ocrx_word' id='word_1_46' title='bbox 1019 763 1074 832; x_wconf 88' lang='lat' dir='ltr'><strong>jur.</strong></span> <span class='ocrx_word' id='word_1_47' title='bbox 1092 779 1149 818; x_wconf 90' lang='lat' dir='ltr'><strong>cau.</strong></span> <span class='ocrx_word' id='word_1_48' title='bbox 1167 772 1220 818; x_wconf 90' lang='lat' dir='ltr'><strong>vet.</strong></span> <span class='ocrx_word' id='word_1_49' title='bbox 1237 763 1256 827; x_wconf 87' lang='lat'><strong>1,</strong></span> <span class='ocrx_word' id='word_1_50' title='bbox 1274 763 1358 837; x_wconf 82' lang='lat'>517.)</span> <span class='ocrx_word' id='word_1_51' title='bbox 1394 765 1487 839; x_wconf 90' lang='lat' dir='ltr'><strong>ltaque</strong></span> 
     </span>
     <span class='ocr_line' id='line_1_6' title="bbox 260 845 1486 923; baseline 0.002 -19"><span class='ocrx_word' id='word_1_52' title='bbox 260 858 298 904; x_wconf 83' lang='lat' dir='ltr'><strong>tau</strong></span> <span class='ocrx_word' id='word_1_53' title='bbox 309 849 330 903; x_wconf 91' lang='lat' dir='ltr'><strong>in</strong></span> <span class='ocrx_word' id='word_1_54' title='bbox 342 845 458 903; x_wconf 77' lang='lat' dir='ltr'><strong>orientali</strong></span> <span class='ocrx_word' id='word_1_55' title='bbox 474 863 553 921; x_wconf 89' lang='lat' dir='ltr'><strong>quam</strong></span> <span class='ocrx_word' id='word_1_56' title='bbox 569 848 597 902; x_wconf 90' lang='lat' dir='ltr'><strong>in</strong></span> <span class='ocrx_word' id='word_1_57' title='bbox 619 845 776 903; x_wconf 89' lang='lat' dir='ltr'><strong>occidentali</strong></span> <span class='ocrx_word' id='word_1_58' title='bbox 794 846 905 903; x_wconf 88' lang='lat' dir='ltr'><strong>ecelesia</strong></span> <span class='ocrx_word' id='word_1_59' title='bbox 920 849 998 903; x_wconf 91' lang='lat' dir='ltr'><strong>stetit</strong></span> <span class='ocrx_word' id='word_1_60' title='bbox 1017 850 1137 910; x_wconf 88' lang='lat' dir='ltr'><strong>vetitum,</strong></span> <span class='ocrx_word' id='word_1_61' title='bbox 1154 865 1188 903; x_wconf 91' lang='lat' dir='ltr'><strong>nc</strong></span> <span class='ocrx_word' id='word_1_62' title='bbox 1204 849 1347 923; x_wconf 88' lang='lat' dir='ltr'><strong>episcopus</strong></span> <span class='ocrx_word' id='word_1_63' title='bbox 1363 852 1421 923; x_wconf 91' lang='lat' dir='ltr'><strong>ipsc</strong></span> <span class='ocrx_word' id='word_1_64' title='bbox 1436 850 1486 906; x_wconf 89' lang='lat' dir='ltr'><strong>sibi</strong></span> 
     </span>
     <span class='ocr_line' id='line_1_7' title="bbox 260 930 1483 1008; baseline 0.003 -21"><span class='ocrx_word' id='word_1_65' title='bbox 260 949 408 989; x_wconf 68' lang='lat' dir='ltr'><strong>successorem</strong></span> <span class='ocrx_word' id='word_1_66' title='bbox 428 933 543 1007; x_wconf 83' lang='lat' dir='ltr'><strong>eligeret</strong></span> <span class='ocrx_word' id='word_1_67' title='bbox 565 930 610 1003; x_wconf 78' lang='lat' dir='ltr'><strong>(el.</strong></span> <span class='ocrx_word' id='word_1_68' title='bbox 633 931 799 987; x_wconf 87' lang='lat' dir='ltr'><strong>Scbelstratc</strong></span> <span class='ocrx_word' id='word_1_69' title='bbox 819 948 887 987; x_wconf 85' lang='lat' dir='ltr'><strong>sacr.</strong></span> <span class='ocrx_word' id='word_1_70' title='bbox 910 933 1035 989; x_wconf 84' lang='lat' dir='ltr'><strong>autiocla.</strong></span> <span class='ocrx_word' id='word_1_71' title='bbox 1057 950 1133 989; x_wconf 92' lang='lat' dir='ltr'><strong>eone.</strong></span> <span class='ocrx_word' id='word_1_72' title='bbox 1156 931 1263 989; x_wconf 80' lang='lat' dir='ltr'><strong>dissert.</strong></span> <span class='ocrx_word' id='word_1_73' title='bbox 1280 933 1321 996; x_wconf 86' lang='lat' dir='ltr'><strong>lV,</strong></span> <span class='ocrx_word' id='word_1_74' title='bbox 1349 951 1407 1008; x_wconf 90' lang='lat' dir='ltr'><strong>cap.</strong></span> <span class='ocrx_word' id='word_1_75' title='bbox 1424 935 1483 1005; x_wconf 77' lang='lat'>⁴20).</span> 
     </span>
     <span class='ocr_line' id='line_1_8' title="bbox 259 1015 1486 1094; baseline 0.002 -21"><span class='ocrx_word' id='word_1_76' title='bbox 259 1018 315 1086; x_wconf 75' lang='lat' dir='ltr'><strong>ituri</strong></span> <span class='ocrx_word' id='word_1_77' title='bbox 327 1019 361 1073; x_wconf 82' lang='lat' dir='ltr'><strong>ria</strong></span> <span class='ocrx_word' id='word_1_78' title='bbox 375 1017 457 1074; x_wconf 89' lang='lat' dir='ltr'><strong>semel</strong></span> <span class='ocrx_word' id='word_1_79' title='bbox 473 1015 508 1072; x_wconf 91' lang='lat' dir='ltr'><strong>ob</strong></span> <span class='ocrx_word' id='word_1_80' title='bbox 523 1018 693 1091; x_wconf 82' lang='lat' dir='ltr'><strong>gravissimas</strong></span> <span class='ocrx_word' id='word_1_81' title='bbox 714 1032 807 1072; x_wconf 81' lang='lat' dir='ltr'>causas</span> <span class='ocrx_word' id='word_1_82' title='bbox 828 1034 850 1072; x_wconf 90' lang='lat' dir='ltr'><strong>s.</strong></span> <span class='ocrx_word' id='word_1_83' title='bbox 869 1017 1004 1073; x_wconf 81' lang='lat' dir='ltr'><strong>bonifacio</strong></span> <span class='ocrx_word' id='word_1_84' title='bbox 1026 1018 1404 1094; x_wconf 75' lang='lat' dir='ltr'><strong>arciriepiseopollogantino</strong></span> <span class='ocrx_word' id='word_1_85' title='bbox 1422 1038 1486 1076; x_wconf 90' lang='lat' dir='ltr'><strong>eon·</strong></span> 
     </span>
     <span class='ocr_line' id='line_1_9' title="bbox 260 1101 1484 1177; baseline 0.003 -19"><span class='ocrx_word' id='word_1_86' title='bbox 260 1120 336 1158; x_wconf 80' lang='lat' dir='ltr'><strong>rusam</strong></span> <span class='ocrx_word' id='word_1_87' title='bbox 349 1111 394 1158; x_wconf 85' lang='lat' dir='ltr'><strong>est.</strong></span> <span class='ocrx_word' id='word_1_88' title='bbox 426 1102 477 1169; x_wconf 78' lang='lat' dir='ltr'><strong>Qua</strong></span> <span class='ocrx_word' id='word_1_89' title='bbox 499 1101 615 1177; x_wconf 82' lang='lat' dir='ltr'><strong>eligendi</strong></span> <span class='ocrx_word' id='word_1_90' title='bbox 631 1103 796 1157; x_wconf 89' lang='lat' dir='ltr'><strong>successoris</strong></span> <span class='ocrx_word' id='word_1_91' title='bbox 811 1102 965 1159; x_wconf 76' lang='lat' dir='ltr'>facultatem</span> <span class='ocrx_word' id='word_1_92' title='bbox 982 1119 1063 1175; x_wconf 90' lang='lat' dir='ltr'><strong>quum</strong></span> <span class='ocrx_word' id='word_1_93' title='bbox 1080 1121 1094 1158; x_wconf 91' lang='lat' dir='ltr'><strong>a</strong></span> <span class='ocrx_word' id='word_1_94' title='bbox 1110 1103 1241 1176; x_wconf 79' lang='lat' dir='ltr'><strong>Gregorio</strong></span> <span class='ocrx_word' id='word_1_95' title='bbox 1258 1103 1290 1158; x_wconf 94' lang='lat' dir='ltr'><strong>lll</strong></span> <span class='ocrx_word' id='word_1_96' title='bbox 1305 1106 1484 1177; x_wconf 72' lang='lat' dir='ltr'><strong>impetrasset,</strong></span> 
     </span>
     <span class='ocr_line' id='line_1_10' title="bbox 260 1184 1484 1262; baseline 0.002 -20"><span class='ocrx_word' id='word_1_97' title='bbox 260 1205 410 1243; x_wconf 66' lang='lat' dir='ltr'><strong>erumnose</strong></span> <span class='ocrx_word' id='word_1_98' title='bbox 424 1187 548 1243; x_wconf 84' lang='lat' dir='ltr'><strong>Zaclraria</strong></span> <span class='ocrx_word' id='word_1_99' title='bbox 563 1204 630 1261; x_wconf 90' lang='lat' dir='ltr'><strong>papa</strong></span> <span class='ocrx_word' id='word_1_100' title='bbox 650 1184 802 1242; x_wconf 83' lang='lat' dir='ltr'><strong>confirmari</strong></span> <span class='ocrx_word' id='word_1_101' title='bbox 823 1189 901 1260; x_wconf 89' lang='lat' dir='ltr'><strong>petiit</strong></span> <span class='ocrx_word' id='word_1_102' title='bbox 923 1184 1012 1260; x_wconf 86' lang='lat' dir='ltr'><strong>(epist.</strong></span> <span class='ocrx_word' id='word_1_103' title='bbox 1028 1188 1043 1242; x_wconf 96' lang='lat'>1</span> <span class='ocrx_word' id='word_1_104' title='bbox 1061 1188 1093 1242; x_wconf 91' lang='lat' dir='ltr'><strong>ad</strong></span> <span class='ocrx_word' id='word_1_105' title='bbox 1108 1187 1186 1243; x_wconf 87' lang='lat' dir='ltr'><strong>Zacb.</strong></span> <span class='ocrx_word' id='word_1_106' title='bbox 1204 1186 1290 1262; x_wconf 76' lang='lat' dir='ltr'><strong>papi:</strong></span> <span class='ocrx_word' id='word_1_107' title='bbox 1328 1191 1484 1247; x_wconf 70' lang='lat' dir='ltr'><strong>licentiam</strong></span> 
     </span>
     <span class='ocr_line' id='line_1_11' title="bbox 258 1273 1483 1346; baseline 0.002 -17"><span class='ocrx_word' id='word_1_108' title='bbox 258 1281 332 1344; x_wconf 83' lang='lat' dir='ltr'><strong>petere</strong></span> <span class='ocrx_word' id='word_1_109' title='bbox 343 1288 454 1328; x_wconf 86' lang='lat' dir='ltr'><strong>necesse</strong></span> <span class='ocrx_word' id='word_1_110' title='bbox 467 1273 568 1342; x_wconf 77' lang='lat' dir='ltr'><strong>babeo,</strong></span> <span class='ocrx_word' id='word_1_111' title='bbox 585 1273 681 1345; x_wconf 87' lang='lat' dir='ltr'><strong>inquit,</strong></span> <span class='ocrx_word' id='word_1_112' title='bbox 697 1288 729 1328; x_wconf 91' lang='lat' dir='ltr'><strong>ca</strong></span> <span class='ocrx_word' id='word_1_113' title='bbox 745 1273 821 1345; x_wconf 83' lang='lat' dir='ltr'><strong>pund</strong></span> <span class='ocrx_word' id='word_1_114' title='bbox 832 1274 1016 1328; x_wconf 82' lang='lat' dir='ltr'><strong>venerandae</strong></span> <span class='ocrx_word' id='word_1_115' title='bbox 1029 1277 1182 1329; x_wconf 86' lang='lat' dir='ltr'><strong>memoriae</strong></span> <span class='ocrx_word' id='word_1_116' title='bbox 1192 1289 1369 1344; x_wconf 88' lang='lat' dir='ltr'><strong>praecessor</strong></span> <span class='ocrx_word' id='word_1_117' title='bbox 1381 1283 1483 1346; x_wconf 85' lang='lat' dir='ltr'><strong>cester,</strong></span> 
     </span>
     <span class='ocr_line' id='line_1_12' title="bbox 260 1358 1484 1431; baseline 0.002 -18"><span class='ocrx_word' id='word_1_118' title='bbox 260 1363 313 1414; x_wconf 68' lang='lat' dir='ltr'><strong>aaut</strong></span> <span class='ocrx_word' id='word_1_119' title='bbox 324 1359 441 1419; x_wconf 84' lang='lat' dir='ltr'><strong>audistis,</strong></span> <span class='ocrx_word' id='word_1_120' title='bbox 457 1361 488 1413; x_wconf 90' lang='lat' dir='ltr'><strong>in</strong></span> <span class='ocrx_word' id='word_1_121' title='bbox 499 1361 670 1430; x_wconf 88' lang='lat' dir='ltr'><strong>praesentia</strong></span> <span class='ocrx_word' id='word_1_122' title='bbox 687 1364 783 1413; x_wconf 86' lang='lat' dir='ltr'><strong>uestra</strong></span> <span class='ocrx_word' id='word_1_123' title='bbox 799 1358 1032 1430; x_wconf 78' lang='lat' dir='ltr'><strong>mihipraecepit,</strong></span> <span class='ocrx_word' id='word_1_124' title='bbox 1050 1365 1081 1414; x_wconf 88' lang='lat' dir='ltr'><strong>ut</strong></span> <span class='ocrx_word' id='word_1_125' title='bbox 1090 1360 1292 1431; x_wconf 77' lang='lat' dir='ltr'><strong>presbyterum</strong></span> <span class='ocrx_word' id='word_1_126' title='bbox 1301 1366 1368 1430; x_wconf 91' lang='lat' dir='ltr'><strong>past</strong></span> <span class='ocrx_word' id='word_1_127' title='bbox 1380 1361 1484 1416; x_wconf 83' lang='lat' dir='ltr'><strong>abitum</strong></span> 
     </span>
     <span class='ocr_line' id='line_1_13' title="bbox 259 1443 1483 1501; baseline 0.002 -3"><span class='ocrx_word' id='word_1_128' title='bbox 259 1459 325 1498; x_wconf 80' lang='lat' dir='ltr'><strong>mun</strong></span> <span class='ocrx_word' id='word_1_129' title='bbox 336 1444 390 1499; x_wconf 79' lang='lat' dir='ltr'><strong>Deo</strong></span> <span class='ocrx_word' id='word_1_130' title='bbox 405 1446 515 1500; x_wconf 71' lang='lat' dir='ltr'><strong>emente</strong></span> <span class='ocrx_word' id='word_1_131' title='bbox 529 1447 559 1498; x_wconf 85' lang='lat' dir='ltr'><strong>in</strong></span> <span class='ocrx_word' id='word_1_132' title='bbox 575 1444 771 1498; x_wconf 85' lang='lat' dir='ltr'><strong>ecelesiastica</strong></span> <span class='ocrx_word' id='word_1_133' title='bbox 786 1445 942 1498; x_wconf 84' lang='lat' dir='ltr'><strong>ministeria</strong></span> <span class='ocrx_word' id='word_1_134' title='bbox 957 1443 1110 1499; x_wconf 78' lang='lat' dir='ltr'><strong>haeredem</strong></span> <span class='ocrx_word' id='word_1_135' title='bbox 1126 1451 1153 1498; x_wconf 90' lang='lat' dir='ltr'><strong>et</strong></span> <span class='ocrx_word' id='word_1_136' title='bbox 1166 1459 1362 1500; x_wconf 83' lang='lat' dir='ltr'><strong>successorem</strong></span> <span class='ocrx_word' id='word_1_137' title='bbox 1378 1450 1483 1501; x_wconf 85' lang='lat' dir='ltr'><strong>consti·</strong></span> 
     </span>
     <span class='ocr_line' id='line_1_14' title="bbox 259 1528 1482 1596; baseline 0.002 -13"><span class='ocrx_word' id='word_1_138' title='bbox 259 1537 318 1584; x_wconf 77' lang='grc' dir='ltr'><strong>ωσι</strong></span> <span class='ocrx_word' id='word_1_139' title='bbox 329 1529 459 1596; x_wconf 79' lang='lat' dir='ltr'><strong>deberem,</strong></span> <span class='ocrx_word' id='word_1_140' title='bbox 470 1570 478 1584; x_wconf 85' lang='lat'><strong>.</strong></span> <span class='ocrx_word' id='word_1_141' title='bbox 491 1569 518 1584; x_wconf 91' lang='lat'><strong>..</strong></span> <span class='ocrx_word' id='word_1_142' title='bbox 535 1536 562 1583; x_wconf 90' lang='lat' dir='ltr'><strong>et</strong></span> <span class='ocrx_word' id='word_1_143' title='bbox 577 1528 704 1596; x_wconf 87' lang='lat' dir='ltr'><strong>obsecro,</strong></span> <span class='ocrx_word' id='word_1_144' title='bbox 722 1533 753 1582; x_wconf 89' lang='lat' dir='ltr'><strong>ut</strong></span> <span class='ocrx_word' id='word_1_145' title='bbox 768 1531 951 1584; x_wconf 82' lang='lat' dir='ltr'><strong>auctoritatis</strong></span> <span class='ocrx_word' id='word_1_146' title='bbox 966 1535 1079 1583; x_wconf 82' lang='lat' dir='ltr'><strong>uestrae</strong></span> <span class='ocrx_word' id='word_1_147' title='bbox 1093 1532 1210 1584; x_wconf 86' lang='lat' dir='ltr'><strong>licentia</strong></span> <span class='ocrx_word' id='word_1_148' title='bbox 1226 1532 1269 1590; x_wconf 88' lang='lat' dir='ltr'><strong>sit,</strong></span> <span class='ocrx_word' id='word_1_149' title='bbox 1291 1537 1322 1584; x_wconf 89' lang='lat' dir='ltr'><strong>ut</strong></span> <span class='ocrx_word' id='word_1_150' title='bbox 1338 1546 1402 1585; x_wconf 86' lang='lat' dir='ltr'><strong>cum</strong></span> <span class='ocrx_word' id='word_1_151' title='bbox 1416 1547 1482 1587; x_wconf 81' lang='lat' dir='ltr'><strong>caru-</strong></span> 
     </span>
     <span class='ocr_line' id='line_1_15' title="bbox 258 1612 1482 1686; baseline 0.004 -18"><span class='ocrx_word' id='word_1_152' title='bbox 258 1616 304 1669; x_wconf 78' lang='lat' dir='ltr'><strong>alia</strong></span> <span class='ocrx_word' id='word_1_153' title='bbox 320 1630 456 1669; x_wconf 78' lang='lat' dir='ltr'><strong>remorum</strong></span> <span class='ocrx_word' id='word_1_154' title='bbox 471 1614 526 1669; x_wconf 85' lang='lat' dir='ltr'><strong>Dei</strong></span> <span class='ocrx_word' id='word_1_155' title='bbox 539 1615 574 1668; x_wconf 88' lang='lat' dir='ltr'><strong>de</strong></span> <span class='ocrx_word' id='word_1_156' title='bbox 589 1616 644 1668; x_wconf 86' lang='lat' dir='ltr'><strong>isla</strong></span> <span class='ocrx_word' id='word_1_157' title='bbox 661 1615 797 1669; x_wconf 80' lang='lat' dir='ltr'><strong>electione</strong></span> <span class='ocrx_word' id='word_1_158' title='bbox 809 1612 930 1684; x_wconf 83' lang='lat' dir='ltr'><strong>faciam,</strong></span> <span class='ocrx_word' id='word_1_159' title='bbox 955 1615 1032 1686; x_wconf 83' lang='lat' dir='ltr'><strong>quael</strong></span> <span class='ocrx_word' id='word_1_160' title='bbox 1051 1614 1131 1669; x_wconf 87' lang='lat' dir='ltr'><strong>nobis</strong></span> <span class='ocrx_word' id='word_1_161' title='bbox 1146 1617 1175 1669; x_wconf 89' lang='lat' dir='ltr'><strong>in</strong></span> <span class='ocrx_word' id='word_1_162' title='bbox 1191 1630 1337 1669; x_wconf 89' lang='lat' dir='ltr'><strong>commune</strong></span> <span class='ocrx_word' id='word_1_163' title='bbox 1349 1633 1406 1686; x_wconf 92' lang='lat' dir='ltr'><strong>pro</strong></span> <span class='ocrx_word' id='word_1_164' title='bbox 1421 1616 1482 1673; x_wconf 83' lang='lat' dir='ltr'><strong>Deo</strong></span> 
     </span>
     <span class='ocr_line' id='line_1_16' title="bbox 258 1697 1483 1772; baseline 0.004 -20"><span class='ocrx_word' id='word_1_165' title='bbox 258 1707 279 1753; x_wconf 90' lang='lat' dir='ltr'><strong>et</strong></span> <span class='ocrx_word' id='word_1_166' title='bbox 286 1717 329 1770; x_wconf 89' lang='lat' dir='ltr'><strong>pro</strong></span> <span class='ocrx_word' id='word_1_167' title='bbox 340 1701 476 1755; x_wconf 83' lang='lat' dir='ltr'><strong>ecelesiae</strong></span> <span class='ocrx_word' id='word_1_168' title='bbox 492 1699 612 1754; x_wconf 86' lang='lat' dir='ltr'><strong>utilitate</strong></span> <span class='ocrx_word' id='word_1_169' title='bbox 628 1699 671 1752; x_wconf 87' lang='lat' dir='ltr'><strong>aei</strong></span> <span class='ocrx_word' id='word_1_170' title='bbox 683 1697 788 1769; x_wconf 83' lang='lat' dir='ltr'><strong>fructu</strong></span> <span class='ocrx_word' id='word_1_171' title='bbox 803 1700 950 1768; x_wconf 71' lang='lat' dir='ltr'><strong>spirituali</strong></span> <span class='ocrx_word' id='word_1_172' title='bbox 964 1705 991 1754; x_wconf 88' lang='lat' dir='ltr'><strong>et</strong></span> <span class='ocrx_word' id='word_1_173' title='bbox 1006 1698 1175 1770; x_wconf 71' lang='lat' dir='ltr'><strong>defensione</strong></span> <span class='ocrx_word' id='word_1_174' title='bbox 1190 1702 1483 1772; x_wconf 80' lang='lat' dir='ltr'><strong>relipionisuplimum</strong></span> 
     </span>
     <span class='ocr_line' id='line_1_17' title="bbox 257 1781 1480 1856; baseline 0.002 -17"><span class='ocrx_word' id='word_1_175' title='bbox 257 1799 303 1839; x_wconf 84' lang='lat' dir='ltr'><strong>csse</strong></span> <span class='ocrx_word' id='word_1_176' title='bbox 314 1785 440 1839; x_wconf 65' lang='lat' dir='ltr'><strong>Mentor.</strong></span> <span class='ocrx_word' id='word_1_177' title='bbox 473 1783 570 1838; x_wconf 88' lang='lat' dir='ltr'><strong>Vermn</strong></span> <span class='ocrx_word' id='word_1_178' title='bbox 593 1781 657 1855; x_wconf 88' lang='lat' dir='ltr'><strong>quid</strong></span> <span class='ocrx_word' id='word_1_179' title='bbox 673 1789 737 1837; x_wconf 90' lang='lat' dir='ltr'><strong>tunc</strong></span> <span class='ocrx_word' id='word_1_180' title='bbox 752 1781 887 1837; x_wconf 80' lang='lat' dir='ltr'><strong>Zacharias</strong></span> <span class='ocrx_word' id='word_1_181' title='bbox 904 1799 933 1838; x_wconf 91' lang='lat' dir='ltr'><strong>re</strong></span> <span class='ocrx_word' id='word_1_182' title='bbox 948 1785 1077 1838; x_wconf 88' lang='lat' dir='ltr'><strong>attentius</strong></span> <span class='ocrx_word' id='word_1_183' title='bbox 1093 1800 1208 1856; x_wconf 82' lang='lat' dir='ltr'><strong>expensa</strong></span> <span class='ocrx_word' id='word_1_184' title='bbox 1227 1785 1397 1840; x_wconf 89' lang='lat' dir='ltr'><strong>sanctissimo</strong></span> <span class='ocrx_word' id='word_1_185' title='bbox 1414 1787 1480 1848; x_wconf 48' lang='lat' dir='ltr'><strong>sciro,</strong></span> 
     </span>
     <span class='ocr_line' id='line_1_18' title="bbox 256 1866 1481 1941; baseline 0.003 -18"><span class='ocrx_word' id='word_1_186' title='bbox 256 1876 311 1923; x_wconf 82' lang='lat' dir='ltr'><strong>nnc</strong></span> <span class='ocrx_word' id='word_1_187' title='bbox 322 1867 466 1923; x_wconf 82' lang='lat' dir='ltr'><strong>Germaniae</strong></span> <span class='ocrx_word' id='word_1_188' title='bbox 481 1866 615 1941; x_wconf 83' lang='lat' dir='ltr'><strong>apostolo,</strong></span> <span class='ocrx_word' id='word_1_189' title='bbox 632 1866 790 1940; x_wconf 78' lang='lat' dir='ltr'><strong>respoudit?</strong></span> <span class='ocrx_word' id='word_1_190' title='bbox 826 1867 870 1922; x_wconf 79' lang='lat' dir='ltr'><strong>Ile</strong></span> <span class='ocrx_word' id='word_1_191' title='bbox 886 1883 918 1923; x_wconf 88' lang='lat' dir='ltr'><strong>co</strong></span> <span class='ocrx_word' id='word_1_192' title='bbox 934 1876 1037 1937; x_wconf 82' lang='lat' dir='ltr'><strong>aretem,</strong></span> <span class='ocrx_word' id='word_1_193' title='bbox 1055 1869 1099 1930; x_wconf 89' lang='lat' dir='ltr'><strong>ait,</strong></span> <span class='ocrx_word' id='word_1_194' title='bbox 1121 1871 1198 1941; x_wconf 81' lang='lat' dir='ltr'><strong>qauocl</strong></span> <span class='ocrx_word' id='word_1_195' title='bbox 1218 1870 1267 1924; x_wconf 86' lang='lat' dir='ltr'><strong>tibi</strong></span> <span class='ocrx_word' id='word_1_196' title='bbox 1285 1885 1481 1927; x_wconf 81' lang='lat' dir='ltr'><strong>successorem</strong></span> 
     </span>
     <span class='ocr_line' id='line_1_19' title="bbox 255 1953 1481 2028; baseline 0.004 -20"><span class='ocrx_word' id='word_1_197' title='bbox 255 1958 397 2010; x_wconf 83' lang='lat' dir='ltr'><strong>constituere</strong></span> <span class='ocrx_word' id='word_1_198' title='bbox 425 1954 532 2022; x_wconf 78' lang='lat' dir='ltr'><strong>dixisti,</strong></span> <span class='ocrx_word' id='word_1_199' title='bbox 556 1959 586 2008; x_wconf 87' lang='lat' dir='ltr'><strong>ni</strong></span> <span class='ocrx_word' id='word_1_200' title='bbox 601 1959 628 2007; x_wconf 89' lang='lat' dir='ltr'><strong>te</strong></span> <span class='ocrx_word' id='word_1_201' title='bbox 642 1953 766 2024; x_wconf 86' lang='lat' dir='ltr'><strong>jubente</strong></span> <span class='ocrx_word' id='word_1_202' title='bbox 792 1955 822 2007; x_wconf 89' lang='lat' dir='ltr'><strong>in</strong></span> <span class='ocrx_word' id='word_1_203' title='bbox 842 1960 890 2009; x_wconf 87' lang='lat' dir='ltr'><strong>tuo</strong></span> <span class='ocrx_word' id='word_1_204' title='bbox 910 1955 974 2009; x_wconf 89' lang='lat' dir='ltr'><strong>laco</strong></span> <span class='ocrx_word' id='word_1_205' title='bbox 995 1955 1120 2028; x_wconf 76' lang='lat' dir='ltr'><strong>stipatur</strong></span> <span class='ocrx_word' id='word_1_206' title='bbox 1140 1958 1301 2025; x_wconf 88' lang='lat' dir='ltr'><strong>episcopus,</strong></span> <span class='ocrx_word' id='word_1_207' title='bbox 1325 1956 1380 2012; x_wconf 88' lang='lat' dir='ltr'><strong>bac</strong></span> <span class='ocrx_word' id='word_1_208' title='bbox 1401 1959 1481 2013; x_wconf 88' lang='lat' dir='ltr'><strong>nulia</strong></span> 
     </span>
     <span class='ocr_line' id='line_1_20' title="bbox 255 2040 1481 2113; baseline 0.004 -21"><span class='ocrx_word' id='word_1_209' title='bbox 255 2043 341 2094; x_wconf 78' lang='lat' dir='ltr'><strong>reione</strong></span> <span class='ocrx_word' id='word_1_210' title='bbox 353 2040 470 2095; x_wconf 88' lang='lat' dir='ltr'><strong>concedi</strong></span> <span class='ocrx_word' id='word_1_211' title='bbox 481 2041 617 2110; x_wconf 86' lang='lat' dir='ltr'><strong>patimur,</strong></span> <span class='ocrx_word' id='word_1_212' title='bbox 640 2041 708 2110; x_wconf 84' lang='lat' dir='ltr'><strong>quia</strong></span> <span class='ocrx_word' id='word_1_213' title='bbox 729 2043 830 2093; x_wconf 91' lang='lat' dir='ltr'><strong>cantra</strong></span> <span class='ocrx_word' id='word_1_214' title='bbox 853 2054 961 2093; x_wconf 88' lang='lat' dir='ltr'><strong>omnem</strong></span> <span class='ocrx_word' id='word_1_215' title='bbox 981 2040 1208 2094; x_wconf 88' lang='lat' dir='ltr'><strong>ecclesiasticam</strong></span> <span class='ocrx_word' id='word_1_216' title='bbox 1228 2040 1357 2113; x_wconf 82' lang='lat' dir='ltr'><strong>repulam</strong></span> <span class='ocrx_word' id='word_1_217' title='bbox 1379 2044 1423 2097; x_wconf 87' lang='lat' dir='ltr'><strong>ael</strong></span> <span class='ocrx_word' id='word_1_218' title='bbox 1438 2045 1481 2097; x_wconf 92' lang='lat' dir='ltr'><strong>in·</strong></span> 
     </span>
     <span class='ocr_line' id='line_1_21' title="bbox 251 2121 1481 2198; baseline 0.003 -20"><span class='ocrx_word' id='word_1_219' title='bbox 251 2127 330 2179; x_wconf 70' lang='lat' dir='ltr'><strong>druia</strong></span> <span class='ocrx_word' id='word_1_220' title='bbox 340 2131 453 2196; x_wconf 84' lang='lat' dir='ltr'><strong>patrum</strong></span> <span class='ocrx_word' id='word_1_221' title='bbox 468 2138 531 2179; x_wconf 90' lang='lat' dir='ltr'><strong>esse</strong></span> <span class='ocrx_word' id='word_1_222' title='bbox 551 2129 736 2178; x_wconf 89' lang='lat' dir='ltr'><strong>monstratur.</strong></span> <span class='ocrx_word' id='word_1_223' title='bbox 767 2121 805 2177; x_wconf 88' lang='lat' dir='ltr'><strong>Ne</strong></span> <span class='ocrx_word' id='word_1_224' title='bbox 821 2129 909 2177; x_wconf 91' lang='lat' dir='ltr'><strong>tamen</strong></span> <span class='ocrx_word' id='word_1_225' title='bbox 930 2121 1145 2196; x_wconf 84' lang='lat' dir='ltr'><strong>praedecessoris</strong></span> <span class='ocrx_word' id='word_1_226' title='bbox 1166 2125 1208 2179; x_wconf 90' lang='lat' dir='ltr'><strong>sui</strong></span> <span class='ocrx_word' id='word_1_227' title='bbox 1229 2125 1329 2198; x_wconf 78' lang='lat' dir='ltr'><strong>gratiae</strong></span> <span class='ocrx_word' id='word_1_228' title='bbox 1351 2133 1377 2180; x_wconf 91' lang='lat' dir='ltr'><strong>ot</strong></span> <span class='ocrx_word' id='word_1_229' title='bbox 1398 2128 1481 2182; x_wconf 90' lang='lat' dir='ltr'><strong>menti</strong></span> 
     </span>
     <span class='ocr_line' id='line_1_22' title="bbox 251 2206 1479 2282; baseline 0.003 -19"><span class='ocrx_word' id='word_1_230' title='bbox 251 2207 359 2264; x_wconf 62' lang='lat' dir='ltr'><strong>aremari</strong></span> <span class='ocrx_word' id='word_1_231' title='bbox 374 2208 516 2270; x_wconf 72' lang='lat' dir='ltr'><strong>vitiaretur,</strong></span> <span class='ocrx_word' id='word_1_232' title='bbox 538 2207 647 2280; x_wconf 86' lang='lat' dir='ltr'><strong>speciali</strong></span> <span class='ocrx_word' id='word_1_233' title='bbox 669 2206 776 2262; x_wconf 87' lang='lat' dir='ltr'><strong>indulto</strong></span> <span class='ocrx_word' id='word_1_234' title='bbox 792 2206 906 2262; x_wconf 87' lang='lat' dir='ltr'><strong>addidit:</strong></span> <span class='ocrx_word' id='word_1_235' title='bbox 933 2222 967 2263; x_wconf 89' lang='lat' dir='ltr'><strong>ea</strong></span> <span class='ocrx_word' id='word_1_236' title='bbox 982 2209 1065 2278; x_wconf 80' lang='lat' dir='ltr'><strong>beru,</strong></span> <span class='ocrx_word' id='word_1_237' title='bbox 1087 2226 1145 2282; x_wconf 82' lang='lat' dir='ltr'><strong>pue</strong></span> <span class='ocrx_word' id='word_1_238' title='bbox 1162 2215 1189 2264; x_wconf 91' lang='lat' dir='ltr'><strong>te</strong></span> <span class='ocrx_word' id='word_1_239' title='bbox 1204 2211 1239 2264; x_wconf 89' lang='lat' dir='ltr'><strong>de</strong></span> <span class='ocrx_word' id='word_1_240' title='bbox 1252 2215 1403 2280; x_wconf 82' lang='lat' dir='ltr'><strong>praesenti</strong></span> <span class='ocrx_word' id='word_1_241' title='bbox 1416 2227 1479 2267; x_wconf 87' lang='lat' dir='ltr'><strong>sae-</strong></span> 
     </span>
     <span class='ocr_line' id='line_1_23' title="bbox 250 2293 1479 2369; baseline 0.004 -21"><span class='ocrx_word' id='word_1_242' title='bbox 250 2296 302 2349; x_wconf 85' lang='lat' dir='ltr'><strong>culo</strong></span> <span class='ocrx_word' id='word_1_243' title='bbox 314 2298 492 2368; x_wconf 75' lang='lat' dir='ltr'><strong>ripraturum</strong></span> <span class='ocrx_word' id='word_1_244' title='bbox 512 2295 686 2366; x_wconf 70' lang='lat' dir='ltr'><strong>coenaveris,</strong></span> <span class='ocrx_word' id='word_1_245' title='bbox 706 2293 911 2364; x_wconf 86' lang='lat' dir='ltr'><strong>praesentibus</strong></span> <span class='ocrx_word' id='word_1_246' title='bbox 932 2298 1045 2350; x_wconf 88' lang='lat' dir='ltr'><strong>cunctis</strong></span> <span class='ocrx_word' id='word_1_247' title='bbox 1066 2296 1116 2349; x_wconf 85' lang='lat' dir='ltr'><strong>tibi</strong></span> <span class='ocrx_word' id='word_1_248' title='bbox 1135 2309 1330 2350; x_wconf 82' lang='lat' dir='ltr'><strong>successorem</strong></span> <span class='ocrx_word' id='word_1_249' title='bbox 1351 2297 1479 2369; x_wconf 82' lang='lat' dir='ltr'><strong>desipna,</strong></span> 
     </span>
    </p>
   </div>
   <div class='ocr_carea' id='block_1_3' title="bbox 239 2378 1563 2792">
    <p class='ocr_par' dir='ltr' id='par_1_3' title="bbox 239 2378 1563 2792">
     <span class='ocr_line' id='line_1_24' title="bbox 248 2378 1481 2453; baseline 0.004 -21"><span class='ocrx_word' id='word_1_250' title='bbox 248 2385 272 2433; x_wconf 82' lang='lat' dir='ltr'><strong>ut</strong></span> <span class='ocrx_word' id='word_1_251' title='bbox 282 2379 331 2434; x_wconf 80' lang='lat' dir='ltr'><strong>aue</strong></span> <span class='ocrx_word' id='word_1_252' title='bbox 345 2383 435 2435; x_wconf 83' lang='lat' dir='ltr'><strong>ueniat</strong></span> <span class='ocrx_word' id='word_1_253' title='bbox 449 2379 637 2434; x_wconf 84' lang='lat' dir='ltr'><strong>ordinandus.</strong></span> <span class='ocrx_word' id='word_1_254' title='bbox 669 2378 734 2433; x_wconf 89' lang='lat' dir='ltr'><strong>Hoc</strong></span> <span class='ocrx_word' id='word_1_255' title='bbox 750 2381 823 2433; x_wconf 87' lang='lat' dir='ltr'><strong>nulli</strong></span> <span class='ocrx_word' id='word_1_256' title='bbox 844 2381 896 2434; x_wconf 90' lang='lat' dir='ltr'><strong>aiii</strong></span> <span class='ocrx_word' id='word_1_257' title='bbox 910 2380 1030 2434; x_wconf 85' lang='lat' dir='ltr'><strong>concedi</strong></span> <span class='ocrx_word' id='word_1_258' title='bbox 1039 2382 1178 2450; x_wconf 85' lang='lat' dir='ltr'><strong>patimur,</strong></span> <span class='ocrx_word' id='word_1_259' title='bbox 1202 2382 1279 2453; x_wconf 80' lang='lat' dir='ltr'><strong>parad</strong></span> <span class='ocrx_word' id='word_1_260' title='bbox 1292 2381 1343 2436; x_wconf 86' lang='lat' dir='ltr'><strong>tibi</strong></span> <span class='ocrx_word' id='word_1_261' title='bbox 1357 2385 1481 2438; x_wconf 88' lang='lat' dir='ltr'><strong>caritate</strong></span> 
     </span>
     <span class='ocr_line' id='line_1_25' title="bbox 245 2461 1563 2537; baseline 0.002 -19"><span class='ocrx_word' id='word_1_262' title='bbox 245 2467 459 2537; x_wconf 74' lang='lat' dir='ltr'><strong>repentelarpiri</strong></span> <span class='ocrx_word' id='word_1_263' title='bbox 473 2465 644 2519; x_wconf 84' lang='lat' dir='ltr'><strong>censuimus.</strong></span> <span class='ocrx_word' id='word_1_264' title='bbox 663 2492 700 2502; x_wconf 94' lang='lat'><em>-</em></span> <span class='ocrx_word' id='word_1_265' title='bbox 722 2461 759 2516; x_wconf 81' lang='lat' dir='ltr'><strong>Ga</strong></span> <span class='ocrx_word' id='word_1_266' title='bbox 779 2465 896 2536; x_wconf 88' lang='lat' dir='ltr'><strong>posteris</strong></span> <span class='ocrx_word' id='word_1_267' title='bbox 919 2462 1083 2537; x_wconf 85' lang='lat' dir='ltr'><strong>temporibus</strong></span> <span class='ocrx_word' id='word_1_268' title='bbox 1106 2480 1184 2537; x_wconf 74' lang='lat' dir='ltr'><strong>apuam</strong></span> <span class='ocrx_word' id='word_1_269' title='bbox 1207 2464 1334 2537; x_wconf 78' lang='lat' dir='ltr'><strong>religiose</strong></span> <span class='ocrx_word' id='word_1_270' title='bbox 1349 2465 1419 2521; x_wconf 88' lang='lat' dir='ltr'><strong>idem</strong></span> <span class='ocrx_word' id='word_1_271' title='bbox 1436 2465 1482 2521; x_wconf 91' lang='lat' dir='ltr'><strong>ob·</strong></span> <span class='ocrx_word' id='word_1_272' title='bbox 1552 2514 1563 2528; x_wconf 87' lang='grc'><strong><em>,</em></strong></span> 
     </span>
     <span class='ocr_line' id='line_1_26' title="bbox 242 2546 1481 2623; baseline 0.002 -19"><span class='ocrx_word' id='word_1_273' title='bbox 242 2557 358 2604; x_wconf 65' lang='lat' dir='ltr'><strong>¹serrarium</strong></span> <span class='ocrx_word' id='word_1_274' title='bbox 371 2551 415 2612; x_wconf 87' lang='lat' dir='ltr'><strong>sit,</strong></span> <span class='ocrx_word' id='word_1_275' title='bbox 437 2556 590 2623; x_wconf 91' lang='lat' dir='ltr'><strong>opportune</strong></span> <span class='ocrx_word' id='word_1_276' title='bbox 604 2564 635 2602; x_wconf 92' lang='lat' dir='ltr'><strong>se</strong></span> <span class='ocrx_word' id='word_1_277' title='bbox 650 2548 738 2609; x_wconf 83' lang='lat' dir='ltr'><strong>alieri,</strong></span> <span class='ocrx_word' id='word_1_278' title='bbox 754 2546 827 2621; x_wconf 90' lang='lat' dir='ltr'><strong>qaod</strong></span> <span class='ocrx_word' id='word_1_279' title='bbox 843 2549 987 2604; x_wconf 89' lang='lat' dir='ltr'><strong>memoriae</strong></span> <span class='ocrx_word' id='word_1_280' title='bbox 1002 2548 1139 2623; x_wconf 89' lang='lat' dir='ltr'><strong>proditum</strong></span> <span class='ocrx_word' id='word_1_281' title='bbox 1155 2557 1197 2604; x_wconf 90' lang='lat' dir='ltr'><strong>est</strong></span> <span class='ocrx_word' id='word_1_282' title='bbox 1212 2551 1238 2604; x_wconf 93' lang='lat' dir='ltr'><strong>in</strong></span> <span class='ocrx_word' id='word_1_283' title='bbox 1254 2551 1307 2604; x_wconf 91' lang='lat' dir='ltr'><strong>vita</strong></span> <span class='ocrx_word' id='word_1_284' title='bbox 1327 2567 1350 2604; x_wconf 79' lang='lat' dir='ltr'><strong>s,</strong></span> <span class='ocrx_word' id='word_1_285' title='bbox 1367 2548 1481 2607; x_wconf 90' lang='lat' dir='ltr'><strong>Udairici</strong></span> 
     </span>
     <span class='ocr_line' id='line_1_27' title="bbox 241 2628 1482 2708; baseline 0.002 -21"><span class='ocrx_word' id='word_1_286' title='bbox 241 2636 401 2708; x_wconf 76' lang='lat' dir='ltr'><strong>augustensis</strong></span> <span class='ocrx_word' id='word_1_287' title='bbox 421 2633 560 2690; x_wconf 86' lang='lat' dir='ltr'><strong>antistitis.</strong></span> <span class='ocrx_word' id='word_1_288' title='bbox 597 2630 684 2699; x_wconf 77' lang='lat' dir='ltr'><strong>Quum</strong></span> <span class='ocrx_word' id='word_1_289' title='bbox 706 2631 871 2688; x_wconf 89' lang='lat' dir='ltr'><strong>venerandus</strong></span> <span class='ocrx_word' id='word_1_290' title='bbox 892 2632 937 2688; x_wconf 90' lang='lat' dir='ltr'><strong>ille</strong></span> <span class='ocrx_word' id='word_1_291' title='bbox 957 2633 1079 2706; x_wconf 80' lang='lat' dir='ltr'><strong>pentilus</strong></span> <span class='ocrx_word' id='word_1_292' title='bbox 1097 2633 1151 2703; x_wconf 89' lang='lat' dir='ltr'><strong>jam</strong></span> <span class='ocrx_word' id='word_1_293' title='bbox 1172 2635 1249 2689; x_wconf 90' lang='lat' dir='ltr'><strong>senio</strong></span> <span class='ocrx_word' id='word_1_294' title='bbox 1272 2628 1360 2707; x_wconf 77' lang='lat' dir='ltr'><strong>gravis</strong></span> <span class='ocrx_word' id='word_1_295' title='bbox 1382 2644 1409 2690; x_wconf 91' lang='lat' dir='ltr'><strong>et</strong></span> <span class='ocrx_word' id='word_1_296' title='bbox 1431 2637 1482 2691; x_wconf 88' lang='lat' dir='ltr'><strong>rir-</strong></span> 
     </span>
     <span class='ocr_line' id='line_1_28' title="bbox 239 2716 1481 2792; baseline 0.003 -21"><span class='ocrx_word' id='word_1_297' title='bbox 239 2727 319 2774; x_wconf 84' lang='lat' dir='ltr'><strong>tntun</strong></span> <span class='ocrx_word' id='word_1_298' title='bbox 343 2720 404 2774; x_wconf 89' lang='lat' dir='ltr'><strong>lama</strong></span> <span class='ocrx_word' id='word_1_299' title='bbox 430 2720 592 2792; x_wconf 87' lang='lat' dir='ltr'><strong>conspicuus</strong></span> <span class='ocrx_word' id='word_1_300' title='bbox 613 2734 692 2773; x_wconf 86' lang='lat' dir='ltr'><strong>caeco</strong></span> <span class='ocrx_word' id='word_1_301' title='bbox 713 2734 777 2790; x_wconf 77' lang='lat' dir='ltr'><strong>erga</strong></span> <span class='ocrx_word' id='word_1_302' title='bbox 798 2716 993 2773; x_wconf 67' lang='lat' dir='ltr'><strong>adalberonem</strong></span> <span class='ocrx_word' id='word_1_303' title='bbox 1015 2719 1118 2773; x_wconf 90' lang='lat' dir='ltr'><strong>sororis</strong></span> <span class='ocrx_word' id='word_1_304' title='bbox 1140 2735 1204 2773; x_wconf 83' lang='lat' dir='ltr'><strong>sarae</strong></span> <span class='ocrx_word' id='word_1_305' title='bbox 1231 2716 1315 2773; x_wconf 82' lang='lat' dir='ltr'><strong>iulium</strong></span> <span class='ocrx_word' id='word_1_306' title='bbox 1336 2719 1428 2775; x_wconf 91' lang='lat' dir='ltr'><strong>studio</strong></span> <span class='ocrx_word' id='word_1_307' title='bbox 1450 2719 1481 2775; x_wconf 87' lang='lat' dir='ltr'><strong>ab</strong></span> 
     </span>
    </p>
   </div>
   <div class='ocr_carea' id='block_1_4' title="bbox 207 2802 1481 4917">
    <p class='ocr_par' dir='ltr' id='par_1_4' title="bbox 207 2802 1481 4917">
     <span class='ocr_line' id='line_1_29' title="bbox 235 2802 1481 2878; baseline 0.002 -20"><span class='ocrx_word' id='word_1_308' title='bbox 235 2808 329 2859; x_wconf 71' lang='lat' dir='ltr'><strong>latone</strong></span> <span class='ocrx_word' id='word_1_309' title='bbox 342 2805 506 2878; x_wconf 84' lang='lat' dir='ltr'><strong>imperatore,</strong></span> <span class='ocrx_word' id='word_1_310' title='bbox 524 2811 553 2858; x_wconf 93' lang='lat' dir='ltr'><strong>ut</strong></span> <span class='ocrx_word' id='word_1_311' title='bbox 567 2802 620 2858; x_wconf 88' lang='lat' dir='ltr'><strong>sibi</strong></span> <span class='ocrx_word' id='word_1_312' title='bbox 633 2802 799 2865; x_wconf 85' lang='lat' dir='ltr'><strong>succederet,</strong></span> <span class='ocrx_word' id='word_1_313' title='bbox 822 2811 968 2865; x_wconf 79' lang='lat' dir='ltr'><strong>exorasset,</strong></span> <span class='ocrx_word' id='word_1_314' title='bbox 991 2805 1121 2858; x_wconf 83' lang='lat' dir='ltr'><strong>coartiano</strong></span> <span class='ocrx_word' id='word_1_315' title='bbox 1145 2804 1197 2858; x_wconf 90' lang='lat' dir='ltr'><strong>boe</strong></span> <span class='ocrx_word' id='word_1_316' title='bbox 1212 2803 1304 2859; x_wconf 82' lang='lat' dir='ltr'><strong>arrclilo</strong></span> <span class='ocrx_word' id='word_1_317' title='bbox 1326 2804 1481 2861; x_wconf 89' lang='lat' dir='ltr'><strong>Germaniae</strong></span> 
     </span>
     <span class='ocr_line' id='line_1_30' title="bbox 232 2885 1481 2962; baseline 0.002 -18"><span class='ocrx_word' id='word_1_318' title='bbox 232 2890 345 2962; x_wconf 75' lang='lat' dir='ltr'><strong>episcopi</strong></span> <span class='ocrx_word' id='word_1_319' title='bbox 359 2897 384 2944; x_wconf 89' lang='lat' dir='ltr'><strong>et</strong></span> <span class='ocrx_word' id='word_1_320' title='bbox 397 2888 521 2945; x_wconf 86' lang='lat' dir='ltr'><strong>eumdem</strong></span> <span class='ocrx_word' id='word_1_321' title='bbox 538 2885 732 2943; x_wconf 73' lang='lat' dir='ltr'><strong>adalberonem</strong></span> <span class='ocrx_word' id='word_1_322' title='bbox 753 2895 862 2960; x_wconf 88' lang='lat' dir='ltr'><strong>accepta</strong></span> <span class='ocrx_word' id='word_1_323' title='bbox 877 2889 1048 2961; x_wconf 88' lang='lat' dir='ltr'><strong>episcopatus</strong></span> <span class='ocrx_word' id='word_1_324' title='bbox 1064 2890 1254 2961; x_wconf 86' lang='lat' dir='ltr'><strong>procuratione</strong></span> <span class='ocrx_word' id='word_1_325' title='bbox 1264 2892 1330 2961; x_wconf 89' lang='lat' dir='ltr'><strong>jam</strong></span> <span class='ocrx_word' id='word_1_326' title='bbox 1347 2891 1481 2946; x_wconf 90' lang='lat' dir='ltr'><strong>baculum</strong></span> 
     </span>
     <span class='ocr_line' id='line_1_31' title="bbox 227 2972 1481 3046; baseline 0.001 -18"><span class='ocrx_word' id='word_1_327' title='bbox 227 2976 397 3046; x_wconf 73' lang='lat' dir='ltr'><strong>pastoralem</strong></span> <span class='ocrx_word' id='word_1_328' title='bbox 412 2976 531 3046; x_wconf 82' lang='lat' dir='ltr'><strong>publice</strong></span> <span class='ocrx_word' id='word_1_329' title='bbox 547 2979 683 3045; x_wconf 87' lang='lat' dir='ltr'><strong>portare,</strong></span> <span class='ocrx_word' id='word_1_330' title='bbox 711 2973 901 3028; x_wconf 86' lang='lat' dir='ltr'><strong>convenientes</strong></span> <span class='ocrx_word' id='word_1_331' title='bbox 922 2972 992 3045; x_wconf 92' lang='lat' dir='ltr'><strong>apud</strong></span> <span class='ocrx_word' id='word_1_332' title='bbox 1013 2972 1196 3046; x_wconf 81' lang='lat' dir='ltr'><strong>ingelenheim</strong></span> <span class='ocrx_word' id='word_1_333' title='bbox 1217 2972 1250 3026; x_wconf 90' lang='lat' dir='ltr'><strong>dc</strong></span> <span class='ocrx_word' id='word_1_334' title='bbox 1271 2989 1303 3028; x_wconf 94' lang='lat' dir='ltr'><strong>eo</strong></span> <span class='ocrx_word' id='word_1_335' title='bbox 1324 2975 1413 3028; x_wconf 90' lang='lat' dir='ltr'><strong>statim</strong></span> <span class='ocrx_word' id='word_1_336' title='bbox 1436 2974 1481 3029; x_wconf 91' lang='lat' dir='ltr'><strong>de-</strong></span> 
     </span>
     <span class='ocr_line' id='line_1_32' title="bbox 226 3055 1481 3131; baseline -0.001 -17"><span class='ocrx_word' id='word_1_337' title='bbox 226 3057 342 3127; x_wconf 79' lang='lat' dir='ltr'><strong>jicieodo</strong></span> <span class='ocrx_word' id='word_1_338' title='bbox 360 3058 540 3114; x_wconf 89' lang='lat' dir='ltr'><strong>deliberarunt</strong></span> <span class='ocrx_word' id='word_1_339' title='bbox 571 3057 706 3118; x_wconf 83' lang='lat' dir='ltr'><strong>dicentes.</strong></span> <span class='ocrx_word' id='word_1_340' title='bbox 735 3065 766 3113; x_wconf 89' lang='lat' dir='ltr'><strong>ut</strong></span> <span class='ocrx_word' id='word_1_341' title='bbox 787 3066 891 3113; x_wconf 84' lang='lat' dir='ltr'><strong>contra</strong></span> <span class='ocrx_word' id='word_1_342' title='bbox 914 3061 1074 3113; x_wconf 76' lang='lat' dir='ltr'><strong>ceruanicae</strong></span> <span class='ocrx_word' id='word_1_343' title='bbox 1096 3058 1278 3113; x_wconf 83' lang='lat' dir='ltr'><strong>rectitudinis</strong></span> <span class='ocrx_word' id='word_1_344' title='bbox 1298 3055 1429 3131; x_wconf 75' lang='lat' dir='ltr'><strong>rapulam</strong></span> <span class='ocrx_word' id='word_1_345' title='bbox 1450 3061 1481 3113; x_wconf 86' lang='lat' dir='ltr'><strong>in</strong></span> 
     </span>
     <span class='ocr_line' id='line_1_33' title="bbox 228 3143 1481 3215; baseline -0.001 -16"><span class='ocrx_word' id='word_1_346' title='bbox 228 3145 368 3199; x_wconf 71' lang='lat' dir='ltr'><strong>damaim</strong></span> <span class='ocrx_word' id='word_1_347' title='bbox 380 3147 482 3215; x_wconf 88' lang='lat' dir='ltr'><strong>lapsus</strong></span> <span class='ocrx_word' id='word_1_348' title='bbox 493 3144 608 3215; x_wconf 79' lang='lat' dir='ltr'><strong>suisset,</strong></span> <span class='ocrx_word' id='word_1_349' title='bbox 628 3149 656 3198; x_wconf 94' lang='lat' dir='ltr'><strong>et</strong></span> <span class='ocrx_word' id='word_1_350' title='bbox 671 3143 749 3214; x_wconf 81' lang='lat' dir='ltr'><strong>pecori</strong></span> <span class='ocrx_word' id='word_1_351' title='bbox 757 3145 938 3214; x_wconf 71' lang='lat' dir='ltr'><strong>pontificalis</strong></span> <span class='ocrx_word' id='word_1_352' title='bbox 951 3143 1087 3199; x_wconf 88' lang='lat' dir='ltr'><strong>bonorem</strong></span> <span class='ocrx_word' id='word_1_353' title='bbox 1103 3143 1282 3198; x_wconf 88' lang='lat' dir='ltr'><strong>sublimitatis</strong></span> <span class='ocrx_word' id='word_1_354' title='bbox 1298 3145 1407 3198; x_wconf 82' lang='lat' dir='ltr'><strong>vivente</strong></span> <span class='ocrx_word' id='word_1_355' title='bbox 1423 3145 1481 3214; x_wconf 88' lang='lat' dir='ltr'><strong>epi·</strong></span> 
     </span>
     <span class='ocr_line' id='line_1_34' title="bbox 228 3228 1481 3300; baseline 0.001 -17"><span class='ocrx_word' id='word_1_356' title='bbox 228 3243 319 3298; x_wconf 75' lang='lat' dir='ltr'><strong>scopo</strong></span> <span class='ocrx_word' id='word_1_357' title='bbox 336 3230 385 3284; x_wconf 82' lang='lat' dir='ltr'><strong>eibi</strong></span> <span class='ocrx_word' id='word_1_358' title='bbox 400 3231 468 3300; x_wconf 89' lang='lat' dir='ltr'><strong>plus</strong></span> <span class='ocrx_word' id='word_1_359' title='bbox 483 3231 566 3299; x_wconf 89' lang='lat' dir='ltr'><strong>justo</strong></span> <span class='ocrx_word' id='word_1_360' title='bbox 585 3229 751 3295; x_wconf 84' lang='lat' dir='ltr'><strong>vindicaret,</strong></span> <span class='ocrx_word' id='word_1_361' title='bbox 776 3235 803 3283; x_wconf 90' lang='lat' dir='ltr'><strong>et</strong></span> <span class='ocrx_word' id='word_1_362' title='bbox 822 3229 885 3284; x_wconf 87' lang='lat' dir='ltr'><strong>ideo</strong></span> <span class='ocrx_word' id='word_1_363' title='bbox 907 3229 985 3283; x_wconf 83' lang='lat' dir='ltr'><strong>ultra</strong></span> <span class='ocrx_word' id='word_1_364' title='bbox 1007 3243 1070 3283; x_wconf 93' lang='lat' dir='ltr'><strong>eum</strong></span> <span class='ocrx_word' id='word_1_365' title='bbox 1091 3230 1257 3298; x_wconf 89' lang='lat' dir='ltr'><strong>episcopum</strong></span> <span class='ocrx_word' id='word_1_366' title='bbox 1277 3228 1411 3284; x_wconf 86' lang='lat' dir='ltr'><strong>ordinari</strong></span> <span class='ocrx_word' id='word_1_367' title='bbox 1424 3246 1481 3284; x_wconf 87' lang='lat' dir='ltr'><strong>nan</strong></span> 
     </span>
     <span class='ocr_line' id='line_1_35' title="bbox 225 3310 1481 3386; baseline -0.001 -17"><span class='ocrx_word' id='word_1_368' title='bbox 225 3317 350 3370; x_wconf 68' lang='lat' dir='ltr'><strong>menet.</strong></span> <span class='ocrx_word' id='word_1_369' title='bbox 378 3312 429 3369; x_wconf 88' lang='lat' dir='ltr'><strong>Sed</strong></span> <span class='ocrx_word' id='word_1_370' title='bbox 446 3313 536 3368; x_wconf 89' lang='lat' dir='ltr'><strong>multis</strong></span> <span class='ocrx_word' id='word_1_371' title='bbox 551 3314 623 3367; x_wconf 90' lang='lat' dir='ltr'><strong>inter</strong></span> <span class='ocrx_word' id='word_1_372' title='bbox 637 3328 667 3367; x_wconf 90' lang='lat' dir='ltr'><strong>se</strong></span> <span class='ocrx_word' id='word_1_373' title='bbox 683 3310 778 3367; x_wconf 86' lang='lat' dir='ltr'><strong>babilis</strong></span> <span class='ocrx_word' id='word_1_374' title='bbox 799 3311 941 3385; x_wconf 84' lang='lat' dir='ltr'><strong>colloquiis</strong></span> <span class='ocrx_word' id='word_1_375' title='bbox 958 3312 1148 3386; x_wconf 85' lang='lat' dir='ltr'><strong>sapientissimi</strong></span> <span class='ocrx_word' id='word_1_376' title='bbox 1163 3328 1256 3367; x_wconf 89' lang='lat' dir='ltr'><strong>eorum</strong></span> <span class='ocrx_word' id='word_1_377' title='bbox 1271 3312 1355 3366; x_wconf 84' lang='lat' dir='ltr'><strong>satius</strong></span> <span class='ocrx_word' id='word_1_378' title='bbox 1371 3311 1481 3375; x_wconf 78' lang='lat' dir='ltr'><strong>clusere,</strong></span> 
     </span>
     <span class='ocr_line' id='line_1_36' title="bbox 225 3385 1480 3474; baseline -0.002 -20"><span class='ocrx_word' id='word_1_379' title='bbox 225 3404 319 3474; x_wconf 77' lang='lat' dir='ltr'><strong>ipsum</strong></span> <span class='ocrx_word' id='word_1_380' title='bbox 331 3397 470 3454; x_wconf 76' lang='lat' dir='ltr'><strong>mmonere</strong></span> <span class='ocrx_word' id='word_1_381' title='bbox 482 3396 640 3457; x_wconf 85' lang='lat' dir='ltr'><strong>ildalricum,</strong></span> <span class='ocrx_word' id='word_1_382' title='bbox 656 3413 690 3451; x_wconf 91' lang='lat' dir='ltr'><strong>ne</strong></span> <span class='ocrx_word' id='word_1_383' title='bbox 705 3396 784 3451; x_wconf 89' lang='lat' dir='ltr'><strong>vitam</strong></span> <span class='ocrx_word' id='word_1_384' title='bbox 800 3395 833 3451; x_wconf 90' lang='lat' dir='ltr'><strong>ad</strong></span> <span class='ocrx_word' id='word_1_385' title='bbox 850 3396 921 3453; x_wconf 90' lang='lat' dir='ltr'><strong>bunc</strong></span> <span class='ocrx_word' id='word_1_386' title='bbox 935 3396 1005 3452; x_wconf 89' lang='lat' dir='ltr'><strong>diem</strong></span> <span class='ocrx_word' id='word_1_387' title='bbox 1021 3396 1145 3452; x_wconf 86' lang='lat' dir='ltr'><strong>omnibus</strong></span> <span class='ocrx_word' id='word_1_388' title='bbox 1160 3385 1319 3452; x_wconf 81' lang='lat' dir='ltr'><strong>celebratam</strong></span> <span class='ocrx_word' id='word_1_389' title='bbox 1334 3398 1384 3452; x_wconf 89' lang='lat' dir='ltr'><strong>irae</strong></span> <span class='ocrx_word' id='word_1_390' title='bbox 1399 3399 1480 3452; x_wconf 89' lang='lat' dir='ltr'><strong>mani·</strong></span> 
     </span>
     <span class='ocr_line' id='line_1_37' title="bbox 226 3480 1479 3555; baseline 0 -16"><span class='ocrx_word' id='word_1_391' title='bbox 226 3485 301 3540; x_wconf 75' lang='lat' dir='ltr'><strong>iesu</strong></span> <span class='ocrx_word' id='word_1_392' title='bbox 314 3499 437 3538; x_wconf 79' lang='lat' dir='ltr'><strong>canonum</strong></span> <span class='ocrx_word' id='word_1_393' title='bbox 461 3482 606 3539; x_wconf 84' lang='lat' dir='ltr'><strong>violatione</strong></span> <span class='ocrx_word' id='word_1_394' title='bbox 620 3480 748 3537; x_wconf 84' lang='lat' dir='ltr'><strong>infuscari</strong></span> <span class='ocrx_word' id='word_1_395' title='bbox 762 3482 878 3537; x_wconf 88' lang='lat' dir='ltr'><strong>sineret:</strong></span> <span class='ocrx_word' id='word_1_396' title='bbox 894 3485 945 3555; x_wconf 86' lang='lat' dir='ltr'><strong>qui</strong></span> <span class='ocrx_word' id='word_1_397' title='bbox 958 3498 1078 3554; x_wconf 85' lang='lat' dir='ltr'><strong>semper,</strong></span> <span class='ocrx_word' id='word_1_398' title='bbox 1096 3483 1231 3555; x_wconf 87' lang='lat' dir='ltr'><strong>inquiunt,</strong></span> <span class='ocrx_word' id='word_1_399' title='bbox 1248 3485 1350 3538; x_wconf 91' lang='lat' dir='ltr'><strong>callem</strong></span> <span class='ocrx_word' id='word_1_400' title='bbox 1361 3486 1479 3539; x_wconf 88' lang='lat' dir='ltr'><strong>rectitu-</strong></span> 
     </span>
     <span class='ocr_line' id='line_1_38' title="bbox 223 3569 1481 3641; baseline -0.002 -16"><span class='ocrx_word' id='word_1_401' title='bbox 223 3571 304 3625; x_wconf 79' lang='lat' dir='ltr'><strong>dinis</strong></span> <span class='ocrx_word' id='word_1_402' title='bbox 322 3569 469 3624; x_wconf 86' lang='lat' dir='ltr'><strong>ambulasti</strong></span> <span class='ocrx_word' id='word_1_403' title='bbox 487 3584 543 3623; x_wconf 91' lang='lat' dir='ltr'><strong>non</strong></span> <span class='ocrx_word' id='word_1_404' title='bbox 564 3569 712 3631; x_wconf 79' lang='lat' dir='ltr'><strong>demando,</strong></span> <span class='ocrx_word' id='word_1_405' title='bbox 736 3583 793 3623; x_wconf 87' lang='lat' dir='ltr'><strong>non</strong></span> <span class='ocrx_word' id='word_1_406' title='bbox 813 3569 902 3636; x_wconf 85' lang='lat' dir='ltr'><strong>decet,</strong></span> <span class='ocrx_word' id='word_1_407' title='bbox 926 3574 956 3622; x_wconf 88' lang='lat' dir='ltr'><strong>ut</strong></span> <span class='ocrx_word' id='word_1_408' title='bbox 971 3584 1049 3623; x_wconf 79' lang='lat' dir='ltr'><strong>narnc</strong></span> <span class='ocrx_word' id='word_1_409' title='bbox 1063 3571 1146 3624; x_wconf 85' lang='lat' dir='ltr'><strong>istam</strong></span> <span class='ocrx_word' id='word_1_410' title='bbox 1162 3571 1244 3637; x_wconf 86' lang='lat' dir='ltr'><strong>aiam,</strong></span> <span class='ocrx_word' id='word_1_411' title='bbox 1266 3585 1352 3641; x_wconf 87' lang='lat' dir='ltr'><strong>quam</strong></span> <span class='ocrx_word' id='word_1_412' title='bbox 1367 3584 1481 3639; x_wconf 89' lang='lat' dir='ltr'><strong>semper</strong></span> 
     </span>
     <span class='ocr_line' id='line_1_39' title="bbox 221 3654 1480 3724; baseline -0.001 -15"><span class='ocrx_word' id='word_1_413' title='bbox 221 3657 347 3721; x_wconf 78' lang='lat' dir='ltr'><strong>renuisti,</strong></span> <span class='ocrx_word' id='word_1_414' title='bbox 362 3657 498 3722; x_wconf 87' lang='lat' dir='ltr'><strong>omittens,</strong></span> <span class='ocrx_word' id='word_1_415' title='bbox 521 3656 705 3724; x_wconf 88' lang='lat' dir='ltr'><strong>seminarium</strong></span> <span class='ocrx_word' id='word_1_416' title='bbox 720 3668 760 3708; x_wconf 82' lang='lat' dir='ltr'><strong>cx</strong></span> <span class='ocrx_word' id='word_1_417' title='bbox 775 3660 802 3707; x_wconf 92' lang='lat' dir='ltr'><strong>te</strong></span> <span class='ocrx_word' id='word_1_418' title='bbox 816 3660 909 3708; x_wconf 78' lang='lat' dir='ltr'><strong>scamni</strong></span> <span class='ocrx_word' id='word_1_419' title='bbox 925 3655 993 3708; x_wconf 88' lang='lat' dir='ltr'><strong>tulis</strong></span> <span class='ocrx_word' id='word_1_420' title='bbox 1007 3668 1100 3721; x_wconf 88' lang='lat' dir='ltr'><strong>error,</strong></span> <span class='ocrx_word' id='word_1_421' title='bbox 1127 3661 1156 3708; x_wconf 92' lang='lat' dir='ltr'><strong>ut</strong></span> <span class='ocrx_word' id='word_1_422' title='bbox 1177 3656 1253 3708; x_wconf 90' lang='lat' dir='ltr'><strong>alius</strong></span> <span class='ocrx_word' id='word_1_423' title='bbox 1267 3656 1296 3707; x_wconf 92' lang='lat' dir='ltr'><strong>in</strong></span> <span class='ocrx_word' id='word_1_424' title='bbox 1310 3654 1374 3708; x_wconf 89' lang='lat' dir='ltr'><strong>loeo</strong></span> <span class='ocrx_word' id='word_1_425' title='bbox 1390 3660 1437 3708; x_wconf 92' lang='lat' dir='ltr'><strong>tuo</strong></span> <span class='ocrx_word' id='word_1_426' title='bbox 1454 3661 1480 3708; x_wconf 91' lang='lat' dir='ltr'><strong>te</strong></span> 
     </span>
     <span class='ocr_line' id='line_1_40' title="bbox 222 3739 1478 3810; baseline -0.003 -14"><span class='ocrx_word' id='word_1_427' title='bbox 222 3744 335 3796; x_wconf 74' lang='lat' dir='ltr'><strong>rimie</strong></span> <span class='ocrx_word' id='word_1_428' title='bbox 348 3740 509 3799; x_wconf 77' lang='lat' dir='ltr'><strong>ordinetur,-</strong></span> <span class='ocrx_word' id='word_1_429' title='bbox 531 3741 599 3810; x_wconf 81' lang='lat' dir='ltr'><strong>puin</strong></span> <span class='ocrx_word' id='word_1_430' title='bbox 618 3740 645 3792; x_wconf 84' lang='lat' dir='ltr'><strong>si</strong></span> <span class='ocrx_word' id='word_1_431' title='bbox 664 3753 704 3793; x_wconf 82' lang='lat' dir='ltr'><strong>cx</strong></span> <span class='ocrx_word' id='word_1_432' title='bbox 719 3744 746 3792; x_wconf 90' lang='lat' dir='ltr'><strong>te</strong></span> <span class='ocrx_word' id='word_1_433' title='bbox 762 3740 828 3793; x_wconf 80' lang='lat' dir='ltr'><strong>tratis</strong></span> <span class='ocrx_word' id='word_1_434' title='bbox 843 3739 1017 3794; x_wconf 85' lang='lat' dir='ltr'><strong>carrsnetudo</strong></span> <span class='ocrx_word' id='word_1_435' title='bbox 1033 3741 1133 3809; x_wconf 87' lang='lat' dir='ltr'><strong>incipit</strong></span> <span class='ocrx_word' id='word_1_436' title='bbox 1147 3740 1324 3809; x_wconf 86' lang='lat' dir='ltr'><strong>perpetrari,</strong></span> <span class='ocrx_word' id='word_1_437' title='bbox 1341 3740 1369 3793; x_wconf 86' lang='lat' dir='ltr'><strong>in</strong></span> <span class='ocrx_word' id='word_1_438' title='bbox 1383 3745 1478 3808; x_wconf 87' lang='lat' dir='ltr'><strong>poste-</strong></span> 
     </span>
     <span class='ocr_line' id='line_1_41' title="bbox 221 3823 1479 3895; baseline -0.004 -14"><span class='ocrx_word' id='word_1_439' title='bbox 221 3843 290 3881; x_wconf 76' lang='lat' dir='ltr'><strong>rum</strong></span> <span class='ocrx_word' id='word_1_440' title='bbox 304 3826 394 3879; x_wconf 75' lang='lat' dir='ltr'><strong>cnidiis</strong></span> <span class='ocrx_word' id='word_1_441' title='bbox 408 3824 576 3880; x_wconf 83' lang='lat' dir='ltr'><strong>reverendis</strong></span> <span class='ocrx_word' id='word_1_442' title='bbox 591 3829 618 3878; x_wconf 91' lang='lat' dir='ltr'><strong>el</strong></span> <span class='ocrx_word' id='word_1_443' title='bbox 633 3823 713 3878; x_wconf 87' lang='lat' dir='ltr'><strong>bonis</strong></span> <span class='ocrx_word' id='word_1_444' title='bbox 728 3825 872 3894; x_wconf 88' lang='lat' dir='ltr'><strong>episcopis</strong></span> <span class='ocrx_word' id='word_1_445' title='bbox 887 3823 922 3877; x_wconf 88' lang='lat' dir='ltr'><strong>ab</strong></span> <span class='ocrx_word' id='word_1_446' title='bbox 943 3838 1041 3879; x_wconf 90' lang='lat' dir='ltr'><strong>earum</strong></span> <span class='ocrx_word' id='word_1_447' title='bbox 1064 3823 1215 3895; x_wconf 88' lang='lat' dir='ltr'><strong>nepotibus</strong></span> <span class='ocrx_word' id='word_1_448' title='bbox 1234 3829 1262 3877; x_wconf 89' lang='lat' dir='ltr'><strong>et</strong></span> <span class='ocrx_word' id='word_1_449' title='bbox 1278 3824 1393 3878; x_wconf 80' lang='lat' dir='ltr'><strong>clericis</strong></span> <span class='ocrx_word' id='word_1_450' title='bbox 1408 3825 1479 3878; x_wconf 87' lang='lat' dir='ltr'><strong>talia</strong></span> 
     </span>
     <span class='ocr_line' id='line_1_42' title="bbox 216 3905 1480 3967; baseline -0.002 -2"><span class='ocrx_word' id='word_1_451' title='bbox 216 3909 449 3967; x_wconf 78' lang='lat' dir='ltr'><strong>desiderantibus</strong></span> <span class='ocrx_word' id='word_1_452' title='bbox 468 3906 557 3963; x_wconf 84' lang='lat' dir='ltr'><strong>multa</strong></span> <span class='ocrx_word' id='word_1_453' title='bbox 579 3915 771 3964; x_wconf 89' lang='lat' dir='ltr'><strong>concrescunt</strong></span> <span class='ocrx_word' id='word_1_454' title='bbox 792 3909 926 3964; x_wconf 82' lang='lat' dir='ltr'><strong>aduersa.</strong></span> <span class='ocrx_word' id='word_1_455' title='bbox 964 3907 1027 3962; x_wconf 83' lang='lat' dir='ltr'><strong>Tam</strong></span> <span class='ocrx_word' id='word_1_456' title='bbox 1048 3906 1147 3962; x_wconf 88' lang='lat' dir='ltr'><strong>salubri</strong></span> <span class='ocrx_word' id='word_1_457' title='bbox 1170 3907 1282 3962; x_wconf 83' lang='lat' dir='ltr'><strong>cornilio</strong></span> <span class='ocrx_word' id='word_1_458' title='bbox 1304 3906 1380 3962; x_wconf 89' lang='lat' dir='ltr'><strong>lacile</strong></span> <span class='ocrx_word' id='word_1_459' title='bbox 1403 3905 1480 3962; x_wconf 87' lang='lat' dir='ltr'><strong>obse-</strong></span> 
     </span>
     <span class='ocr_line' id='line_1_43' title="bbox 216 3991 1479 4066; baseline -0.002 -16"><span class='ocrx_word' id='word_1_460' title='bbox 216 4003 303 4050; x_wconf 75' lang='lat' dir='ltr'><strong>mans</strong></span> <span class='ocrx_word' id='word_1_461' title='bbox 318 4003 359 4049; x_wconf 85' lang='lat' dir='ltr'><strong>est</strong></span> <span class='ocrx_word' id='word_1_462' title='bbox 373 3993 518 4053; x_wconf 79' lang='lat' dir='ltr'><strong>Udalricus,</strong></span> <span class='ocrx_word' id='word_1_463' title='bbox 539 3993 630 4066; x_wconf 81' lang='lat' dir='ltr'><strong>pergit</strong></span> <span class='ocrx_word' id='word_1_464' title='bbox 645 4001 739 4048; x_wconf 90' lang='lat' dir='ltr'><strong>auctor</strong></span> <span class='ocrx_word' id='word_1_465' title='bbox 754 3994 859 4054; x_wconf 88' lang='lat' dir='ltr'><strong>citatus.</strong></span> <span class='ocrx_word' id='word_1_466' title='bbox 876 3992 923 4047; x_wconf 80' lang='lat' dir='ltr'><strong>scal</strong></span> <span class='ocrx_word' id='word_1_467' title='bbox 940 3991 1012 4048; x_wconf 82' lang='lat' dir='ltr'><strong>brevi</strong></span> <span class='ocrx_word' id='word_1_468' title='bbox 1028 3991 1108 4062; x_wconf 76' lang='lat' dir='ltr'><strong>liujus</strong></span> <span class='ocrx_word' id='word_1_469' title='bbox 1124 4009 1209 4047; x_wconf 82' lang='lat' dir='ltr'><strong>nouae</strong></span> <span class='ocrx_word' id='word_1_470' title='bbox 1224 4009 1339 4065; x_wconf 91' lang='lat' dir='ltr'><strong>poenam</strong></span> <span class='ocrx_word' id='word_1_471' title='bbox 1355 3992 1479 4056; x_wconf 79' lang='lat' dir='ltr'><strong>exsolvit,</strong></span> 
     </span>
     <span class='ocr_line' id='line_1_44' title="bbox 217 4075 1480 4151; baseline -0.002 -16"><span class='ocrx_word' id='word_1_472' title='bbox 217 4078 311 4135; x_wconf 66' lang='lat' dir='ltr'><strong>subita</strong></span> <span class='ocrx_word' id='word_1_473' title='bbox 328 4088 411 4134; x_wconf 72' lang='lat' dir='ltr'><strong>murrae</strong></span> <span class='ocrx_word' id='word_1_474' title='bbox 426 4086 521 4151; x_wconf 88' lang='lat' dir='ltr'><strong>erepto</strong></span> <span class='ocrx_word' id='word_1_475' title='bbox 538 4077 714 4134; x_wconf 89' lang='lat' dir='ltr'><strong>adalberone.</strong></span> <span class='ocrx_word' id='word_1_476' title='bbox 747 4077 820 4133; x_wconf 79' lang='lat' dir='ltr'><strong>iirrdc</strong></span> <span class='ocrx_word' id='word_1_477' title='bbox 836 4086 957 4132; x_wconf 86' lang='lat' dir='ltr'><strong>moestus</strong></span> <span class='ocrx_word' id='word_1_478' title='bbox 973 4094 1064 4139; x_wconf 82' lang='lat' dir='ltr'><strong>senex,</strong></span> <span class='ocrx_word' id='word_1_479' title='bbox 1080 4079 1144 4147; x_wconf 78' lang='lat' dir='ltr'><strong>laeua,</strong></span> <span class='ocrx_word' id='word_1_480' title='bbox 1161 4079 1225 4146; x_wconf 81' lang='lat' dir='ltr'><strong>beu,</strong></span> <span class='ocrx_word' id='word_1_481' title='bbox 1242 4075 1338 4146; x_wconf 89' lang='lat' dir='ltr'><strong>ajebat,</strong></span> <span class='ocrx_word' id='word_1_482' title='bbox 1356 4078 1430 4150; x_wconf 87' lang='lat' dir='ltr'><strong>qnasi</strong></span> <span class='ocrx_word' id='word_1_483' title='bbox 1447 4077 1480 4132; x_wconf 92' lang='lat' dir='ltr'><strong>de</strong></span> 
     </span>
     <span class='ocr_line' id='line_1_45' title="bbox 215 4163 1480 4241; baseline -0.004 -19"><span class='ocrx_word' id='word_1_484' title='bbox 215 4167 297 4241; x_wconf 73' lang='lat' dir='ltr'><strong>gnra</strong></span> <span class='ocrx_word' id='word_1_485' title='bbox 318 4180 411 4219; x_wconf 86' lang='lat' dir='ltr'><strong>somno</strong></span> <span class='ocrx_word' id='word_1_486' title='bbox 436 4163 650 4236; x_wconf 78' lang='lat' dir='ltr'><strong>expergefactus.</strong></span> <span class='ocrx_word' id='word_1_487' title='bbox 673 4165 750 4236; x_wconf 80' lang='lat' dir='ltr'><strong>quoti</strong></span> <span class='ocrx_word' id='word_1_488' title='bbox 762 4166 841 4218; x_wconf 88' lang='lat' dir='ltr'><strong>iilum</strong></span> <span class='ocrx_word' id='word_1_489' title='bbox 856 4170 986 4235; x_wconf 90' lang='lat' dir='ltr'><strong>nepotem</strong></span> <span class='ocrx_word' id='word_1_490' title='bbox 1001 4179 1092 4218; x_wconf 90' lang='lat' dir='ltr'><strong>meum</strong></span> <span class='ocrx_word' id='word_1_491' title='bbox 1107 4164 1315 4219; x_wconf 81' lang='lat' dir='ltr'><strong>adalberonem</strong></span> <span class='ocrx_word' id='word_1_492' title='bbox 1331 4181 1480 4235; x_wconf 83' lang='lat' dir='ltr'><strong>nunquam</strong></span> 
     </span>
     <span class='ocr_line' id='line_1_46' title="bbox 216 4248 1479 4323; baseline -0.003 -16"><span class='ocrx_word' id='word_1_493' title='bbox 216 4253 285 4319; x_wconf 54' lang='lat' dir='ltr'><strong>aaa</strong></span> <span class='ocrx_word' id='word_1_494' title='bbox 302 4253 370 4323; x_wconf 81' lang='lat' dir='ltr'><strong>quie</strong></span> <span class='ocrx_word' id='word_1_495' title='bbox 382 4267 439 4320; x_wconf 87' lang='lat' dir='ltr'><strong>pra</strong></span> <span class='ocrx_word' id='word_1_496' title='bbox 459 4265 501 4316; x_wconf 91' lang='lat' dir='ltr'><strong>eo,</strong></span> <span class='ocrx_word' id='word_1_497' title='bbox 523 4249 601 4321; x_wconf 80' lang='lat' dir='ltr'><strong>quod</strong></span> <span class='ocrx_word' id='word_1_498' title='bbox 620 4251 647 4304; x_wconf 86' lang='lat' dir='ltr'><strong>ei</strong></span> <span class='ocrx_word' id='word_1_499' title='bbox 665 4250 821 4304; x_wconf 86' lang='lat' dir='ltr'><strong>secundum</strong></span> <span class='ocrx_word' id='word_1_500' title='bbox 841 4264 924 4304; x_wconf 87' lang='lat' dir='ltr'><strong>suum</strong></span> <span class='ocrx_word' id='word_1_501' title='bbox 944 4250 1115 4304; x_wconf 82' lang='lat' dir='ltr'><strong>desiderium</strong></span> <span class='ocrx_word' id='word_1_502' title='bbox 1137 4248 1358 4308; x_wconf 83' lang='lat' dir='ltr'><strong>consentiebam,</strong></span> <span class='ocrx_word' id='word_1_503' title='bbox 1380 4250 1479 4304; x_wconf 88' lang='lat' dir='ltr'><strong>nolunt</strong></span> 
     </span>
     <span class='ocr_line' id='line_1_47' title="bbox 214 4332 1479 4406; baseline -0.007 -13"><span class='ocrx_word' id='word_1_504' title='bbox 214 4352 264 4393; x_wconf 70' lang='lat' dir='ltr'><strong>ne</strong></span> <span class='ocrx_word' id='word_1_505' title='bbox 277 4339 309 4390; x_wconf 83' lang='lat' dir='ltr'><strong>in</strong></span> <span class='ocrx_word' id='word_1_506' title='bbox 325 4350 404 4390; x_wconf 82' lang='lat' dir='ltr'><strong>raum</strong></span> <span class='ocrx_word' id='word_1_507' title='bbox 420 4337 552 4404; x_wconf 86' lang='lat' dir='ltr'><strong>recipere</strong></span> <span class='ocrx_word' id='word_1_508' title='bbox 568 4337 759 4390; x_wconf 79' lang='lat' dir='ltr'><strong>consortium!</strong></span> <span class='ocrx_word' id='word_1_509' title='bbox 786 4333 872 4388; x_wconf 90' lang='lat' dir='ltr'><strong>Porro</strong></span> <span class='ocrx_word' id='word_1_510' title='bbox 892 4334 913 4388; x_wconf 85' lang='lat' dir='ltr'><strong>is</strong></span> <span class='ocrx_word' id='word_1_511' title='bbox 930 4332 1062 4388; x_wconf 72' lang='lat' dir='ltr'><strong>adalbero</strong></span> <span class='ocrx_word' id='word_1_512' title='bbox 1082 4332 1181 4389; x_wconf 91' lang='lat' dir='ltr'><strong>ibidem</strong></span> <span class='ocrx_word' id='word_1_513' title='bbox 1203 4332 1372 4406; x_wconf 88' lang='lat' dir='ltr'><strong>praedicatur</strong></span> <span class='ocrx_word' id='word_1_514' title='bbox 1387 4333 1479 4387; x_wconf 74' lang='lat' dir='ltr'><strong>astruitis</strong></span> 
     </span>
     <span class='ocr_line' id='line_1_48' title="bbox 212 4416 1479 4494; baseline -0.006 -16"><span class='ocrx_word' id='word_1_515' title='bbox 212 4419 382 4494; x_wconf 65' lang='lat' dir='ltr'><strong>aegregiis</strong></span> <span class='ocrx_word' id='word_1_516' title='bbox 402 4427 513 4473; x_wconf 86' lang='lat' dir='ltr'><strong>ornatus</strong></span> <span class='ocrx_word' id='word_1_517' title='bbox 534 4416 642 4473; x_wconf 87' lang='lat' dir='ltr'><strong>dotibus</strong></span> <span class='ocrx_word' id='word_1_518' title='bbox 664 4418 756 4480; x_wconf 81' lang='lat' dir='ltr'><strong>luisse.</strong></span> <span class='ocrx_word' id='word_1_519' title='bbox 784 4419 823 4473; x_wconf 92' lang='lat' dir='ltr'><strong>uti</strong></span> <span class='ocrx_word' id='word_1_520' title='bbox 844 4425 870 4472; x_wconf 91' lang='lat' dir='ltr'><strong>et</strong></span> <span class='ocrx_word' id='word_1_521' title='bbox 886 4416 1018 4479; x_wconf 87' lang='lat' dir='ltr'><strong>irenaeus.</strong></span> <span class='ocrx_word' id='word_1_522' title='bbox 1041 4434 1120 4491; x_wconf 88' lang='lat' dir='ltr'><strong>quum</strong></span> <span class='ocrx_word' id='word_1_523' title='bbox 1137 4418 1246 4492; x_wconf 88' lang='lat' dir='ltr'><strong>Hispani</strong></span> <span class='ocrx_word' id='word_1_524' title='bbox 1267 4417 1301 4472; x_wconf 95' lang='lat' dir='ltr'><strong>ob</strong></span> <span class='ocrx_word' id='word_1_525' title='bbox 1322 4418 1415 4472; x_wconf 77' lang='lat' dir='ltr'><strong>menta</strong></span> <span class='ocrx_word' id='word_1_526' title='bbox 1431 4433 1479 4470; x_wconf 89' lang='lat' dir='ltr'><strong>sua</strong></span> 
     </span>
     <span class='ocr_line' id='line_1_49' title="bbox 211 4501 1479 4576; baseline -0.006 -13"><span class='ocrx_word' id='word_1_527' title='bbox 211 4501 449 4563; x_wconf 71' lang='lat' dir='ltr'><strong>cmmcardahant.</strong></span> <span class='ocrx_word' id='word_1_528' title='bbox 481 4502 584 4569; x_wconf 78' lang='lat' dir='ltr'><strong>Quanta</strong></span> <span class='ocrx_word' id='word_1_529' title='bbox 599 4503 683 4576; x_wconf 83' lang='lat' dir='ltr'><strong>igilur</strong></span> <span class='ocrx_word' id='word_1_530' title='bbox 697 4504 715 4558; x_wconf 91' lang='lat' dir='ltr'><strong>ii</strong></span> <span class='ocrx_word' id='word_1_531' title='bbox 731 4502 889 4576; x_wconf 90' lang='lat' dir='ltr'><strong>impendunt</strong></span> <span class='ocrx_word' id='word_1_532' title='bbox 904 4503 982 4565; x_wconf 89' lang='lat' dir='ltr'><strong>mala,</strong></span> <span class='ocrx_word' id='word_1_533' title='bbox 999 4504 1045 4576; x_wconf 89' lang='lat' dir='ltr'><strong>qui</strong></span> <span class='ocrx_word' id='word_1_534' title='bbox 1061 4503 1121 4559; x_wconf 89' lang='lat' dir='ltr'><strong>solo</strong></span> <span class='ocrx_word' id='word_1_535' title='bbox 1137 4504 1224 4559; x_wconf 88' lang='lat' dir='ltr'><strong>carnis</strong></span> <span class='ocrx_word' id='word_1_536' title='bbox 1242 4503 1337 4558; x_wconf 83' lang='lat' dir='ltr'><strong>allecta</strong></span> <span class='ocrx_word' id='word_1_537' title='bbox 1353 4519 1407 4557; x_wconf 91' lang='lat' dir='ltr'><strong>nou</strong></span> <span class='ocrx_word' id='word_1_538' title='bbox 1423 4518 1479 4556; x_wconf 82' lang='lat' dir='ltr'><strong>arro·</strong></span> 
     </span>
     <span class='ocr_line' id='line_1_50' title="bbox 211 4586 1479 4662; baseline -0.007 -14"><span class='ocrx_word' id='word_1_539' title='bbox 211 4609 277 4648; x_wconf 83' lang='lat' dir='ltr'><strong>rum</strong></span> <span class='ocrx_word' id='word_1_540' title='bbox 294 4590 435 4644; x_wconf 70' lang='lat' dir='ltr'><strong>bonmtale</strong></span> <span class='ocrx_word' id='word_1_541' title='bbox 446 4597 491 4642; x_wconf 90' lang='lat' dir='ltr'><strong>aut</strong></span> <span class='ocrx_word' id='word_1_542' title='bbox 502 4589 631 4643; x_wconf 88' lang='lat' dir='ltr'><strong>virtutum</strong></span> <span class='ocrx_word' id='word_1_543' title='bbox 643 4589 833 4662; x_wconf 80' lang='lat' dir='ltr'><strong>experimentis</strong></span> <span class='ocrx_word' id='word_1_544' title='bbox 845 4587 948 4642; x_wconf 90' lang='lat' dir='ltr'><strong>inducti</strong></span> <span class='ocrx_word' id='word_1_545' title='bbox 958 4586 1087 4643; x_wconf 88' lang='lat' dir='ltr'><strong>beneticia</strong></span> <span class='ocrx_word' id='word_1_546' title='bbox 1102 4588 1282 4644; x_wconf 84' lang='lat' dir='ltr'><strong>ecclesiastica</strong></span> <span class='ocrx_word' id='word_1_547' title='bbox 1294 4594 1321 4642; x_wconf 90' lang='lat' dir='ltr'><strong>et</strong></span> <span class='ocrx_word' id='word_1_548' title='bbox 1333 4588 1479 4642; x_wconf 89' lang='lat' dir='ltr'><strong>animarum</strong></span> 
     </span>
     <span class='ocr_line' id='line_1_51' title="bbox 209 4661 1478 4747; baseline -0.006 -16"><span class='ocrx_word' id='word_1_549' title='bbox 209 4693 310 4733; x_wconf 76' lang='lat' dir='ltr'><strong>eneam</strong></span> <span class='ocrx_word' id='word_1_550' title='bbox 325 4683 356 4728; x_wconf 92' lang='lat' dir='ltr'><strong>ut</strong></span> <span class='ocrx_word' id='word_1_551' title='bbox 372 4672 562 4728; x_wconf 83' lang='lat' dir='ltr'><strong>haereditatem</strong></span> <span class='ocrx_word' id='word_1_552' title='bbox 582 4675 717 4746; x_wconf 89' lang='lat' dir='ltr'><strong>propriam</strong></span> <span class='ocrx_word' id='word_1_553' title='bbox 740 4672 895 4747; x_wconf 88' lang='lat' dir='ltr'><strong>dispensant</strong></span> <span class='ocrx_word' id='word_1_554' title='bbox 916 4689 945 4727; x_wconf 90' lang='lat' dir='ltr'><strong>ac</strong></span> <span class='ocrx_word' id='word_1_555' title='bbox 960 4689 1040 4745; x_wconf 89' lang='lat' dir='ltr'><strong>saepe</strong></span> <span class='ocrx_word' id='word_1_556' title='bbox 1056 4672 1172 4746; x_wconf 79' lang='lat' dir='ltr'><strong>indignis</strong></span> <span class='ocrx_word' id='word_1_557' title='bbox 1188 4672 1370 4746; x_wconf 82' lang='lat' dir='ltr'><strong>prostituunt!</strong></span> <span class='ocrx_word' id='word_1_558' title='bbox 1401 4661 1478 4738; x_wconf 81' lang='lat' dir='ltr'><strong>Quod</strong></span> 
     </span>
     <span class='ocr_line' id='line_1_52' title="bbox 211 4756 1478 4831; baseline -0.004 -16"><span class='ocrx_word' id='word_1_559' title='bbox 211 4765 311 4818; x_wconf 69' lang='lat' dir='ltr'><strong>»issam</strong></span> <span class='ocrx_word' id='word_1_560' title='bbox 328 4775 363 4813; x_wconf 91' lang='lat' dir='ltr'><strong>ne</strong></span> <span class='ocrx_word' id='word_1_561' title='bbox 379 4759 403 4813; x_wconf 91' lang='lat' dir='ltr'><strong>iu</strong></span> <span class='ocrx_word' id='word_1_562' title='bbox 425 4758 563 4814; x_wconf 85' lang='lat' dir='ltr'><strong>ecclesiam</strong></span> <span class='ocrx_word' id='word_1_563' title='bbox 585 4766 716 4831; x_wconf 88' lang='lat' dir='ltr'><strong>serperet,</strong></span> <span class='ocrx_word' id='word_1_564' title='bbox 740 4758 845 4813; x_wconf 89' lang='lat' dir='ltr'><strong>llllarus</strong></span> <span class='ocrx_word' id='word_1_565' title='bbox 866 4774 915 4831; x_wconf 93' lang='lat' dir='ltr'><strong>pro</strong></span> <span class='ocrx_word' id='word_1_566' title='bbox 932 4757 999 4812; x_wconf 80' lang='lat' dir='ltr'><strong>uirili</strong></span> <span class='ocrx_word' id='word_1_567' title='bbox 1016 4759 1097 4818; x_wconf 79' lang='lat' dir='ltr'><strong>cauit:</strong></span> <span class='ocrx_word' id='word_1_568' title='bbox 1119 4767 1146 4814; x_wconf 94' lang='lat' dir='ltr'><strong>et</strong></span> <span class='ocrx_word' id='word_1_569' title='bbox 1167 4757 1246 4813; x_wconf 91' lang='lat' dir='ltr'><strong>lldem</strong></span> <span class='ocrx_word' id='word_1_570' title='bbox 1267 4756 1347 4811; x_wconf 85' lang='lat' dir='ltr'><strong>faciet</strong></span> <span class='ocrx_word' id='word_1_571' title='bbox 1361 4773 1478 4829; x_wconf 90' lang='lat' dir='ltr'><strong>sequens</strong></span> 
     </span>
     <span class='ocr_line' id='line_1_53' title="bbox 207 4841 1120 4917; baseline -0.007 -13"><span class='ocrx_word' id='word_1_572' title='bbox 207 4848 366 4904; x_wconf 79' lang='lat' dir='ltr'><strong>decretum.</strong></span> <span class='ocrx_word' id='word_1_573' title='bbox 383 4859 431 4916; x_wconf 90' lang='lat' dir='ltr'><strong>per</strong></span> <span class='ocrx_word' id='word_1_574' title='bbox 445 4860 506 4898; x_wconf 92' lang='lat' dir='ltr'><strong>eum</strong></span> <span class='ocrx_word' id='word_1_575' title='bbox 522 4860 576 4898; x_wconf 91' lang='lat' dir='ltr'><strong>uon</strong></span> <span class='ocrx_word' id='word_1_576' title='bbox 592 4844 710 4905; x_wconf 86' lang='lat' dir='ltr'><strong>stetisse,</strong></span> <span class='ocrx_word' id='word_1_577' title='bbox 727 4844 791 4917; x_wconf 88' lang='lat' dir='ltr'><strong>quin</strong></span> <span class='ocrx_word' id='word_1_578' title='bbox 807 4841 934 4898; x_wconf 85' lang='lat' dir='ltr'><strong>radicitus</strong></span> <span class='ocrx_word' id='word_1_579' title='bbox 950 4842 1120 4899; x_wconf 79' lang='lat' dir='ltr'><strong>evelleretur.</strong></span> 
     </span>
    </p>
   </div>
   <div class='ocr_carea' id='block_1_5' title="bbox 0 0 1710 5664">
    <p class='ocr_par' dir='ltr' id='par_1_5' title="bbox 0 0 1710 5664">
     <span class='ocr_line' id='line_1_54' title="bbox 0 0 1710 5664; baseline 0 5"><span class='ocrx_word' id='word_1_580' title='bbox 0 0 1710 5664; x_wconf 95' lang='lat' dir='ltr'><strong> </strong></span> 
     </span>
    </p>
   </div>
  </div>
 </body>
</html>
