3450 5678
349 355 411 418 532
824 371 851 417 s.
870 368 1009 416 ‹reransn
1034 367 1147 414 ruens

349 525 435 606 burn,
460 525 494 586 in
517 527 607 587 utero
630 523 741 586 matris
765 522 910 606 Virginis
933 544 1079 606 operarie,
1105 544 1141 583 ex
1166 520 1276 584 eadem
1299 525 1467 605 susceptae
1489 519 1617 584 sibimet

349 627 486 691 tuendae
509 626 707 689 substantiae
730 623 957 688 foecunditatis
980 623 1065 687 illius
1089 623 1244 686 excitasse
1268 621 1504 707 conceptuml).

435 729 464 791 3.
510 726 623 808 Quum,
649 727 790 811 inquam,
814 724 893 789 haec
917 725 955 788 de
979 724 1109 789 Domini
1131 726 1232 789 nostri
1258 724 1479 809 conceptione,
1504 726 1620 808 quaet»

351 829 425 892 licet
446 829 631 893 nullatenus
653 828 759 890 valent
782 827 944 910 explicari,
968 827 1020 910 pio
1042 830 1151 891 tamen
1171 811 1231 890 hae
1247 826 1445 910 professione
1462 825 1620 890 credenda

350 930 401 1012 sit,
426 930 621 1013 Eutychiani
645 931 766 1011 dicunt,
791 951 887 991 unam
910 951 978 992 esse
1000 932 1161 1011 naturam,
1185 928 1217 991 id
1240 932 1289 992 est
1311 927 1464 1011 divinam,
1496 950 1536 991 ac
1559 926 1621 991 Ne-

348 1032 464 1094 storius
486 1032 695 1095 nihilomiuus
718 1034 873 1095 memorat
896 1031 1104 1115 singularem,
1129 1031 1160 1093 id
1183 1036 1233 1095 est
1247 1030 1439 1094 humanam:
1463 1030 1491 1093 si
1508 1034 1623 1093 eontra

348 1133 568 1216 Eutychianos
591 1135 671 1198 clusae
695 1158 712 1196 a
736 1134 827 1197 nobis
856 1133 1044 1197 asserendae
1074 1136 1159 1213 sinit,
1189 1133 1265 1216 quia
1287 1154 1385 1195 unam
1413 1132 1622 1216 depromunt,

348 1257 544 1319 consequens
574 1240 638 1317 est,
673 1240 709 1299 ut
743 1236 840 1298 etiam
871 1238 982 1298 contra
1011 1235 1194 1299 Nestorium
1225 1257 1324 1297 unam
1357 1234 1520 1297 dicentem
1555 1255 1624 1296 non

346 1358 454 1419 unam,
479 1339 534 1400 sed
557 1339 635 1401 eluas
657 1338 763 1421 potius
787 1338 827 1400 ab
850 1337 978 1400 exordio
1002 1337 1049 1400 sui
1072 1337 1180 1400 unitas
1203 1337 1363 1401 exstitisse
1385 1335 1497 1419 procul
1524 1334 1626 1400 dubio

346 1439 580 1520 praedicemus:
609 1443 720 1503 eontra
746 1438 934 1522 Eutychen,
965 1439 1018 1522 qni
1042 1461 1156 1521 unam,
1191 1438 1222 1501 id
1256 1443 1305 1501 est
1333 1438 1433 1501 solam
1463 1437 1625 1507 (livinum.

347 1544 481 1603 conatur
504 1563 654 1622 asserere,
678 1540 852 1604 humanam
878 1544 1096 1625 competenter
1118 1539 1281 1622 addentes,
1306 1544 1342 1602 ut
1364 1540 1454 1619 duas,
1487 1561 1529 1602 ex
1553 1541 1628 1623 qui·

346 1640 403 1703 bus
419 1641 498 1705 illud
514 1647 750 1706 sacramentum
766 1642 930 1726 singulare
947 1646 1083 1723 constat,
1106 1641 1170 1705 illic
1184 1663 1370 1724 permanere
1387 1643 1627 1722 monstremus,

347 1748 459 1806 eontra
480 1742 664 1807 Nestorium
687 1766 771 1824 vero,
796 1744 848 1827 qui
873 1743 1019 1807 similiter
1041 1766 1138 1807 unani
1167 1743 1260 1824 dicit,
1291 1743 1323 1806 id
1351 1747 1400 1806 est
1428 1741 1626 1825 humanam,

346 1844 487 1908 divinam
514 1845 722 1908 nihilominus
751 1846 979 1929 subrogantes:
1013 1849 1049 1908 ut
1077 1848 1147 1930 pari
1176 1845 1269 1909 modo
1298 1844 1376 1908 duas
1406 1848 1523 1908 contra
1552 1846 1628 1928 ejus

346 1949 475 2031 unuml)
500 1948 535 2010 in
557 1947 653 2030 hujus
675 1948 818 2031 mysterii
841 1947 1041 2031 plenitudine
1070 1946 1328 2032 primordialibus
1356 1968 1432 2010 suae
1459 1947 1628 2012 unitionis

345 2047 509 2112 effectibus
532 2049 691 2112 exstitisse
714 2050 818 2112 veraci
840 2049 986 2112 linitione
1001 2052 1178 2131 teneamus,
1202 2050 1297 2132 atque
1320 2051 1469 2132 utrosque
1492 2048 1629 2114 diverso

345 2150 438 2213 modo
465 2157 604 2228 stapulas
632 2151 828 2234 garrienteS,
858 2173 924 2213 non
952 2172 1060 2213 eorum
1089 2172 1280 2235 quemquam
1313 2150 1352 2214 de
1381 2171 1446 2214 una
1473 2155 1628 2216 tantum·

344 2251 447 2333 modo,
472 2251 526 2315 sed
549 2251 658 2315 ambos
682 2253 720 2315 de
743 2251 876 2314 duarum
891 2255 1090 2335 naturarum,
1116 2252 1273 2316 humanae
1288 2252 1412 2316 scilieet
1427 2256 1459 2316 et
1474 2251 1627 2333 divinae,

345 2352 434 2415 asui
462 2353 621 2437 principio
648 2354 717 2417 sine
751 2354 939 2417 confusione
972 2354 1114 2438 qualibet
1142 2357 1237 2438 atque
1267 2354 1393 2417 defectu
1422 2352 1519 2417 unita
1547 2376 1627 2438 pro

344 2452 480 2536 prietate
503 2459 711 2538 permanente
734 2456 909 2520 vincamus.

428 2557 458 2619 4.
493 2556 644 2631 Quamvis
667 2558 752 2621 eninr
776 2581 858 2621 unus
882 2562 977 2642 atque
1000 2558 1082 2621 idern
1107 2558 1148 2621 sit
1163 2558 1320 2622 Dominus
1342 2557 1437 2636 iesus
1452 2557 1625 2643 Christus,

344 2660 376 2720 et
397 2663 484 2721 totus
510 2658 593 2721 lleus
616 2659 711 2723 horno
739 2664 771 2722 et
798 2662 885 2722 totus
913 2659 1006 2722 horno
1029 2658 1126 2735 Deua,
1156 2663 1188 2723 et
1210 2660 1361 2745 quicquid
1389 2664 1438 2724 est
1465 2660 1625 2728 humani-

342 2760 430 2840 tatis,
454 2759 540 2823 lleus
563 2760 656 2823 horno
679 2784 771 2824 suurn
793 2762 903 2843 faeiat,
934 2765 965 2824 et
987 2762 1137 2845 quiequid
1165 2765 1214 2825 est
1236 2761 1306 2844 Dei,
1331 2761 1424 2826 horno
1446 2760 1540 2827 Deus
1563 2763 1625 2828 hn-

344 2862 411 2924 bet:
445 2866 554 2924 tamen
583 2865 619 2924 ut
641 2861 700 2924 hoc
728 2869 917 2945 permaneat
952 2867 1188 2927 sacramentum
1217 2886 1281 2928 nee
1309 2865 1411 2947 possit
1438 2886 1478 2927 ex
1508 2864 1626 2951 aliqua

343 2968 433 3046 parte
456 2963 595 3044 dissolvi,
619 2964 664 3027 sie
688 2969 774 3027 totus
797 2964 890 3029 horno
913 2968 1082 3048 permanet
1104 2986 1172 3028 esse
1194 2965 1278 3048 quod
1295 2964 1382 3029 Deus
1405 2967 1464 3047 est,
1490 2969 1624 3039 totus⁷)

409 3220 429 3284 ⁴)
449 3217 533 3270 Forte
552 3224 670 3271 ianitorem
689 3218 733 3271 vel
751 3225 895 3280 arvernensem,
920 3236 1005 3288 quam
1024 3221 1224 3290 conjecturam,
1243 3237 1314 3289 quae
1333 3219 1384 3273 sub
1403 3220 1488 3274 finem
1507 3224 1624 3279 numeri

341 3308 354 3355 7
374 3302 470 3356 lecturi
489 3320 594 3367 sumus,
616 3303 774 3356 firmabunt.
795 3303 876 3357 Certe
896 3304 1042 3358 obscurum
1061 3307 1189 3370 nonest,
1212 3305 1265 3358 hoo
1283 3304 1321 3357 ibi
1340 3303 1484 3359 Gelasium
1504 3306 1622 3371 docere,

340 3387 414 3452 quod
434 3389 488 3440 lieo
507 3387 585 3456 epist.
605 3394 637 3439 28
656 3405 715 3456 cup.
731 3396 758 3440 2:
784 3394 944 3455 Aedificante
966 3394 1015 3442 sibi
1027 3395 1161 3458 Supienu'a
1183 3396 1278 3443 doraum
1301 3393 1409 3442 Ver-bam
1428 3410 1493 3445 curo
1516 3398 1621 3459 saecun

340 3484 390 3528 est.-
409 3473 483 3538 quod
502 3472 686 3539 Hieronymus
705 3471 829 3540 epistol
849 3473 981 3526 adversus
999 3491 1108 3528 errores
1120 3473 1254 3528 iohannis
1267 3474 1405 3527 llierosel:
1434 3479 1501 3544 lpse
1513 3490 1555 3531 eae
1569 3482 1623 3533 Der·

340 3562 418 3607 uirtus
437 3570 462 3608 el
482 3563 530 3609 Dei
547 3565 687 3625 snpientia,
707 3565 750 3626 qni
767 3564 791 3609 in
810 3568 883 3610 alem
906 3564 1019 3625 l'irpr‘nts
1037 3565 1180 3625 reedificavit
1197 3563 1246 3611 sibi
1262 3564 1372 3617 clumam:
1393 3558 1470 3627 quod
1489 3559 1620 3617 Hilarius

338 3640 367 3692 in
384 3640 482 3709 pedm.
504 3650 552 3695 138
569 3660 595 3695 n.
613 3649 655 3696 15:
687 3646 721 3694 Et
740 3648 836 3704 treacle,
856 3664 889 3694 an
908 3650 976 3711 qual
990 3648 1117 3709 fnroaeatas
1136 3650 1160 3696 in
1178 3647 1349 3709 serrassent
1365 3655 1416 3706 est,
1436 3650 1539 3711 referri
1554 3668 1618 3716 pos-

338 3732 371 3777 sit
390 3732 425 3777 nd
444 3732 556 3788 I’nnrrn,
576 3739 601 3778 at
619 3732 744 3793 forraturas
762 3731 793 3778 ab
812 3733 868 3794 ipso
886 3733 931 3783 sil:
956 3733 1090 3796 Sapientia
1108 3734 1172 3780 earm
1190 3733 1248 3796 ipsa
1266 3734 1409 3794 ‘reducant
1426 3732 1479 3783 siet
1501 3738 1620 3790 domn,-

339 3811 468 3878 quodque
481 3812 526 3864 alii
545 3815 640 3880 patres
659 3812 780 3876 tradunt,
800 3812 847 3878 qui
865 3812 951 3865 verba
969 3812 1061 3880 angeli
1079 3816 1131 3875 „Et
1144 3817 1358 3866 oirlasAla‘sn'mr'
1373 3817 1535 3870 obumbrabat
1552 3823 1621 3871 Μ’*

338 3895 372 3949 de
395 3897 556 3965 operatione
575 3897 661 3950 Verbi
679 3913 779 3967 corpus
802 3897 853 3951 sibi
875 3915 890 3951 e
908 3897 1031 3965 Virginis
1054 3897 1210 3951 substantia
1231 3899 1354 3967 apulus
1376 3898 1618 3969 interpretantur.

336 3982 485 4053 l'raeterca
504 3981 544 4034 ibi
562 3984 724 4035 confirmare
742 3981 852 4035 videtur
871 3982 1008 4047 Gelasius,
1033 3982 1107 4049 quod
1125 3982 1181 4035 Leo
1200 3981 1280 4052 epist.
1298 3991 1330 4036 35
1349 4000 1409 4053 cap.
1428 3991 1445 4037 3
1462 4002 1499 4039 ex
1519 3989 1618 4058 Augu·

336 4066 400 4118 stini
418 4066 490 4119 libro
510 4068 606 4119 eontra
624 4085 741 4120 sermon.
756 4066 848 4121 atrion.
865 4085 885 4120 e.
901 4073 916 4120 8
935 4068 1089 4121 verbosus
1106 4068 1247 4120 mutuatus
1264 4067 1364 4121 tradit:
1393 4073 1498 4125 butaro
1517 4080 1618 4144 quippe

337 4162 424 4203 asson
444 4172 491 4202 noa
510 4157 546 4202 sie
565 4164 674 4204 assumta
693 4165 743 4217 est,
763 4165 788 4205 ut
804 4160 877 4221 prius
896 4164 985 4206 ereum
1001 4163 1060 4220 post
1073 4164 1254 4214 assumeretur,
1273 4159 1322 4208 sed
1339 4164 1365 4206 a!
1383 4161 1441 4222 lpse
1453 4165 1618 4215 cassaniam

335 4247 475 4288 cremetur.

404 4324 423 4386 ³¹)
443 4318 561 4370 Nitidior
579 4323 652 4373 esset
670 4321 713 4373 hic
732 4322 819 4387 loeus,
838 4321 861 4374 si
878 4321 919 4375 ita
937 4323 1090 4391 legeretur:
1119 4329 1195 4387 Qunm
1213 4329 1276 4376 aner
1289 4329 1320 4377 de
1334 4328 1435 4377 Domini
1446 4333 1535 4381 soteri
1552 4350 1615 4383 esra·

333 4410 462 4470 captione,
480 4410 538 4455 lieet
556 4409 618 4457 haee
638 4413 776 4458 radiationis
795 4413 877 4460 avaient
895 4414 1035 4475 implicari,
1054 4415 1098 4476 pio
1117 4421 1198 4462 lumea
1216 4414 1264 4462 lure
1281 4414 1456 4476 captivatione
1475 4418 1616 4469 credenda

332 4494 395 4546 sint.
417 4492 570 4553 Recepi-binni
587 4496 679 4543 dieunt.

401 4576 421 4637 ‘y
442 4571 472 4623 ld
491 4575 544 4624 est:
564 4575 661 4628 eontra
679 4575 739 4642 ejus
758 4578 952 4644 assertionem,
971 4596 1026 4646 qna
1045 4596 1129 4633 unam
1146 4596 1206 4633 esse
1224 4579 1291 4633 vult.

400 4659 421 4723 ἲ)
439 4656 579 4711 l’articula
597 4670 622 4710 ae
641 4658 685 4713 hie
697 4660 879 4716 desideratur.
909 4662 1050 4717 Unitatern
1062 4680 1199 4732 personae
1211 4663 1240 4716 in
1252 4662 1362 4718 Christe
1374 4665 1460 4719 simili
1473 4667 1614 4739 loquendi

332 4740 439 4793 ratione
458 4741 606 4795 cnnrntiant
623 4744 712 4797 sancti
728 4749 837 4813 putres,
856 4747 903 4815 qui
921 4748 1080 4801 Nestorium
1099 4751 1127 4802 et
1145 4748 1290 4818 Eutychen
1306 4755 1532 4818 praecesserunt.
1565 4756 1613 4811 lli·

332 4823 415 4879 larius
434 4827 468 4880 de
482 4826 580 4880 Trinit.
600 4827 636 4889 X,
649 4836 693 4881 ⁶32:
724 4834 757 4884 Et
775 4855 845 4901 peream
864 4837 906 4886 ille
923 4840 979 4901 ipsc
993 4841 1061 4900 filias
1080 4840 1184 4887 horrebas
1200 4841 1247 4889 sit.
1271 4841 1314 4904 qui
1330 4848 1356 4889 et
1373 4842 1444 4901 filins
1465 4842 1527 4899 ner.
1549 4850 1614 4911 pur·

330 4919 397 4963 totus
415 4916 520 4965 leoninis
534 4919 603 4979 filias
622 4926 688 4969 loliis
709 4920 756 4969 Ilei
770 4924 837 4984 silan
855 4925 895 4974 sit.
926 4918 1097 4988 Augustinus
1117 4936 1181 4974 vere
1199 4934 1271 4973 serm
1299 4926 1349 4983 293
1368 4938 1394 4974 u.
1409 4926 1436 4974 t:
1458 4926 1524 4991 Ipse
1540 4930 1614 4981 om
