3450 5678
259 333 322 398 692
712 350 738 397 s.
758 349 938 397 sanarem
961 349 1074 396 elesa

152 528 176 566 a.
188 517 245 565 cca.
259 524 353 587 quam
375 502 606 586 praemisimus,
630 503 665 565 in
681 502 856 568 alienatore
872 503 1038 581 vindicta)
1052 485 1214 567 nisidforre
1229 506 1263 568 et
1278 503 1442 568 alienator
1462 505 1542 589 sibi,

259 605 333 668 dum
356 605 484 688 repetit,
508 608 540 668 et
562 606 616 689 qui
639 604 814 689 acceperit)
833 605 928 669 celeri
951 605 1155 670 restitutione
1177 606 1390 688 prospexerit.

844 740 934 805 VIII.

344 845 393 909 18.
429 842 548 919 Quodsi
571 845 693 908 minore
717 844 842 907 animae
865 865 941 907 suae
964 866 1040 908 cura
1055 844 1223 929 quisquam
1245 845 1424 909 remedium
1446 846 1541 911 obla—

257 950 326 1010 tum
353 946 437 1010 forte
464 945 659 1030 neglexerit,
695 968 791 1029 supra
826 968 863 1009 ea
890 967 1065 1030 poenarum
1098 968 1235 1032 genera,
1273 968 1354 1032 quae
1384 949 1541 1031 superius

256 1050 407 1112 tenentur
436 1048 612 1132 adscripta,
643 1051 755 1112 contra
780 1047 832 1112 fas
859 1047 991 1132 siquod
1015 1052 1205 1133 conceptum
1231 1049 1330 1113 fuerit
1358 1049 1540 1116 documen·

256 1152 335 1233 tum,
359 1149 515 1213 universis
531 1151 661 1234 viribus,
685 1152 829 1235 quamvis
845 1150 886 1214 ab
902 1149 995 1214 initio
1010 1150 1115 1214 nullas
1133 1150 1291 1232 hahuerit,
1317 1150 1474 1216 effetetur
1481 1153 1539 1238 ⁵³).

256 1250 317 1315 Sed
341 1252 437 1315 etiam
460 1252 556 1316 liceat
577 1252 817 1337 quibuscunque
845 1251 1070 1316 ecclesiasticis
1098 1253 1243 1337 personis
1266 1273 1377 1316 vocem
1403 1258 1540 1318 contra-

256 1353 404 1417 dictionis
428 1353 604 1439 afferma),
633 1358 666 1418 et
693 1353 910 1419 ecclesiastiea
939 1354 1131 1418 aucwritate
1153 1355 1277 1438 fulciri,
1312 1354 1360 1417 ita
1391 1362 1430 1419 ut
1460 1377 1540 1420 eum

254 1455 412 1519 fructibus
434 1456 536 1538 possit
558 1455 698 1520 alienata
726 1478 907 1540 reposcere:
941 1457 1048 1541 necll)
1078 1455 1184 1542 aliquo
1213 1478 1247 1520 se
1276 1459 1352 1520 ante
1383 1457 1538 1522 tribunal

255 1555 375 1621 Christi
398 1557 565 1622 obstaculo
586 1558 721 1639 muniat,
750 1559 805 1643 qui
827 1581 846 1621 a
868 1557 1027 1642 religiosis
1051 1557 1218 1622 animabus
1247 1558 1288 1622 ad
1310 1559 1540 1625 substantiam

254 1680 430 1742 pauperum
463 1659 615 1724 derelicta
644 1664 756 1723 contra
782 1660 832 1724 fas
865 1659 934 1723 sine
966 1659 1072 1744 aliqua
1104 1659 1235 1744 pietatis
1270 1660 1540 1726 consideratione

255 1760 421 1844 dispergit.
457 1731 572 1845 (Hujus
596 1764 701 1825 autern
730 1760 969 1826 constitutionis
998 1761 1102 1846 legem
1129 1762 1164 1825 in
1193 1761 1371 1847 apostolica
1400 1765 1539 1828 tanturm

200 1910 205 1930 .
254 1862 398 1926 volumus
421 1863 494 1926 sede
516 1863 646 1945 servari,
663 1863 876 1949 hniversisffl)
900 1863 1043 1928 ecclesiis
1064 1885 1122 1947 per
1143 1863 1327 1948 provincias
1349 1865 1540 1932 secundum

254 1964 434 2028 animarum
474 1965 776 2048 considerationem,
821 1987 915 2050 quarn
954 1967 1119 2055 proposito
1152 1964 1319 2050 religionis
1353 1967 1539 2032 convenire

253 2070 393 2131 rectores
417 2088 525 2131 earum
548 2066 702 2149 viderint,
726 2089 813 2131 more
836 2070 972 2132 servato.

793 2224 991 2302 Subscriptio.

340 2322 389 2386 19.
435 2322 559 2388 Coelius
568 2321 608 2408 62)
635 2320 843 2405 Symmachus
875 2323 1042 2407 episcopus
1075 2321 1228 2387 ecclesiae
1253 2321 1428 2390 Romanae
1457 2325 1540 2393 huic

199 2508 204 2514 Ι
254 2425 429 2488 constituto
451 2447 470 2488 a
492 2423 585 2489 nobis
607 2423 694 2487 facta>
717 2424 900 2508 subscripsi.

337 2526 575 2611 Laurentina)
592 2525 759 2610 episcopus
774 2530 905 2590 sanctae
921 2526 1170 2591 Mediolanensis
1189 2526 1344 2592 ccclesiae
1359 2528 1443 2595 huic
1459 2553 1539 2597 con·

253 2627 365 2692 stituto
388 2651 407 2691 a
429 2629 604 2692 venerabili
627 2651 711 2712 papa
734 2628 924 2712 Symmacho
947 2629 1034 2694 facto
1057 2630 1242 2713 subscripsi.

337 2730 451 2796 Petrus
474 2731 641 2815 episcopus
664 2728 840 2794 catholicae
855 2728 1055 2795 Ravennatis
1071 2731 1224 2796 ecclesiae
1246 2730 1321 2797 huic
1346 2736 1538 2801 constituto

253 2855 271 2897 a
294 2833 468 2898 venerabili
490 2855 575 2918 papa
598 2831 788 2917 Symmacho
810 2832 897 2896 facto
920 2833 1103 2918 subscripsi.

336 2935 482 3000 Eulalius
505 2935 672 3020 episcopus
688 2934 840 2998 eeclesiae
856 2933 1075 3018 Syracusanae
1097 2935 1172 3001 huic
1195 2937 1373 3002 constituto
1398 2960 1420 3003 a
1436 2961 1534 3006 rene-

252 3038 345 3102 rabili
367 3061 452 3123 papa
475 3036 666 3122 Symmacho
687 3037 774 3101 facto
796 3036 980 3122 subscripsi.

375 3164 553 3171 .-.-—-—-

318 3211 350 3278 Μ)
369 3209 398 3262 h¹
417 3215 560 3277 effectetur,
580 3210 604 3261 c¹
623 3213 754 3275 efferetur,
774 3205 823 3258 Η10
840 3211 970 3274 efferetur,
989 3206 1023 3260 Fr
1042 3213 1131 3261 nullam
1149 3211 1265 3261 habam
1282 3213 1412 3277 effectam.

319 3298 350 3361 50)
369 3294 403 3347 E²
416 3300 525 3363 efferre:
543 3293 568 3346 H
579 3292 646 3347 0K⁴
658 3293 682 3345 c¹
696 3296 800 3358 offerre.
830 3289 921 3347 Ceteri
940 3308 1006 3347 vero
1023 3291 1091 3346 editi
1104 3309 1166 3346 cum
1178 3292 1211 3345 B¹
1222 3292 1256 3345 Ρ
1267 3292 1301 3346 Fl
1314 3292 1399 3360 K¹²Q
1412 3301 1531 3365 affer-re.-

251 3377 390 3448 quomodo
413 3378 516 3447 legitur
539 3380 567 3432 et
584 3377 612 3430 in
631 3383 713 3441 riade,
738 3375 786 3445 qui
807 3376 835 3428 in
859 3376 919 3431 coll.
937 3377 1022 3431 Hadr.
1043 3376 1165 3447 capitulo
1188 3375 1363 3447 praefigitur.
1406 3378 1475 3434 Mox
1494 3381 1530 3435 E'

251 3464 287 3516 ΗΒ
300 3464 328 3516 h¹
349 3469 441 3517 aliena.

317 3552 349 3617 ⁶⁰)
367 3549 411 3603 lta
429 3565 491 3601 curn
508 3548 545 3601 Κ7
557 3547 617 3601 ΗΟ
637 3546 724 3601 nostri
741 3564 805 3600 mss.
826 3549 855 3601 et
866 3545 942 3601 editi.
973 3551 1002 3601 a³
1014 3564 1047 3601 cx
1059 3547 1106 3601 ΚΗ
1119 3546 1202 3602 aliam
1219 3547 1369 3602 lectionem
1387 3552 1529 3620 praefert.

250 3636 360 3688 mutans
377 3635 471 3687 tamen
490 3631 549 3701 ejus
568 3638 662 3685 turrate!
679 3630 707 3684 in
724 3637 843 3686 s'nceaiai.
863 3661 895 3668 —
914 3631 948 3684 Fd
967 3631 1067 3685 deinde
1086 3632 1175 3687 omitt.
1196 3643 1299 3689 tanturn.

316 3722 349 3785 ⁰⁸)
369 3719 410 3771 lta
428 3718 460 3770 Β1
473 3718 508 3770 h*
520 3716 553 3770 1²²
565 3716 599 3770 F¹¹
613 3717 649 3769 Η8
661 3716 708 3770 K¹²
720 3716 762 3783 h¹;
782 3716 849 3770 editi
867 3715 914 3770 alii
932 3715 1040 3770 addunt
1056 3723 1089 3774 in.
1131 3717 1196 3770 Mox
1212 3716 1245 3771 13¹
1264 3737 1335 3773 sacre
1351 3738 1473 3785 servm,
1490 3721 1527 3776 Β,

249 3824 317 3857 more
334 3815 471 3863 seruatum,
491 3802 525 3856 F¹¹
543 3823 612 3856 crore
629 3806 795 3856 servantibus.
831 3800 972 3855 Permittit
993 3801 1079 3871 igitur
1097 3800 1278 3871 Symmachus
1295 3803 1371 3858 Afris
1394 3804 1439 3859 aa
1461 3805 1527 3877 lage

249 3906 306 3955 sua,
326 3906 381 3958 qua
399 3887 545 3942 concilium
559 3875 812 3956 CarthaginenseV
825 3893 910 3940 cant
928 3885 1125 3941 alienationem
1137 3886 1302 3941 necessitate
1314 3886 1526 3947 interveniente

249 3991 304 4028 non
322 3973 459 4043 prohibet.
497 3972 593 4041 Neque
611 3971 697 4026 etiam
715 3972 792 4027 vetat
810 3971 908 4040 Gallis,
936 3973 1080 4040 quominus
1104 3971 1348 4040 commutationes,
1371 3992 1446 4043 qaas
1464 3975 1526 4047 ipse

249 4059 358 4113 ridetur
376 4057 529 4123 excludere,
548 4057 576 4111 in
594 4057 751 4128 Epaonensi
769 4056 884 4112 concilio
903 4074 962 4111 can.
978 4064 1009 4110 12
1031 4056 1159 4112 omnibus
1180 4056 1360 4129 permittant,
1387 4064 1478 4130 atque
1495 4060 1526 4115 in

248 4143 402 4213 Agathensi
421 4160 442 4197 c.
457 4149 490 4197 45
508 4141 639 4213 episcopo
663 4143 747 4197 ctiam
769 4142 827 4196 sine
850 4142 963 4197 consilio
985 4143 1103 4196 fratrum
1126 4143 1244 4197 temrlas
1262 4144 1311 4197 aut
1329 4143 1472 4213 vineolas,
1501 4144 1525 4201 si

248 4229 397 4284 necessitas
414 4229 506 4295 fucrit,
525 4227 696 4283 distrahendi
714 4229 884 4297 potestatem
902 4228 1014 4281 faciant.
1177 4210 1221 4240 Ρ

315 4318 347 4382 ⁶²)
365 4315 396 4368 In
415 4313 511 4368 ordine
530 4317 559 4368 et
575 4316 666 4369 forma
683 4311 916 4382 subscriptionum
934 4311 1115 4383 praecipuum
1127 4314 1252 4368 nostrum
1264 4312 1296 4366 Β1
1311 4310 1467 4382 sequimur.
1497 4316 1523 4370 Δ

248 4416 301 4467 quo
319 4417 382 4453 mss.
396 4400 455 4452 Hc
474 4398 514 4452 ita
526 4398 666 4463 differunt,
685 4400 716 4451 ut
733 4399 762 4451 et
780 4397 879 4451 seriem
896 4397 980 4467 paulo
999 4397 1083 4452 aliam
1102 4397 1248 4463 retineant
1266 4399 1296 4453 et
1311 4399 1403 4454 verba
1420 4407 1523 4471 episeo-

246 4505 295 4553 pus
312 4491 434 4538 recreate
495 4489 634 4553 subscripsi
652 4483 790 4536 omittant.
827 4483 858 4535 ln
870 4483 917 4536 Κ12
935 4482 1019 4537 etiam
1037 4483 1145 4553 primae
1163 4482 1381 4553 subscriptiones
1399 4484 1431 4539 in
1449 4486 1521 4540 hanc

246 4569 359 4623 modum
377 4571 568 4639 proferuntur:
597 4573 757 4637 Symmachus
775 4574 909 4638 episcopas
927 4574 1049 4623 ecclesiae
1068 4573 1196 4625 Romanae
1219 4574 1368 4638 subscripsi.
1399 4575 1520 4625 Laurea·

246 4661 295 4707 tias
317 4661 452 4724 episcopus
474 4660 597 4708 eeclesiae
616 4658 816 4708 alenconensis
836 4657 904 4709 sicta.
943 4660 1035 4709 Petrus
1058 4662 1192 4724 episcopas
1214 4660 1337 4710 ecclesiae
1362 4658 1520 4712 amasses

245 4744 311 4793 sads.
349 4744 463 4793 Euhrb‘us
481 4746 616 4808 episcopus
634 4745 757 4793 ecclesiae
776 4742 955 4807 Syramssoaae
972 4744 1039 4795 sats.

312 4828 344 4892 ⁸³)
363 4825 407 4879 Ita
424 4826 455 4878 ΒΙ
470 4825 525 4889 K¹²,
544 4826 571 4878 et
589 4826 664 4878 favet
682 4825 848 4895 subscriptio
867 4823 1016 4895 superioris
1034 4825 1133 4895 synodi
1151 4826 1295 4880 Romanae
1314 4823 1359 4880 IV.
1396 4826 1452 4881 Alii
1470 4825 1515 4881 ad·

246 4908 315 4962 dunt
335 4912 440 4966 συεὶίιιε,
479 4911 508 4964 ln
526 4909 560 4964 Fi
579 4909 666 4965 verba
684 4917 745 4967 ecel,
765 4915 834 4967 lions.
854 4941 885 4950 —
904 4915 985 4966 baeer.
1004 4933 1045 4981 ep.
1066 4911 1235 4967 exciderunt.
