3450 5678
634 329 836 380 reserares
859 331 890 378 u.
1331 313 1395 381 585

213 485 263 551 12.
307 483 398 562 Quod
425 485 536 550 docter
562 484 710 571 egregius
739 506 902 571 quousque
928 484 1098 570 perducat,
1133 483 1321 570 diligentius
1347 485 1394 551 in-

99 587 281 653 tuendum
309 590 368 652 est.
414 592 481 653 Non
509 595 619 666 solum,
651 578 834 673 inquiens,
847 594 916 668 illo,
946 587 1008 653 hoc
1035 590 1085 652 est
1112 591 1259 652 creatura
1286 575 1487 696 ρορηίἰὲᾞὲ·

98 689 319 773 Christiani,
347 696 402 755 sed
422 713 476 756 nos
498 697 557 771 ipsi
575 697 728 770 primitias
751 695 885 770 Spiritus
905 695 1064 754 totenes:
1094 690 1155 774 ipsi
1184 691 1294 776 utique
1321 713 1395 776 apo-
1430 684 1436 708 '
1476 686 1481 696 ’

95 793 212 876 stoli,
235 791 298 876 ipsi
319 791 486 857 Ecclesiae
507 793 670 878 principes
693 796 725 858 et
746 795 913 876 parentes,
943 792 998 876 qui
1020 792 1269 876 primordialiter
1291 793 1395 857 sancti

97 892 265 978 Spiritus
287 893 372 958 dona
393 898 614 980 sumpserunt,
639 917 720 980 quae
741 893 967 959 ecelesiasticis
994 893 1217 959 ministrarent
1245 896 1395 980 spiritua-

98 993 201 1061 liter
222 996 441 1061 incrementis.
485 996 550 1062 Ubi
577 997 647 1062 sine
676 997 893 1061 controversia
919 996 1106 1081 semetipsos
1129 1018 1251 1081 quoque
1273 997 1308 1061 in
1330 1020 1396 1063 una

96 1097 299 1185 eademque
321 1099 464 1183 quamvis
486 1100 607 1183 majore
629 1099 736 1185 gratia
758 1099 919 1183 praeditos
935 1098 1033 1184 (unde
1048 1102 1081 1163 et
1096 1099 1142 1163 ait
1158 1106 1313 1179 primitius
1326 1104 1396 1181 Spi-

94 1209 203 1268 ritas
223 1207 376 1280 dedentes,
401 1202 491 1287 quasi
514 1204 667 1286 primates
689 1201 814 1287 gratiae
836 1201 911 1276 Deil
941 1201 976 1266 in
1004 1224 1069 1265 una
1090 1204 1200 1265 tamen
1222 1201 1395 1288 eademque

98 1325 159 1369 se
175 1303 435 1389 cunctamque⁴⁴l
451 1304 630 1369 Ecclesiam
652 1304 795 1389 generali
818 1303 1001 1369 conditione
1018 1304 1194 1368 coustituit.
1228 1309 1292 1368 Sed
1305 1312 1398 1370 etiam
1500 1310 1504 1314 ’

100 1413 308 1487 momnipsi,
333 1406 453 1491 diesne,
474 1414 628 1487 primitias
645 1413 779 1487 Spiritus
800 1411 950 1485 labentes,
975 1413 1056 1471 intre
1077 1428 1131 1470 nos
1143 1414 1297 1485 pemimus,
1323 1430 1395 1492 ape-

101 1509 206 1592 ruit,
231 1529 365 1594 quorum
388 1509 441 1574 ille
464 1509 619 1595 gemitus,
648 1531 742 1594 quem
769 1531 867 1593 supra
894 1508 1034 1591 dixerat,
1064 1530 1133 1572 esse
1160 1512 1328 1592 noscatur,
1363 1513 1397 1574 et

101 1611 201 1696 quid
223 1615 377 1696 gemeret,
401 1612 565 1676 evidenter
587 1611 742 1696 exposuit,
766 1617 1016 1692 adoptionemque
1038 1622 1257 1691 exspectantes.
1303 1611 1396 1677 Certe

90 1712 191 1795 jam
212 1717 414 1778 sacramento
437 1714 690 1800 regenerationis
718 1714 837 1799 pignus
864 1713 1045 1798 adoptionis
1073 1714 1213 1798 accepit:
1244 1718 1397 1799 quaeest

106 1836 203 1901 «ergo
225 1815 290 1880 ista
311 1815 457 1900 adoptio,
492 1839 573 1902 quae
600 1819 673 1901 post
701 1816 908 1900 adoptionum
936 1816 1031 1880 initia
1054 1817 1246 1900 sustinetur,
1276 1838 1396 1902 quaeve

105 1918 303 2002 1edempti0
326 1920 466 2003 corporis
489 1918 602 2002 nostri,
631 1941 713 2003 quae
735 1922 870 1983 ventura
892 1918 1104 2003 proponitur?
1147 1918 1236 2005 Ergo
1257 1942 1324 1984 nou
1346 1941 1397 1984 ac·

111 2019 251 2104 cepisti,
275 2041 357 2104 quae
380 2024 566 2105 exspectare
588 2024 620 2085 te
643 2021 747 2085 dicis?
784 2021 916 2104 Accepi,
939 2021 1055 2105 inquit,
1080 2021 1135 2085 sed
1149 2022 1310 2105 mysteriis
1326 2045 1397 2086 sum

109 2125 298 2187 renovatus
320 2122 529 2208 initiatusque
552 2123 751 2207 coelestibus,
780 2123 943 2209 quibus⁴⁵)
966 2125 1128 2208 superstes
1150 2126 1183 2187 et
1203 2125 1238 2188 in
1261 2124 1321 2189 hac
1343 2124 1396 2189 ad-

107 2219 188 2289 lmo
209 2224 407 2289 mortalitate
429 2226 624 2309 consistens,
660 2248 741 2311 quae
770 2249 827 2290 sua
848 2229 925 2290 suut
953 2225 989 2289 in
1010 2247 1061 2288 me
1084 2229 1303 2310 competenter
1324 2249 1397 2311 ope-

110 2326 284 2410 rantibus,
308 2327 348 2390 ad
371 2349 479 2392 eorum
501 2328 735 2412 plenitudinem
752 2327 1046 2413 perfectionemque
1069 2328 1203 2412 valeam,
1228 2333 1323 2414 atque
1345 2329 1398 2394 hic

112 2428 343 2515 pugnantium
365 2429 410 2494 ibi
433 2430 477 2494 sit
499 2435 719 2496 consummata
733 2431 878 2513 victoria,
902 2429 957 2494 ubi
973 2429 1143 2494 dicendum
1159 2434 1223 2496 est:
1246 2418 1540 2513 absorpta1⁰0r·,¹⁵›

110 2544 168 2596 cst
188 2553 272 2597 mors
293 2538 324 2596 in
352 2539 496 2599 victoria:
525 2538 577 2598 nti
597 2546 653 2612 est,
683 2554 779 2612 mors,
810 2538 947 2598 stimulus
974 2540 1063 2597 tuus?
1108 2538 1197 2599 Nunc
1224 2547 1322 2600 antem
1344 2557 1398 2615 spe
1409 2494 1520 2621 didi,

109 2639 204 2699 salui
220 2637 307 2711 sacti
326 2657 442 2708 sumna·
469 2657 537 2716 spes
559 2647 659 2701 autem
682 2658 761 2716 quoe
788 2641 921 2713 uidetur,
952 2656 1011 2700 non
1033 2646 1076 2699 est
1097 2659 1182 2716 spes;
1215 2659 1286 2701 nom
1316 2644 1398 2717 quod
1415 2630 1508 2678 ‘²¹³⁵-

113 2742 205 2801 nidet
226 2743 307 2816 quis,
341 2744 417 2817 quid
436 2745 562 2818 sperat?
606 2743 642 2802 Si
662 2751 760 2802 autem
789 2743 870 2817 quoti
896 2759 956 2802 non
980 2744 1111 2803 videmus
1137 2760 1310 2819 speramus,
1335 2760 1398 2819 per

111 2844 302 2918 patientiam
324 2852 542 2921 exspectamus.
588 2841 674 2906 Satis
697 2840 784 2904 clara
805 2839 875 2904 luce
897 2839 1066 2924 patefecit,
1096 2841 1150 2924 qui
1172 2841 1216 2904 sit
1237 2843 1339 2904 status
1360 2841 1396 2905 in

115 2938 186 3006 liae
207 2940 278 3006 vita
298 2940 450 3026 fidelium,
475 2942 551 3028 quid
572 2942 608 3006 iu
630 2943 691 3007 fide
714 2944 858 3024 teneant,
882 2941 958 3026 quid
980 2942 1015 3006 in
1034 2964 1089 3026 spe
1105 2943 1296 3025 sustineant,
1321 2943 1397 3028 quid

113 3046 194 3108 tata
217 3044 352 3108 caritate
374 3044 565 3108 desiderent.
610 3043 748 3126 Quodne
770 3046 875 3107 totum
896 3044 1124 3108 incunctanter
1145 3044 1216 3109 ideo
1238 3045 1285 3128 fit,
1313 3044 1398 3109 sicut

115 3145 256 3230 quidam
277 3146 479 3231 magister⁴⁷)
502 3145 667 3210 Ecclesiae
689 3145 853 3229 sapienter
874 3145 1011 3229 edocuit,
1035 3146 1160 3211 dicens:
1186 3152 1233 3210 Aa
1254 3168 1396 3227 nrapnam

115 3255 203 3313 enim
227 3254 385 3313 utilitatem
404 3255 538 3326 fidelium
561 3257 690 3313 materia
712 3261 755 3312 est
776 3260 897 3312 seruata
919 3255 1126 3327 certaminum,
1157 3261 1189 3313 ut
1211 3271 1271 3313 raon
1293 3271 1396 3330 super-

117 3356 372 3424 eiaterensem,
396 3357 466 3416 dum
483 3358 628 3433 pulsatur
651 3358 828 3428 infirmitas:
856 3372 917 3435 quo
940 3350 1062 3415 scilieet
1083 3373 1141 3415 sua
1163 3351 1276 3416 saltem
1298 3351 1397 3436 fragi-

119 3451 218 3519 litate
241 3452 437 3518 commonita
458 3456 532 3537 post
558 3455 684 3518 ruinam
712 3476 779 3517 non
805 3453 841 3516 in
864 3475 898 3517 se
920 3453 998 3516 fidat
1020 3455 1130 3517 nostra
1153 3454 1309 3537 conditio,
1341 3455 1397 3518 sed

119 3555 166 3621 ad
187 3555 275 3620 illius
297 3555 533 3620 incessabiliter
548 3559 692 3621 recurrat
706 3555 957 3620 misericordiam
973 3556 1187 3639 reformanda,
1212 3556 1302 3639 cujus
1324 3577 1397 3641 gra-

191 3793 349 3864 ⁴⁴)1taG1.
380 3793 435 3848 Alii
452 3814 535 3848 secum
553 3805 686 3865 totamque.
716 3795 781 3850 Mos
799 3794 833 3850 G¹
851 3806 910 3864 post
929 3800 1091 3864 adoptionem
1112 3801 1193 3849 initio.

191 3881 225 3948 ⁴⁵)
242 3879 287 3934 Ita
305 3880 349 3933 G'.
380 3879 435 3933 Alii
453 3879 585 3934 omittunt
604 3884 701 3949 quibus.
732 3878 840 3934 Clarior
859 3898 955 3935 sensus
973 3881 1047 3935 esset
1063 3880 1225 3935 hocmod0:
1244 3893 1270 3934 ut
1288 3888 1397 3952 inquot

118 3984 171 4018 sita
187 3975 246 4019 sunt
264 3970 430 4034 operantibus
442 3968 518 4034 (ipse)
536 3977 667 4034 superstes
680 3971 762 4019 ...ad
777 3986 861 4020 eorrnn
879 3971 1060 4034 plenitudinem
1076 3971 1309 4037 perfectionemque
1328 3969 1398 4036 (per-

119 4051 347 4115 matellionem,
368 4060 443 4121 utque
463 4051 509 4118 (ut)
528 4055 568 4105 laic
584 4057 748 4120 papnnutium
767 4062 827 4129 etet

192 4138 227 4203 ⁴⁶)
246 4133 281 4190 (ἶ1
301 4140 400 4204 quidem
416 4146 502 4190 totum.

191 4221 226 4289 ⁴⁷)
243 4219 275 4274 ln
296 4221 424 4289 margine
447 4223 472 4274 a'
498 4223 662 4276 annotatum
686 4223 728 4276 est
750 4227 830 4288 Aua,
859 4221 938 4289 quasi
964 4221 1034 4276 haec
1056 4222 1142 4277 verba
1164 4221 1219 4276 sint
1239 4221 1398 4292 Augustini,

126 4304 281 4375 eademque
298 4308 368 4360 nota
385 4305 517 4375 deinceps
536 4308 646 4361 retenta
664 4309 716 4364 est.
746 4306 840 4361 Verba
859 4307 953 4361 autem
966 4305 1053 4361 citata
1066 4309 1131 4361 sunt
1147 4307 1212 4362 libri
1229 4308 1241 4360 Ι
1259 4307 1294 4362 de
1306 4313 1396 4361 vocat.

126 4391 252 4460 gentium
271 4408 291 4445 o.
310 4396 335 4458 8,
353 4391 428 4459 quod
447 4408 515 4461 opus
533 4391 696 4445 Paschasius
715 4390 877 4456 Quosnellus
895 4390 982 4445 Leoni
999 4391 1194 4447 vindicandum
1213 4391 1326 4447 cenarit.
1357 4390 1398 4445 Si-

121 4477 182 4531 mul
199 4480 295 4532 tamen
312 4476 424 4543 fatetur,
444 4475 471 4530 id
485 4476 595 4532 Gelasio
613 4478 741 4546 ignotum
758 4477 854 4543 luisse,
872 4494 922 4530 nec
940 4476 1012 4531 enirn
1032 4476 1183 4532 taciturum
1201 4475 1398 4532 fossatensis

122 4579 239 4628 nomen,
261 4561 285 4616 si
302 4579 366 4617 eum
388 4562 470 4631 hujus
489 4563 580 4631 operis
599 4565 741 4617 auctorem
759 4561 907 4628 resciisset3
931 4562 1006 4630 quod
1027 4565 1201 4632 postremtun
1223 4561 1398 4629 largiendum

120 4647 241 4702 ridetur.
278 4647 316 4702 At
337 4664 394 4701 non
417 4646 482 4700 inde
500 4648 636 4716 sequitur,
659 4649 690 4701 ut
708 4649 801 4718 operis
818 4647 900 4717 hanins
917 4649 1064 4717 parentem
1087 4667 1199 4718 prorsus
1217 4647 1396 4718 ignoraverit.

123 4732 270 4798 Quomodo
292 4732 366 4788 enirn
389 4750 452 4787 eum
476 4732 586 4787 Gelasio
608 4733 736 4802 ignotum
758 4751 906 4803 ponemus,
934 4749 1018 4801 quem
1042 4733 1184 4804 aripellare
1207 4751 1263 4787 non
1286 4733 1398 4789 dubitat

124 4821 258 4873 Ecclesiae
270 4824 427 4887 manistram,
445 4818 566 4873 maxime
579 4837 664 4888 quum
683 4818 761 4888 epist.
776 4826 806 4873 tl
827 4834 874 4872 eos
892 4819 979 4873 libros
998 4819 1026 4872 in
1044 4818 1268 4893 apocryphorum
1281 4817 1397 4880 classem

124 4902 277 4960 amandare
295 4903 396 4971 soleat,
415 4920 533 4975 quorum
551 4904 717 4977 ignorantur
735 4906 880 4963 auctores?
