3450 5678
653 124 867 178 aasumensi
891 116 1037 177 35-38.
1420 114 1483 180 503

182 284 324 368 vimus,
346 281 519 372 mortuiffl)
542 282 778 348 communicare
800 303 866 346 non
889 283 1102 368 possumus⁴).
1147 282 1192 348 Hi
1214 305 1305 368 sane,
1328 285 1482 370 quiante

182 383 407 452 audientiam
431 384 667 450 communicare
687 384 896 468 tentaverint,
921 385 1022 450 donee
1036 406 1094 470 per
1108 385 1343 470 poenitentiam
1358 390 1483 453 reatum

182 509 301 552 suum
324 486 474 571 defleant,
499 487 539 551 ad
562 487 819 552 communionem
841 486 930 551 nullo
951 487 1045 550 modo
1061 488 1278 572 perducantur
1286 490 1324 576 ⁵),
1349 492 1482 575 excepto

183 589 323 655 nortis
344 589 479 655 interitu
501 591 649 674 urgente.
700 587 761 664 Qui
783 609 857 653 vero
880 589 1155 655 excommunicato
1182 590 1321 655 scientes
1344 613 1481 656 commu-

184 692 378 775 nicaverit,
403 695 436 757 et
458 691 571 756 amodo
581 691 607 777 6)
629 690 744 756 saltem
766 690 798 756 in
823 691 916 757 domo
940 690 1035 756 simul
1049 693 1199 776 oraverit,
1223 695 1320 778 atque
1341 693 1481 758 latebrae

180 794 406 861 defensionis
413 794 451 881 ⁷),
473 815 516 858 ne
531 816 593 878 quo
608 793 716 859 miuus
731 795 771 859 ad
786 794 1040 859 satisfactionem
1054 794 1258 879 perducatur,
1280 795 1480 880 praebuerit-f

182 896 310 962 donec
332 897 375 962 ab
396 896 705 963 excommunicatore
727 896 961 981 poenitentiam
991 897 1146 981 accipiat,
1177 896 1318 981 corporis
1347 901 1380 961 et
1407 919 1479 962 san-

183 999 316 1086 guinis
337 997 467 1064 Domini
491 999 713 1066 communione
735 997 896 1086 privatum
918 1021 952 1066 se
974 1020 1043 1066 esse
1066 999 1284 1086 cognoscam),
1314 1002 1347 1064 et
1368 1021 1479 1067 secuu-

184 1101 283 1167 dum
306 1123 446 1168 canones
468 1102 644 1190 poeniteat.

658 1254 939 1368 Fragmentum
966 1257 1024 1340 38.

138 1429 149 1439 -
250 1397 284 1448 [lt
302 1397 426 1448 eeclesiae
443 1399 528 1448 aditus
545 1405 571 1448 et
588 1398 764 1463 mysteriorum
781 1399 916 1447 eonamunio
934 1398 1025 1448 uiciniae
1043 1414 1093 1448 non
1111 1405 1228 1461 nepetam,
1249 1401 1359 1464 quamuis
1375 1407 1435 1463 post

619 1483 749 1533 uiduitatis
764 1484 922 1547 propositum
941 1485 1065 1546 nupserit.

360 1597 565 1684 Stephano
588 1599 777 1684 episcopo
800 1597 998 1663 Gelasius.

291 1718 490 1803 Oportuerat
517 1717 711 1802 Antistium,
746 1739 827 1802 quae
856 1716 974 1783 direxit
1000 1719 1202 1802 petitorium,
1236 1720 1271 1784 in
1300 1718 1480 1785 desiderata

188 1820 267 1885 sibi
289 1819 448 1905 pudicitia
468 1841 672 1905 permanere,
701 1819 777 1904 quia
798 1842 864 1885 non
886 1819 983 1885 facile
1007 1824 1211 1885 contemnere
1239 1821 1364 1904 debuit,
1382 1810 1480 1907 ’quod

188 1922 302 1988 facile
330 1921 420 2008 prius
447 1922 583 1987 credidit
608 1921 847 2006 postulandum.
898 1921 1101 1987 Pertractato
1136 1925 1223 1988 enirn
1258 1926 1291 1987 et
1319 1926 1480 1988 maturato

192 2023 339 2090 manlio
357 2024 562 2109 juventutem
584 2046 675 2088 suam
697 2022 747 2088 vel
769 2047 818 2106 ca,
841 2047 923 2109 quae
946 2024 1140 2109 petitorio¹),
1163 2024 1274 2089 debuit
1296 2026 1477 2110 aestimare,

188 2149 267 2192 traco
300 2129 414 2193 eontra
446 2124 634 2191 electionem
666 2125 831 2191 viduitatis
859 2126 1001 2191 indictae
1029 2126 1183 2211 suffragia
1216 2127 1418 2211 postmodnm
1447 2130 1481 2193 et

190 2228 390 2295 occasiones
412 2227 607 2313 rumpendae
629 2250 781 2314 quaerere
797 2229 967 2294 castitatis.
998 2227 1059 2293 sea
1082 2229 1158 2315 quia
1180 2229 1368 2294 mutabilem
1391 2253 1477 2295 men-

192 2332 248 2397 aa
262 2342 404 2397 errorem
411 2331 437 2416 ²)
460 2331 611 2396 ferendae
627 2330 740 2415 culpae
763 2331 937 2416 cupiditate
953 2331 1132 2413 temeravit,
1157 2334 1189 2396 et
1203 2332 1354 2396 maritum
1370 2333 1477 2416 potius

190 2433 462 2500 incontinentiae
490 2456 582 2515 suae,
617 2432 700 2517 quod
729 2431 826 2497 nullis
859 2431 1048 2517 prohibetur
1076 2431 1253 2518 legibusil),
1295 2434 1476 2517 exquisivit,

273 2654 358 2725 ³)Sie
375 2654 408 2721 Q*
422 2654 457 2720 Ψ
475 2654 506 2708 Τ.
537 2655 611 2708 AtZ
636 2672 698 2708 cum
720 2661 818 2708 tures.
844 2674 890 2708 nee
911 2659 1015 2707 mortuis
1037 2660 1218 2707 eorrununieare
1240 2657 1365 2706 debemus.
1407 2651 1477 2707 Vide

191 2759 290 2812 supra
306 2739 386 2812 epist.
409 2744 440 2794 18
457 2757 484 2793 u.
502 2746 518 2794 5
536 2740 566 2793 ct
587 2739 667 2809 epist.
686 2747 762 2794 3011.
780 2746 822 2805 13,
846 2737 893 2791 ubi
916 2736 1041 2791 Gelasius
1064 2736 1100 2790 ad
1114 2735 1309 2791 'absolvendos
1331 2737 1477 2791 defunctos

190 2825 309 2882 nullam
332 2824 386 2881 sibi
407 2824 576 2895 potestatem
598 2841 658 2879 csse
681 2823 808 2878 adstruit.
846 2822 875 2876 Si
893 2823 987 2876 autem
1010 2820 1050 2876 cis
1072 2821 1289 2890 absolutionem,
1313 2838 1384 2890 quae
1403 2838 1476 2876 com-

194 2910 364 2967 munionem
380 2909 547 2966 antecedere
565 2909 663 2975 debet‚
680 2909 842 2978 impendero
859 2924 914 2961 nou
932 2907 1038 2976 potest,
1057 2922 1147 2974 neque
1164 2907 1259 2976 potest
1277 2924 1339 2962 cum
1351 2906 1391 2962 eis
1403 2925 1475 2962 oom-

190 2995 353 3052 manicare.

271 3085 291 3151 ⁴)
308 3083 342 3136 ln
359 3081 395 3136 I)⁸
408 3083 446 3137 Π1
469 3071 515 3135 hic
536 3079 639 3135 desinit
659 3080 860 3146 fragmentrum
883 3076 912 3130 in
930 3075 963 3141 Q¹
977 3074 1043 3140 Q’Z
1062 3077 1173 3131 tantum
1196 3095 1314 3146 sequens
1336 3077 1476 3134 sententia

190 3180 289 3235 utque
311 3167 349 3223 ud
367 3170 416 3232 Qui
432 3186 492 3220 nero
514 3163 694 3219 desideratur.
731 3162 773 3216 De
791 3161 890 3216 eadem
912 3179 943 3216 ro
965 3161 1019 3216 hoc
1040 3161 1069 3215 in
1087 3162 1203 3231 vulgato
1221 3161 1316 3218 codice
1337 3180 1474 3218 canonum

186 3250 405 3319 ecclessiae.
425 3269 448 3305 o.
468 3257 501 3305 29
518 3249 653 3305 habemus
676 3248 824 3301 statutum:
861 3252 961 3300 Placuit
984 3253 1100 3303 uniuerso
1122 3253 1241 3312 corintio,
1265 3260 1292 3302 ut
1314 3255 1358 3318 qui
1373 3270 1474 3305 escorn-

179 3343 341 3393 umectus
360 3341 441 3404 suerit
464 3345 515 3391 siue
538 3336 673 3404 episeopus
694 3339 747 3387 siue
771 3337 873 3402 quilibet
890 3338 1009 3396 ctericus,
1033 3345 1060 3386 et
1076 3343 1190 3401 tempore
1207 3340 1474 3390 excommunicationis

173 3434 265 3477 Mae
281 3434 340 3477 ante
357 3427 511 3476 audientium
528 3425 718 3475 conunrenionem
739 3423 953 3487 praesumpserit,
976 3424 1032 3487 ipae
1054 3423 1080 3472 in
1102 3439 1130 3473 ee
1153 3424 1322 3473 deaurationis
1338 3425 1474 3486 jieriieetur

160 3515 339 3568 proruisse
355 3513 513 3562 sententian.
550 3503 622 3558 Vide
640 3504 669 3557 ct
687 3503 833 3558 concilium
851 3503 1054 3558 Antiochenam
1072 3521 1094 3557 c.
1108 3509 1132 3556 4.

270 3595 291 3662 ⁵)
308 3593 334 3647 R
351 3598 515 3648 reducantur.
569 3607 572 3613 “

270 3681 292 3746 ⁶)
310 3678 334 3733 Τ
351 3683 435 3732 animo
451 3681 540 3732 saitem
558 3682 583 3729 in
606 3679 678 3728 dorna
696 3681 768 3728 simui
784 3679 912 3732 oraverit:
938 3673 1015 3727 Istud
1032 3679 1122 3728 arnono
1140 3672 1256 3743 perinde
1274 3675 1317 3728 est
1335 3676 1420 3744 atque
1439 3697 1474 3731 en

143 3755 229 3808 die
264 3783 312 3834 qua
329 3769 458 3818 decretam
475 3766 543 3816 istud
560 3767 611 3829 ipre·
629 3765 774 3815 innotuerit.
808 3758 945 3813 Sanxerat
958 3756 1020 3826 jam
1038 3757 1184 3813 concilium
1202 3757 1422 3830 carthaginense
1435 3761 1473 3815 lV

140 3847 184 3887 ⁰·
214 3846 290 3902 73:
318 3852 368 3914 Qui
383 3852 601 3902 comunicaverit
619 3851 657 3900 uel
674 3851 786 3899 oraverit
804 3865 857 3898 erem
875 3850 1100 3908 excommunicato,
1120 3849 1173 3898 siue
1191 3850 1299 3898 clericus
1315 3851 1367 3900 siue
1385 3852 1474 3909 iaicas,

138 3935 440 3987 ffaeconnunieenn.
470 3930 541 3985 Vide
559 3930 589 3984 et
606 3927 753 3984 concilium
771 3928 990 3999 Carthaginense
1001 3928 1053 3982 Vll
1072 3946 1094 3983 c.
1113 3933 1130 3983 5
1147 3929 1177 3982 et
1194 3928 1397 3984 Antiochenam
1410 3947 1432 3983 o.
1446 3937 1471 3984 4.

274 4018 328 4085 ')Z
348 4016 454 4073 omittit
476 4021 647 4084 defensionis,
671 4013 746 4083 quod
768 4013 874 4069 habent
896 4013 1009 4080 QRT.
1049 4013 1114 4068 Mox
1136 4012 1222 4084 uliqrri
1244 4032 1307 4069 mss.
1327 4014 1350 4068 Τ
1373 4034 1404 4068 ne
1427 4034 1470 4068 co·

138 4092 292 4154 *snae
534 4150 546 4168 ,,

275 4186 361 4254 ⁸)Hie
379 4185 482 4241 desinit
498 4187 527 4240 Z.
562 4186 670 4241 Deinde
688 4185 711 4239 Τ
730 4190 845 4239 delictam
862 4190 1005 4244 seeundum.

138 4256 173 4305 ⁵⁸
278 4273 294 4338 ¹)
310 4269 414 4343 Supple
432 4278 541 4341 exponit
558 4272 608 4326 aut
624 4268 713 4325 simile
731 4271 856 4325 verbum.

275 4356 294 4424 ¹)
308 4357 341 4411 Η.
355 4373 379 4413 a.
398 4354 550 4427 pudicitiae
568 4356 664 4422 fidem,
683 4372 766 4423 quam
778 4354 837 4410 Deo
856 4354 999 4410 mutabilis
1016 4356 1117 4409 mentis
1133 4355 1233 4425 ignara
1250 4355 1425 4426 promiserat.

275 4440 293 4506 ⁸)
309 4440 400 4512 Supra
420 4441 495 4497 enim
518 4440 638 4512 epistola
656 4446 687 4495 14
706 4458 766 4510 cup.
785 4445 816 4494 21
840 4440 893 4495 etsi
917 4440 951 4495 de
974 4440 1109 4510 ejrnmodi
1132 4440 1222 4496 viduis
1242 4438 1399 4511 praedicat,
1422 4456 1470 4495 eas

138 4515 422 4583 ”iotanae-beo
438 4533 579 4596 pudicitiae
597 4532 674 4594 pidem
696 4530 788 4580 debere
806 4532 948 4586 custodirer
969 4526 1064 4581 tamen
1086 4526 1178 4581 addit:
1208 4530 1263 4580 Noe
1280 4536 1361 4578 autem
1379 4531 1470 4580 auiirent

138 4591 296 4661 ‘⁰fo&
310 4617 424 4682 taqueum
442 4616 559 4667 dedemus
576 4617 699 4679 injicere,
717 4617 765 4666 red
780 4619 850 4666 solae
867 4616 1060 4666 adhortationes
1075 4616 1186 4681 praeneti
1196 4614 1344 4678 sempiterni
1357 4630 1468 4679 poenas·

142 4683 234 4732 (με
275 4712 416 4765 proponere
438 4703 518 4752 divini
533 4703 638 4765 judicii,
661 4697 731 4767 puta
752 4696 818 4766 quia
839 4697 910 4752 tales
932 4697 1016 4752 etiam
1039 4701 1085 4752 aut
1108 4702 1176 4751 auita
1196 4700 1370 4750 benedictione
1388 4702 1469 4751 vetari
