3450 5678
765 348 937 399 semrom
960 338 1012 398 40.
1452 336 1513 401 821

236 504 305 565 τῶν
327 500 516 584 ζητούντων
538 518 593 585 σε,
625 498 844 589 ἡύπερηφά-
897 502 1108 568 stabilitatem
1140 503 1214 569 fidei
1247 506 1421 591 custodire,
1462 509 1509 573 ita
1521 533 1545 575 a.
1555 523 1614 576 518.

236 626 311 668 νεια
342 607 412 667 τῶν
444 605 638 689 μισούντων
672 622 709 670 σε
742 601 845 691 ἀνέβη
896 629 963 671 non
1000 605 1150 671 convenit
1186 607 1225 671 de
1262 607 1361 673 divini
1394 610 1508 694 judicii

176 726 179 751 ·
236 701 419 782 διαπαντὸς
446 703 531 789 πρὸς
559 706 633 770 σε’.“
688 707 753 771 Καὶ
780 705 845 793 γάρ
897 708 1059 794 acquitate
1080 708 1235 774 diffidere.

236 804 350 891 ύσπερ
374 804 436 892 χρὴ
459 803 544 892 ἡμᾶς
565 805 603 871 τὸ
627 806 763 892 ἑδραῖον
787 815 846 894 τῆς

235 911 378 985 πίστεως
413 909 608 993 φυλάττειν,
642 908 748 988 οὕτως
784 908 847 997 ούχ

234 1008 369 1097 ἁρμόζει
391 1011 541 1095 περὶτῆς
556 1012 775 1097 δικαιοσύνης
788 1019 847 1099 τῆς
938 1012 942 1018 ’

233 1116 331 1189 θείας
352 1115 495 1197 κρίσεως
516 1110 680 1179 άπιστεῖν.

276 1215 308 1279 2.
333 1212 406 1280 Ούκ
421 1216 491 1280 ἔστι
506 1217 593 1298 υίος,
616 1213 769 1302 ἀδελφοί,
788 1221 846 1303 τῆς
939 1219 969 1283 2.
992 1218 1068 1283 Non
1090 1239 1191 1283 novus
1207 1217 1271 1301 hic,
1295 1217 1422 1301 fratres,
1446 1218 1506 1284 Ec-

235 1320 414 1402 ἐκκλησίας
441 1308 541 1394 ούτος
568 1313 586 1382 ὁ
608 1317 725 1396 κόπος·
757 1317 845 1405 ὅμως
897 1320 1012 1385 clesiee
1033 1320 1139 1404 labor,
1166 1323 1329 1385 ettamen
1352 1319 1506 1386 dumhu·

235 1422 274 1487 ἐυ
290 1417 381 1508 αύτῷ
401 1423 447 1505 τῷ
462 1425 708 1486 ταπεινοῦσθαι
731 1417 843 1500 ύφοῦ-
895 1423 1047 1505 miliatur,
1072 1423 1217 1508 erigitur,
1241 1444 1279 1487 ac
1294 1443 1414 1508 peres,
1438 1425 1505 1509 qni-

233 1547 299 1605 ται,
323 1523 378 1587 καί
393 1520 436 1588 δι’
451 1523 605 1606 ἐκείνων,
630 1520 670 1586 δι’
689 1514 738 1588 ὧν
753 1546 842 1589 πτω-
894 1526 954 1591 bus
977 1525 1106 1612 atteri⁶)
1136 1525 1290 1608 creditur,
1320 1525 1437 1590 damna
1460 1527 1505 1591 di-

231 1625 346 1710 χεύειυ
373 1626 481 1708 δοκεῖ,
520 1628 738 1704 πλουτίζεται.
789 1625 843 1692 Ἐν
893 1630 991 1692 tatur.
1036 1627 1086 1691 Ex
1108 1649 1167 1691 usu
1189 1629 1237 1691 est
1262 1627 1409 1691 fidelibus
1431 1628 1503 1712 Dei,

231 1731 331 1814 πείρᾳ
355 1725 426 1794 ἐστὶ
446 1736 516 1803 τοῖς
530 1726 735 1804 πιστοῖς’τοῦ
752 1733 841 1794 Θεοῦ
892 1732 930 1795 ut
966 1751 1024 1815 per
1061 1732 1180 1794 mortes
1218 1751 1385 1813 corporum
1420 1729 1503 1795 vitas

229 1830 268 1897 τὸ
292 1826 348 1895 διά
369 1832 430 1894 τοῦ
452 1828 605 1893 θανάτου
635 1833 705 1894 τῶν
727 1831 841 1917 σωμά-
890 1832 1057 1896 lucrentur
1105 1832 1299 1897 animarum:
1348 1833 1503 1897 anrittunt

230 1957 299 1999 των
331 1929 394 2017 τὴν
427 1927 513 2016 ζωὴν
546 1931 738 2014 κερδαίνειν
771 1938 840 1999 τῶν
892 1933 1019 2018 quidem
1053 1934 1187 2018 caduce,
1233 1934 1288 1998 sed
1317 1937 1511 1999 mercantur·

229 2038 365 2118 ψυχῶν·
409 2030 658 2117 άποβάλλονται
700 2034 762 2119 μὲν
798 2033 839 2100 τά
891 2039 1039 2120 aeterne,
1064 2039 1097 2100 et
1119 2037 1194 2101 dum
1216 2036 1394 2122 persecutio
1416 2037 1502 2101 viam

229 2137 367 2221 ῥέοντα,
405 2133 481 2200 ἀλλ’
520 2135 765 2222 ἐμπορεύονται
798 2135 839 2202 τά
889 2139 970 2202 facit
996 2138 1194 2223 probationi,
1229 2138 1377 2224 probatio
1405 2160 1501 2203 causa

229 2238 367 2322 αίάνια,
398 2238 456 2302 καὶ
478 2238 517 2304 ἐν
538 2242 584 2324 τῷ
606 2235 666 2303 τὸν
689 2237 839 2325 διωγμδυ
889 2241 928 2305 fit
949 2241 1071 2306 meriti:
1093 2240 1216 2328 stultifl)
1240 2244 1272 2305 et
1293 2241 1329 2306 in
1344 2242 1500 2307 caecitate

228 2337 402 2406 ὁδοποιεῖν
423 2344 463 2425 τῇ
486 2341 619 2425 δοκιμῇ,
642 2341 731 2405 αίτία
746 2347 838 2424 γίυε-
890 2343 1085 2422 saevientes¹
1105 2343 1269 2426 nesciunt,
1307 2345 1383 2428 quia
1421 2367 1499 2429 quos
1596 2415 1599 2420 ,

227 2467 282 2508 ται
303 2447 363 2527 τῆς
384 2439 478 2519 ἀξίας
498 2440 518 2527 ἡ
541 2443 676 2528 δοκιμή·
702 2439 839 2528 ἀνόητοι
891 2446 1124 2510 conversationi
1167 2445 1332 2510 hominum
1375 2447 1499 2511 subtra-

227 2543 285 2610 καὶ
313 2545 352 2610 ἐν
380 2547 421 2630 τῇ
442 2544 614 2629 τνφλάσει
641 2546 838 2631 μαινόμενοι
889 2546 965 2612 here
992 2570 1026 2612 sc
1053 2569 1146 2634 posse
1180 2547 1330 2632 credunt,
1365 2547 1405 2612 ad
1437 2548 1498 2613 Dei

226 2644 429 2730 ἀγνοοῦσιν,
457 2643 509 2711 ὅτι
536 2642 596 2724 οῦς
623 2648 662 2712 ἐκ
690 2653 748 2732 τῆς
769 2653 838 2713 τοῖν
889 2671 991 2735 regna
1018 2651 1208 2735 perducunt.
1253 2649 1340 2714 Hinc
1362 2650 1396 2714 in
1419 2651 1498 2735 ipsis

226 2747 422 2833 ἀνθρώπων
448 2745 664 2834 ἀναστροφῆς
686 2754 837 2834 χωρίζειν
888 2752 1038 2836 periculis
1060 2752 1179 2838 gaudia
1211 2756 1244 2816 et
1265 2752 1403 2817 ambitus
1425 2776 1497 2837 pas·

227 2852 399 2918 δύνασθαι
421 2855 603 2936 νομίζουσι,
626 2851 768 2930 τούτους
790 2855 837 2931 είς
887 2855 1028 2919 sionum:
1052 2855 1249 2941 exspectan)
1273 2855 1359 2918 enim
1376 2876 1496 2940 agones

224 2953 288 3040 τὴν
309 2956 486 3037 βασιλείαν
508 2951 629 3036 ἀγουσι
651 2959 713 3019 τοῦ
732 2959 834 3021 Θεοῦ;
886 2979 1031 3041 suorum,
1062 2958 1116 3042 qui
1143 2979 1334 3042 magnorum
1362 2959 1495 3023 retribu-

221 3055 401 3122 Ἐντεῦθεν
424 3057 462 3122 ἐν
490 3052 605 3133 αύτοῖς
625 3067 695 3133 τοῖς
717 3058 836 3123 κινδύ-
886 3062 937 3124 tor
959 3062 1009 3124 est
1028 3080 1208 3124 munerum.
1244 3059 1329 3123 Nem
1344 3059 1414 3145 quis
1428 3083 1495 3126 non

224 3182 297 3237 νοις
318 3159 356 3222 αί
370 3156 581 3243 εύφροσύναι
597 3159 653 3222 καί
668 3155 688 3243 ἡ
704 3161 781 3244 περὶ
796 3158 834 3225 cd
885 3161 1091 3248 frangeretur
1121 3161 1229 3245 mulis,
1259 3160 1322 3225 nisi
1353 3162 1494 3228 conscla-

223 3262 366 3345 πάσχειν
380 3261 527 3345 σπουδή·
550 3262 718 3344 ἐκδέχεται
727 3263 752 3344 ⁷)
768 3258 834 3346 γάρ
885 3267 996 3328 rentur
1017 3264 1149 3328 adversa
1165 3265 1202 3328 de
1218 3263 1392 3348 praemiis?
1415 3264 1493 3350 Spes

222 3363 304 3441 τούς
331 3361 467 3447 ἀγῶνας
492 3367 561 3428 τῶν
589 3364 686 3427 ίδίων
720 3361 738 3428 ὁ
765 3369 834 3429 τῶν
883 3366 940 3430 illa
969 3368 1032 3448 est,
1067 3387 1147 3451 quae
1175 3387 1240 3430 non
1268 3366 1347 3430 sinit
1378 3367 1413 3432 in
1441 3369 1494 3433 de·

222 3466 379 3553 μεγάλων
416 3468 554 3551 δωρεάν
593 3462 832 3551 ἀνταποδύτης.
883 3468 1064 3553 speratione
1092 3467 1241 3532 deficere:
1279 3469 1419 3534 excludit
1451 3472 1490 3535 si-

226 3574 285 3647 Τίς
299 3566 365 3652 γάρ
380 3565 443 3634 ούιι
459 3567 502 3633 ἀν
517 3566 692 3633 ὀκλάσειεν
709 3568 747 3633 ἐν
763 3579 833 3646 τοῖς
882 3571 1009 3656 quidem
1037 3570 1283 3634 amaritudinem
1312 3571 1491 3637 tribulatio-

221 3682 355 3754 κακοῖς,
383 3671 416 3735 εί
435 3668 479 3755 μὴ
502 3667 557 3734 διά
579 3675 648 3734 τῶν
671 3670 831 3735 ἐπάθλων
881 3695 959 3737 num
1002 3671 1120 3759 dulciss)
1169 3693 1281 3755 sapore
1324 3673 1489 3740 virtutum.
1523 3758 1527 3767 Ι

219 3776 485 3858 παραμυθηθείη
496 3769 536 3837 τά
545 3769 830 3857 ἐναντία;Ἐκείνη
882 3773 958 3850 Quis
988 3775 1074 3838 enim
1106 3774 1218 3859 magni
1250 3773 1370 3839 habeat
1400 3799 1490 3860 prae·

220 3876 316 3943 ἕστὶυ
337 3871 357 3960 ἡ
382 3874 475 3951 ἐλπίς
496 3873 517 3959 ἡ
539 3871 583 3960 μή
607 3879 831 3958 συγχωροῦσα
882 3877 996 3961 sentia,
1021 3877 1124 3940 sciens
1148 3876 1316 3940 aestimare
1330 3879 1490 3943 ventura?

219 3978 260 4044 ἐν
281 3982 323 4063 τῇ
346 3975 543 4064 ἀνελπιστίςι
572 3974 657 4062 ἡμᾶς
679 3975 828 4041 ἀτονεῖν·
882 3977 958 4055 Quis
986 3978 1152 4063 dispendia
1183 3978 1269 4043 vitae
1296 3983 1426 4064 renuat,
1461 3982 1488 4046 si

217 4077 391 4146 ἀποκλείει
405 4083 474 4144 τῶν
485 4082 640 4158 θλίψεων
654 4076 692 4144 cd
707 4064 830 4164 πικρὸν
881 4103 962 4166 quae
984 4083 1059 4144 sunt
1080 4080 1263 4164 recipienda
1285 4082 1488 4147 considerat?

216 4180 238 4266 ἡ
267 4186 409 4265 γλυκεῖα
440 4185 557 4264 γεῦσις
588 4187 656 4246 των
689 4178 828 4266 ἀρετῶν.

288 4318 463 4388 ⁵)1taG¹b.
504 4320 542 4372 At
565 4320 590 4372 ει1
615 4323 703 4381 alteri,
727 4334 762 4372 cc
781 4338 831 4387 per
853 4339 917 4388 ρααε
940 4324 1117 4387 depauperare·
1138 4323 1253 4374 creditur
1275 4326 1388 4374 ditatur:
1412 4321 1486 4390 quod

216 4403 438 4460 consentaneum
455 4405 499 4458 est
515 4419 624 4473 graeco.
662 4409 765 4456 Dicatur
782 4402 867 4458 etiam
886 4402 933 4471 (3³,
951 4411 1062 4459 vitantur
1080 4404 1124 4459 G¹.

241 4527 245 4535 .
285 4491 306 4558 ο)
324 4487 386 4543 Vox
402 4495 480 4551 stulti,
498 4489 527 4543 in
546 4487 580 4543 G¹
594 4487 630 4542 0³
642 4490 667 4543 ω’
688 4487 796 4554 omissa,
815 4505 848 4542 ex
866 4489 927 4543 eliis
944 4491 1099 4544 revocetur.

284 4576 306 4643 ⁷)
325 4574 368 4628 Ita
390 4573 498 4644 antiqui
519 4573 635 4643 pingere
661 4573 751 4628 solent
773 4574 890 4628 verbum
906 4585 1018 4644 spectat,
1043 4575 1118 4646 quod
1140 4576 1216 4647 apud
1234 4575 1385 4630 Beronium
1407 4592 1484 4631 more

214 4661 312 4714 nostro
330 4661 564 4730 repraesentetur.
600 4657 687 4713 Verbi
707 4658 788 4727 hujus
807 4659 991 4729 ambiguitate
1010 4661 1121 4716 delusus
1142 4661 1281 4732 interpres
1302 4678 1403 4730 graece
1422 4678 1484 4716 con-

215 4744 301 4800 vertit
320 4742 469 4820 ἔχδέχεται
487 4745 600 4815 praeter
617 4745 740 4798 mentem
758 4744 934 4813 Hei-misnae,
952 4747 981 4799 et
998 4763 1032 4801 ex
1048 4747 1102 4802 hcc
1119 4763 1220 4817 graeco
1239 4765 1274 4801 cc
1291 4751 1406 4815 suscipit.

284 4832 305 4898 Β)
323 4830 368 4884 Its
390 4830 423 4884 ΘΙ
438 4829 481 4883 G³.
524 4828 579 4883 Sed
600 4845 716 4898 graecus
739 4828 876 4899 interpres
898 4830 968 4900 legit
990 4837 1070 4886 σιῖεῖι
1091 4850 1183 4901 sapor,
1215 4832 1289 4900 quod
1314 4831 1393 4887 etin
1415 4832 1483 4891 bcc

215 4912 346 4972 obtinuit.
