3450 5678
688 314 883 365 amsuchan
905 304 1052 363 42-44.
1416 300 1479 367 883

212 471 283 535 tum
305 468 346 534 sd
367 467 629 535 satisfaciendum
650 468 852 553 scripsimus,
881 473 919 535 ut
945 473 978 535 11
1007 469 1187 534 venerabile
1208 491 1327 535 nomen
1348 474 1586 537 1111111118.

213 569 445 638 recordationis
466 570 599 655 Leonis,
630 571 789 656 quondam
812 570 891 637 facti
912 572 1001 637 urbis
1022 570 1144 637 Romae
1166 571 1413 659 archiepiscopi,
1447 575 1482 639 in

214 674 313 739 111111
336 672 497 759 diptychis
518 676 662 758 ternpore
686 672 935 739 consecrationis
957 677 1090 759 propter
1112 675 1314 740 concordiam
1337 676 1483 762 affigere-

207 776 312 863 turi),
336 780 369 841 et
390 778 532 840 vestrum
553 775 758 841 benedictum
780 797 898 840 nomen
920 775 1068 841 similiter
1081 776 1117 840 in
1139 777 1300 862 diptychis
1322 778 1483 862 praedice-

213 881 276 944 tur.
327 877 375 944 Ut
401 877 440 942 de
474 878 622 943 omnibus
652 880 759 943 autem
787 877 925 943 satisfiat
952 880 1077 943 vestrae
1110 879 1295 965 sanctitati,
1333 881 1484 966 quoniam

213 1001 327 1065 paoem
349 982 489 1046 vestram
504 980 728 1065 amplectimur
750 983 783 1044 et
804 978 843 1044 de
862 980 987 1045 unitate
1003 984 1187 1046 sanctarum
1202 979 1263 1046 Dei
1278 982 1484 1048 ecclesiarum

215 1101 379 1167 curamus,
412 1104 563 1168 rogamus
592 1103 647 1147 vos
676 1081 827 1166 pacificos
853 1082 938 1152 viros
967 1083 1127 1149 destinare
1154 1087 1188 1148 et
1214 1088 1339 1172 vestrae
1368 1085 1483 1171 dignos

214 1184 412 1271 apostolicae
435 1184 536 1269 sedis,
564 1184 618 1270 qui
640 1183 779 1249 debeant
801 1184 987 1250 satisfacere
1009 1191 1043 1251 et
1064 1185 1317 1251 satisfactionem
1340 1191 1483 1253 nostram

214 1287 393 1372 suscipere,
417 1291 455 1352 ut
476 1287 565 1352 etin
588 1285 649 1351 hac
671 1290 763 1371 parte
786 1284 933 1352 Christus
955 1287 1041 1353 Deus
1063 1291 1172 1353 noster
1193 1287 1405 1373 glorificetur,
1429 1289 1484 1374 qui

215 1411 273 1474 per
296 1411 351 1453 101
373 1395 484 1474 paoem
506 1388 592 1453 hanc
614 1388 732 1453 mundo
754 1388 903 1454 servavit.
935 1388 1079 1475 Accepta
1101 1388 1181 1454 XIII
1204 1388 1361 1456 Oaleudas
1383 1390 1484 1457 Janu·

215 1491 311 1576 arias,
334 1495 408 1578 post
416 1491 443 1578 ⁴)
467 1491 668 1556 consulatum
690 1490 835 1576 Agapiti.

716 1677 899 1781 Epistola
923 1678 983 1763 44.

216 1830 418 1899 Justiniani
446 1831 590 1897 comitis
616 1829 660 1895 ad
682 1830 910 1919 hormisdam
932 1848 1075 1914 papam,
1104 1831 1212 1898 misso
1234 1848 1299 1915 per
1321 1815 1532 1900 1111111118·
1546 1812 1633 1869 ⁵¹⁸³·

554 1931 707 2000 Oratam
728 1933 962 2036 imperatoris
983 1933 1154 2016 legatum.

1509 1889 1523 1936 7
1534 1881 1621 1952 Sept.)

168 2078 207 2129 10.
250 2073 290 2123 De
308 2074 470 2138 imperatoris
486 2074 653 2124 sollicitudine
670 2089 719 2138 pro
737 2075 876 2124 concordia
897 2073 1191 2151 ecclesiarusnvnuntiot,
1217 2080 1294 2140 utque
1312 2076 1451 2127 Hormisdo

260 2158 502 2224 Constantinopolim
518 2161 557 2209 uel
574 2160 629 2222 ipsc
646 2175 674 2210 sc
692 2159 812 2222 conferre
834 2161 872 2209 111
890 2161 987 2223 legatos
1004 2156 1134 2210 destinare
1152 2174 1202 2210 non
1219 2160 1337 2224 differat,
1356 2169 1440 2226 rogos.

368 2290 628 2356 Justinianus
652 2312 779 2355 comes
800 2289 1033 2355 Hormisdae
1055 2313 1189 2377 papae.

302 2408 521 2475 Desiderabile
543 2411 679 2494 tempus,
703 2411 787 2495 quod
808 2411 940 2476 summis
962 2411 1044 2475 votis
1066 2411 1263 2495 optavimus,
1292 2412 1401 2478 divina
1424 2414 1486 2479 cle-

217 2512 358 2596 mentia,
381 2512 503 2577 dolores
526 2512 654 2597 generis
676 2512 810 2578 humani
831 2513 1015 2598 respiciens,
1039 2511 1152 2598 largiri
1174 2513 1309 2599 dignata
1331 2518 1394 2599 est,
1423 2538 1485 2601 quo

218 2628 328 2679 omnes
345 2614 494 2679 catholici
509 2616 542 2678 et
556 2613 624 2678 Deo
639 2616 782 2699 perfecte
804 2614 912 2679 fideles
934 2614 1097 2698 majestati
1119 2615 1188 2699 ejus
1202 2637 1236 2680 se
1250 2615 1381 2681 valeant
1403 2639 1485 2682 com·

218 2716 379 2781 mandare.
423 2715 547 2781 Idcirco
568 2715 628 2780 has
650 2716 690 2780 ad
714 2715 928 2801 apostolatum
949 2719 1107 2801 vestrum,
1138 2716 1240 2782 libera
1267 2718 1398 2783 licentia
1416 2719 1486 2803 jam

219 2816 300 2883 mihi
322 2816 477 2883 beneficio
501 2817 630 2883 coelesti
651 2817 792 2901 indulta,
822 2817 933 2882 direxi.
977 2817 1133 2884 Dominus
1158 2819 1279 2884 etenim
1304 2823 1415 2884 noster
1435 2821 1485 2885 in-

218 2919 411 2985 victissimus
448 2920 622 3004 imperator
658 2918 866 2984 orthodoxam
904 2919 1093 3006 religionem
1129 2941 1253 3004 semper
1288 2921 1486 3005 amplectens

220 3020 444 3087 ardentissima
471 3022 549 3106 fide,
580 3021 772 3107 cupiensque
800 3025 1021 3087 sacrosanctas
1044 3022 1194 3087 ecclesias
1222 3023 1262 3088 ad
1285 3023 1487 3089 concordiam

219 3145 385 3207 11101111,
419 3146 495 3189 mox
522 3128 559 3187 ut
586 3123 719 3208 adeptus
747 3126 796 3187 111
822 3123 950 3188 coelesti
978 3123 1100 3208 judicio
1126 3123 1246 3189 infulas
1279 3124 1484 3211 principales,

220 3226 438 3291 sacerdotibus
453 3225 506 3291 hio
528 3225 641 3309 positis
656 3224 868 3310 denuntiavit,
892 3229 928 3291 ut
943 3247 1000 3310 pro
1016 3225 1136 3311 regulis
1159 3226 1342 3310 apostolicis
1357 3227 1486 3292 uniren-

219 3331 273 3392 tur
307 3328 470 3393 ecclesiae.
507 3323 559 3392 'Et
592 3349 712 3413 magna
738 3327 866 3412 quidem
892 3349 967 3412 pars
995 3326 1069 3391 fidei
1078 3327 1100 3410 ¹)
1133 3330 1183 3391 est
1216 3329 1391 3413 composita
1417 3329 1486 3395 Deo

220 3432 364 3514 auctore,
387 3430 426 3494 de
448 3429 579 3495 nomine
601 3429 822 3493 tantummodo
838 3429 950 3493 Aeacii
965 3432 1090 3493 vestrae
1112 3429 1321 3494 beatitudinis
1337 3432 1487 3496 convenit

219 3531 351 3619 ordiri²)
381 3553 580 3597 consensum.
626 3530 728 3607 Quam
755 3531 795 3594 ob
818 3553 946 3596 oausam
969 3531 1114 3596 dominus
1136 3535 1245 3597 noster
1266 3533 1487 3598 serenissimus

288 3788 310 3855 8)
327 3785 427 3841 Leonis
443 3803 547 3842 nomen
558 3802 576 3840 a
587 3785 734 3840 Timotheo
752 3803 767 3841 a
785 3785 871 3842 sacris
889 3784 1027 3857 diptychis
1040 3786 1181 3841 sublatum
1199 3805 1257 3842 esse
1274 3787 1304 3842 id
1322 3791 1487 3858 argumento

219 3871 276 3937 ost;
293 3870 429 3926 namhoc
446 3871 524 3926 nefas
540 3888 558 3926 a
575 3870 751 3939 Macedonio,
769 3869 799 3945 in
817 3871 895 3940 cujus
911 3871 1006 3926 sedem
1023 3870 1047 3924 is
1060 3870 1223 3927 Timotheus
1234 3872 1387 3942 invaserat,
1406 3890 1487 3929 nemo

221 3954 373 4011 crediderit
390 3955 549 4010 admissum.

289 4044 310 4110 ⁴)
328 4040 395 4096 lnde
417 4041 533 4095 forsitan
550 4042 707 4096 movebitur
728 4059 785 4096 non
801 4058 897 4107 nemo,
920 4040 995 4109 quod
1018 4057 1103 4109 quum
1120 4042 1244 4097 lustinus
1263 4043 1395 4114 epistolas
1413 4061 1487 4099 anno

221 4130 272 4182 618
295 4125 376 4180 datas
395 4130 492 4194 Magno
515 4135 616 4181 1011111
639 4125 794 4196 consignet,
819 4125 946 4181 eumdem
970 4143 1073 4180 annum
1093 4144 1149 4182 non
1171 4127 1270 4182 eodem
1293 4129 1415 4196 consule,
1439 4128 1489 4183 sed

221 4209 315 4265 verbis
335 4219 567 4279 postconsulatum
586 4215 695 4279 Agopltr'
710 4210 859 4265 Hormisda
874 4209 991 4278 indicet,
1014 4229 1070 4266 non
1092 4211 1182 4266 solum
1203 4212 1232 4266 in
1249 4212 1419 4282 epistolario
1437 4214 1487 4266 sub

221 4295 303 4351 initia
314 4294 396 4364 hujus
408 4296 474 4350 anni
487 4301 547 4361 818,
566 4294 616 4350 sed
633 4296 662 4350 et
679 4295 708 4349 in
725 4296 777 4350 hac
794 4295 844 4350 sub
863 4295 987 4365 ejusdem
1005 4296 1117 4351 exitum.
1146 4295 1236 4366 Hujus
1254 4297 1348 4351 autem
1360 4298 1400 4352 rei
1412 4297 1489 4351 nulla

223 4382 265 4435 est
282 4378 339 4435 alia
356 4378 441 4446 ratio,
460 4380 513 4435 nisi
530 4380 605 4450 quod
621 4380 740 4450 Magnus
758 4379 787 4435 iu
804 4380 917 4437 Oriente
936 4381 1032 4436 consul
1049 4383 1158 4436 creatus
1174 4381 1280 4436 nullum
1297 4382 1326 4436 in
1338 4381 1489 4438 Occidente

224 4465 360 4536 collegam
388 4465 494 4520 habuit.
535 4464 568 4519 ld
589 4481 674 4535 porro
697 4467 781 4520 moris
805 4467 878 4535 erat,
904 4469 937 4520 ut
958 4466 1112 4522 Orientales
1134 4467 1253 4522 consulis
1276 4465 1437 4528 Orientalis‚
1460 4470 1489 4520 et

225 4549 419 4608 occidentales
436 4549 621 4605 Occidentalis
638 4551 748 4605 nomine
767 4551 871 4621 scripta
889 4568 940 4606 suo
957 4551 1152 4621 consignarent
1170 4554 1251 4618 (conf.
1264 4551 1346 4607 Rossi
1363 4551 1486 4620 inscript.

225 4634 327 4692 Ohrist.
339 4636 432 4691 tom.l
450 4653 514 4705 pag.
528 4640 649 4705 434111.)
685 4636 756 4691 Hinc
774 4636 959 4705 confirmatur,
978 4636 1053 4706 quod
1070 4636 1173 4706 Pagius
1192 4636 1229 4693 ad
1246 4653 1349 4692 annum
1367 4641 1416 4690 518
1434 4640 1488 4689 n.l
1589 4701 1592 4705 ι

224 4720 340 4791 probat,
358 4722 462 4775 frustra
479 4738 497 4775 a
514 4722 651 4776 nonnullis
669 4721 840 4777 Florentium
857 4722 960 4792 Magno
978 4722 1115 4794 collegam
1133 4722 1256 4793 adjungi.

224 4811 257 4860 44
292 4807 312 4874 ¹)
330 4805 349 4859 h
368 4805 456 4861 omitt.
476 4811 546 4874 fidei.

292 4893 313 4960 ²)
331 4891 399 4945 boc
416 4897 515 4948 audire.

260 4994 415 5032 rrrsronss
430 4995 532 5033 1011111.
547 4994 658 5032 101111.
678 4982 700 5034 1.
1246 4987 1285 5046 53
