3412 5664
207 299 249 364 54
575 313 711 362 morare
733 311 886 360 rnaavra
902 276 945 360 ¹nr
968 312 1109 363 occasu

208 483 329 534 tuerunt.
351 475 434 532 Etiam
451 474 478 531 id
493 475 571 532 iacile
582 456 699 551 quisque
710 475 884 539 concesserit,
901 482 992 531 notam
1008 474 1230 550 chronologicam
1245 477 1273 532 ιιι
1285 475 1480 533 susannem

208 561 333 624 additam,
350 570 378 617 et
392 561 442 617 alia
453 578 486 616 ex
500 568 577 636 parte
593 561 741 622 llamasum,
756 568 839 634 prout
854 561 881 617 in
898 560 1042 617 parisiensi
1058 559 1144 635 Regio
1160 560 1253 618 3887.
1261 560 1291 624 3.
1306 558 1480 636 Frisingeasi

208 666 232 703 s.
248 646 398 703 limmerani
420 644 548 720 (utroque
563 644 662 702 saeculi
678 643 743 716 vltt)
764 653 793 701 et
813 644 984 702 Casanatensi
999 646 1029 701 D.
1042 644 1085 701 lV.
1102 644 1142 703 23
1162 643 1274 717 (saeculi
1287 645 1332 720 itt)
1350 645 1479 711 habetur,

209 733 316 788 minime
339 733 423 788 totius
439 731 540 788 decreti
556 740 692 787 auctorem
709 746 778 786 esse.
810 729 863 787 Sed
879 747 947 805 quae
963 729 1060 786 deinde
1075 731 1116 786 vir
1131 730 1304 787 doctissimus
1319 730 1354 788 de
1368 730 1479 788 Gelasio

208 816 328 889 ejusdem
345 825 456 872 auctore
471 818 581 880 statuit,
598 817 623 872 in
639 816 670 871 iis
686 816 837 872 sententiae
851 816 937 890 ipsius
953 814 1080 871 accedere
1096 832 1151 872 nou
1166 831 1322 890 possumus.

295 901 323 958 2.
352 902 469 958 Primum
491 903 563 958 enim
583 901 645 957 huic
660 901 811 957 sententiae
826 900 900 957 nulla
915 900 973 956 iere
988 901 1088 956 vetusti
1103 899 1203 958 codicis
1218 901 1366 957 auctoritas
1380 901 1480 958 sullra·

209 997 298 1062 gatur.
330 987 505 1043 Constantius
520 987 579 1060 ipse
595 984 698 1041 nullum
712 984 832 1041 codicem
847 994 943 1042 nactus
959 993 1009 1049 est,
1026 986 1071 1059 qni
1086 985 1112 1041 id
1123 993 1216 1061 aperte
1227 985 1372 1060 proferret.
1400 985 1478 1051 Nam.

210 1089 289 1147 quem
311 1073 448 1146 sequitur.
470 1071 571 1145 Regius
593 1070 685 1128 3887.
703 1070 722 1127 3
743 1077 831 1126 totum
851 1071 979 1128 Damaso
999 1069 1121 1126 inscribit
1134 1087 1289 1145 perperam;
1311 1069 1479 1128 llarlaeanus

209 1165 312 1220 autem,
328 1157 440 1214 minoris
456 1164 486 1212 ut
501 1156 608 1213 videtur
622 1163 702 1211 notae
717 1154 811 1219 codex,
828 1156 875 1229 qui
892 1157 1006 1213 Gelasio
1021 1153 1156 1218 adscribit,
1172 1162 1278 1214 tantum
1292 1156 1480 1231 fragmentum
1536 1180 1543 1191 ·

209 1242 331 1314 ejusdem
351 1240 462 1316 praebet
481 1240 514 1297 ah
534 1240 587 1297 illis
609 1239 711 1297 verbis:
733 1239 806 1297 Item
825 1242 933 1298 dictum
948 1249 1006 1297 est:
1021 1240 1091 1297 Post
1106 1241 1162 1298 has
1176 1257 1274 1299 omnes
1282 1242 1481 1313 propheticas

210 1336 264 1385 ate.
293 1327 323 1382 ln
344 1344 399 1402 quo
416 1328 526 1384 Gelosii
538 1342 637 1383 nomen
658 1342 708 1399 pro
724 1326 845 1383 Damasi
858 1326 917 1383 sola
931 1327 1034 1382 incuria
1048 1333 1095 1381 aut
1109 1327 1279 1383 correctione
1293 1324 1394 1383 librarii
1408 1327 1480 1383 irre·

208 1414 295 1488 psisse
316 1428 349 1469 eo
370 1413 455 1488 magis
477 1410 640 1468 credendum
663 1418 718 1474 est,
741 1427 796 1485 quo
818 1411 980 1468 Veronensis
1002 1411 1041 1469 61
1063 1409 1174 1483 (saeculi
1189 1410 1223 1466 lx
1237 1410 1280 1468 vel
1295 1409 1328 1484 ll)
1353 1410 1480 1468 eamdem

209 1514 322 1573 prorsus
336 1497 449 1553 sormam
464 1496 607 1571 prolerens
622 1513 683 1552 cum
698 1495 771 1552 dicto
786 1494 871 1571 liegio
887 1497 1014 1554 Damaso
1030 1495 1133 1553 tribuit.
1153 1497 1208 1552 Nec
1222 1495 1300 1553 nobis
1316 1494 1389 1552 ullus
1402 1495 1480 1568 ejus·

210 1582 283 1640 modi
298 1582 383 1639 codex
398 1591 491 1639 notus.
526 1580 630 1656 Quippe
645 1580 826 1656 l'risingensis
841 1589 870 1638 et
884 1581 1083 1645 emeretensis,
1108 1598 1177 1655 qnos
1193 1581 1274 1638 modo
1290 1580 1414 1644 dirimas.
1430 1598 1480 1638 co-

210 1668 281 1725 dices
296 1685 358 1724 cum
373 1666 458 1742 liegio
474 1668 647 1724 concinentes
663 1673 752 1723 totum
766 1667 889 1724 Damasi
901 1667 1009 1723 nomine
1024 1667 1184 1740 insigniunt.
1208 1666 1259 1723 atii
1270 1674 1359 1723 antem
1371 1682 1479 1731 omnes.

210 1762 241 1810 ut
255 1752 324 1809 inira
340 1754 423 1809 visuri
437 1768 545 1814 sumus,
568 1753 681 1809 Gelasio
701 1750 841 1808 decretum
862 1751 935 1808 istud
950 1759 996 1807 aut
1011 1768 1026 1807 a
1041 1767 1144 1808 maone
1159 1753 1309 1826 scripturae
1324 1767 1416 1809 sacrae
1430 1760 1481 1811 aut

210 1855 224 1895 a
239 1838 343 1895 sedium
358 1837 574 1912 patriarchalium
590 1836 765 1893 distinetione
780 1838 911 1911 incipieus
926 1836 1086 1893 inscribunt.

295 1924 324 1981 3.
345 1922 398 1979 Sed
414 1922 545 1979 accedunt
560 1938 592 1978 ea
607 1923 673 1996 ipsis
688 1922 729 1986 iis,
746 1938 816 1997 quae
827 1921 926 1979 ibidem
941 1922 1019 1978 initio
1031 1921 1217 1996 proferuntur,
1234 1928 1330 1979 canna
1340 1921 1480 1980 Gelasium

210 2007 281 2066 haud
302 2008 374 2064 leves
396 2005 579 2064 difficultates.
616 2006 696 2063 Nulla
716 2008 786 2063 enim
801 2024 834 2065 er
849 2006 930 2078 hujus
945 2004 1105 2081 pontificatu
1119 2024 1199 2064 causa
1216 2015 1281 2064 nota
1296 2016 1352 2072 est,
1373 2024 1424 2065 cur
1445 2009 1480 2066 da

123 2126 128 2145 ,
210 2094 311 2168 Spiritu
323 2101 425 2156 sancto,
442 2093 523 2155 nulla.
540 2108 588 2148 cur
602 2091 636 2148 de
651 2108 754 2149 canone
769 2092 919 2166 scripturae
931 2108 1022 2148 sacrae
1034 2092 1203 2166 synodaliter
1213 2092 1381 2150 tractandum
1391 2101 1479 2150 esset.

209 2179 560 2252 lmmohocipsurnomnino
573 2177 757 2251 illiustempus
770 2176 958 2240 deserendum,
974 2177 1007 2237 ad
1019 2177 1120 2233 Daraasi
1132 2186 1246 2235 aetatem
1259 2177 1480 2236 descendendum

145 2264 149 2279 '
211 2265 268 2320 lere
281 2262 384 2319 suadet.
401 2263 429 2318 ln
440 2261 635 2337 probatissimis
652 2264 752 2336 quippe
764 2261 901 2319 codicibus
913 2261 990 2318 loeus
996 2261 1029 2318 de
1035 2262 1163 2318 iohannis
1176 2263 1299 2337 epistolis
1311 2265 1348 2320 ita
1360 2262 1479 2338 legitur:

210 2350 352 2406 iohannis
367 2350 491 2421 apostoli
504 2351 626 2420 epistota
640 2347 667 2405 Ι.
697 2347 825 2404 Atrertm
838 2347 983 2404 Iohannis
995 2348 1163 2422 presbyteri
1177 2351 1315 2421 epistolae
1329 2348 1374 2406 ΙΙ.
1404 2346 1481 2416 Quae

211 2433 319 2509 quidem
340 2450 363 2488 s.
380 2433 535 2507 Hieronymi
558 2435 692 2489 sententia
712 2448 815 2489 maone
831 2432 950 2489 noudum
966 2431 1085 2489 stabilito
1101 2433 1240 2489 llamasnm
1254 2433 1294 2490 illi
1310 2432 1480 2505 conjunctis·

210 2521 307 2576 simum
321 2534 431 2575 movere
445 2526 567 2592 poterat;
590 2518 711 2574 Gelasius
732 2534 796 2574 vero
816 2525 881 2593 post
896 2517 1060 2574 saecularem
1074 2517 1132 2574 lere
1149 2519 1232 2575 totius
1248 2516 1382 2576 Ecclesiae
1396 2519 1480 2576 aliurn

211 2620 382 2667 consensum,
397 2611 461 2677 post
475 2603 643 2678 synoslorum
658 2604 841 2659 Africanarum
857 2611 885 2658 et
899 2601 1073 2659 decessorum
1089 2620 1200 2659 suorum
1216 2601 1386 2678 (praeprimis
1396 2603 1481 2661 lnuo·

211 2690 291 2746 centii
306 2687 316 2743 l
331 2688 463 2762 epistolae
476 2687 506 2761 6)
521 2690 669 2745 constituta
684 2696 739 2744 tres
755 2687 814 2744 illas
831 2687 959 2762 epistolas
973 2688 1089 2744 iohanni
1105 2688 1232 2763 apostolo
1249 2687 1430 2746 adscribentis
1445 2688 1480 2746 ad

210 2774 282 2832 illam
298 2773 386 2831 redire
401 2775 443 2830 ris
459 2783 505 2830 aut
519 2790 554 2830 ne
569 2775 611 2829 vis
627 2773 735 2848 quidem
749 2774 849 2848 potuit.
880 2772 955 2829 Unde
970 2772 1042 2829 illam
1056 2781 1160 2847 partem
1175 2773 1284 2836 decreti.
1301 2790 1354 2848 qua
1368 2773 1403 2830 de
1416 2773 1479 2850 Spl-

210 2861 266 2917 ritu
286 2867 379 2916 sancto
402 2868 430 2916 et
450 2859 484 2915 de
499 2875 602 2916 canone
617 2860 765 2937 scripturae
781 2874 872 2916 sacrae
887 2859 991 2933 agitur,
1008 2857 1114 2915 Gelasio
1130 2875 1185 2916 uon
1199 2875 1345 2934 possumus
1359 2875 1417 2916 non
1432 2858 1480 2917 ab·

207 2944 340 3017 judicare.

294 3029 324 3086 4.
355 3029 388 3086 Ut
404 3045 468 3086 vero
479 3028 535 3101 jam
549 3031 694 3087 certiorem
710 3029 823 3086 sormam
838 3027 941 3085 decreti
956 3027 1037 3100 hujus
1053 3045 1229 3104 assequamur
1247 3039 1274 3087 et
1289 3028 1363 3105 quod
1378 3031 1480 3106 cuique

210 3114 383 3172 tribuendum
398 3117 433 3171 sit
448 3114 652 3190 dignoscamus,
673 3115 744 3171 illius
765 3122 939 3189 prospectum
955 3113 1097 3188 quemdam
1112 3131 1145 3170 en
1159 3113 1297 3171 codicibus
1313 3114 1480 3173 delineatum

211 3200 337 3258 exhibere
348 3200 434 3272 Juvat.
457 3200 541 3257 Simul
556 3200 592 3257 ibi
608 3200 778 3274 singulorum
794 3199 986 3273 exemplarium
1002 3200 1191 3273 inscriptiones
1209 3201 1311 3275 optime
1326 3199 1479 3278 adjungen-

211 3293 269 3348 tur,
291 3284 389 3359 quibus
405 3287 497 3342 critica
512 3286 545 3342 de
560 3293 671 3342 auctore
692 3285 815 3360 quaestio
831 3283 902 3340 haud
916 3301 1011 3358 parum
1026 3283 1169 3341 incidatur.
1199 3285 1300 3342 l'otum
1315 3287 1480 3360 opuseulum

211 3372 308 3444 igitur.
331 3378 463 3442 quatenus
483 3371 670 3444 manuscriptis
692 3368 851 3444 praebetur,
875 3369 922 3427 has
939 3371 1059 3444 quinque
1074 3379 1164 3443 partes
1179 3371 1384 3445 complectitur:
1414 3372 1481 3430 lde

211 3455 311 3527 Spiritu
331 3462 439 3518 saucto;
469 3454 491 3510 ll
512 3455 545 3511 de
566 3471 668 3511 canone
689 3456 839 3528 scripturae
860 3471 964 3518 sacram
993 3453 1027 3510 lll
1053 3454 1086 3510 dc
1107 3454 1216 3512 sedibus
1237 3455 1479 3530 patriarchalibus:

211 3538 244 3594 lV
259 3538 293 3595 de
307 3539 418 3612 syrrodis
434 3541 613 3596 oecumenicis
635 3538 736 3614 (ibique
757 3539 801 3595 alii
815 3557 876 3596 enm
898 3538 1078 3597 additamento
1099 3539 1133 3597 de
1153 3543 1261 3614 synodo
1277 3541 1479 3601 Constantino·

206 3627 340 3696 potitarra
356 3627 426 3680 etsi
445 3642 504 3698 qua
519 3627 578 3681 alia
598 3628 722 3682 consitio
737 3632 805 3690 etc..
827 3625 853 3680 id
875 3626 948 3700 quod
964 3641 1014 3681 nos
1029 3625 1127 3682 litteris
1143 3644 1169 3684 c.
1176 3642 1200 3683 s.
1207 3627 1249 3684 Ct.
1265 3626 1479 3702 adnotabimusla

212 3709 232 3763 V
248 3708 281 3765 de
292 3707 371 3764 libris
386 3709 546 3784 recipiendis
568 3718 595 3766 et
610 3709 772 3782 rejiciendis.
813 3709 884 3767 llaec
904 3727 971 3786 ergo
994 3709 1083 3767 tabula
1104 3710 1176 3767 illius
1198 3711 1312 3769 iormam
1328 3711 1479 3771 secundum

210 3794 332 3869 singulas
347 3793 469 3852 codicum
484 3797 659 3852 auctoritates
674 3797 745 3852 notis
761 3794 886 3852 brevibus
903 3804 1101 3870 repraesentat:

234 3930 401 3988 lDamoso:
449 3923 485 4004 1¹)
496 3922 543 4005 11²)
564 3925 622 4006 111³)
649 3924 705 4004 ιιι)
820 3925 866 4004 V⁵)
1102 3931 1136 3986 ιι
1151 3933 1184 3989 Yt
1200 3929 1229 3988 Φ

233 4014 401 4073 2Damaso:
448 4016 460 4072 l
496 4016 518 4072 ll
561 4015 594 4072 lll
643 4017 677 4073 lV
816 4012 1135 4090 ιι(’-1ι.(]1ιν.ιιιιι.)ι“ι

280 4197 299 4262 ¹)
318 4193 354 4248 F·
372 4194 412 4248 ge
430 4193 465 4248 F'
485 4195 523 4249 ιη
540 4195 583 4250 11⁸
600 4199 698 4265 Iaeipit
716 4201 846 4251 comediam
862 4200 932 4251 urbr'a
944 4201 1038 4252 Romae
1055 4200 1101 4251 rub
1114 4201 1225 4252 Damaso
1240 4201 1317 4267 Papa
1335 4203 1367 4253 de
1385 4206 1479 4268 asapia·

211 4267 314 4318 metim
332 4262 383 4331 (Y0
400 4266 664 4333 explicatioaeffidei.
683 4269 781 4319 Dictum
798 4277 851 4321 est.-
868 4269 945 4319 Prius
962 4270 1085 4334 agendum
1102 4268 1168 4320 deS
1186 4270 1246 4320 iritu
1263 4285 1291 4320 se
1325 4270 1408 4335 ‘faram
1424 4269 1478 4324 ete.

211 4330 354 4400 usquead
370 4337 530 4387 annuntiabit
546 4336 629 4394 sabb,
651 4334 683 4386 ub
705 4332 779 4402 apud
797 4332 972 4387 Holsienium
991 4333 1051 4387 coll.
1070 4333 1151 4387 Rom.
1180 4339 1257 4401 ,178.
1352 4333 1480 4405 ejusdem

211 4398 320 4478 generis
338 4398 432 4454 codiee
450 4400 587 4471 excerpsit
599 4400 725 4457 collectio
737 4400 867 4479 beselmo
881 4400 1011 4456 dedicata
1023 4404 1078 4470 (Φ),
1096 4403 1221 4456 neemiam
1233 4400 1377 4458 decretum
1393 4402 1480 4460 lib.X

211 4484 234 4522 c.
247 4474 294 4523 108
312 4470 354 4522 ιιι
365 4470 520 4537 proferens:
542 4474 579 4523 De
596 4474 684 4524 eadem
701 4488 779 4523 caasa
797 4468 863 4536 (scil.
879 4473 927 4534 Qui
937 4473 997 4523 libri
1013 4475 1039 4523 ia
1051 4490 1148 4525 canone
1159 4473 1329 4539 recipiantur)
1348 4478 1481 4528 cendum

210 4539 280 4591 urbia
297 4540 393 4591 Romae
413 4540 459 4591 sub
477 4543 589 4592 Damaso
607 4542 638 4596 P.
674 4541 748 4591 Nune
765 4557 825 4592 aero
843 4542 875 4592 de
894 4543 1031 4607 scripturis
1049 4539 1102 4592 ebo.
1129 4555 1217 4608 iisque
1240 4537 1276 4593 ed
1298 4538 1343 4594 fin.
1363 4556 1424 4610 cup.
1439 4540 1479 4595 III

212 4610 337 4659 eredimus
355 4624 411 4660 esse
428 4608 570 4661 subdenda.

280 4675 300 4740 ²)
318 4672 355 4725 F·
372 4673 413 4727 Ye
430 4672 468 4727 F¹
486 4673 524 4728 1⁶¹²
541 4673 582 4726 Ha
604 4677 670 4727 Item
688 4677 780 4726 dietum
798 4685 851 4727 est.-
874 4678 947 4727 Nisae
964 4693 1024 4729 nero
1042 4679 1228 4744 descriptoris
1246 4681 1337 4731 diuinis
1353 4682 1480 4747 aagendam

211 4740 815 4878 tii.ti³ditii⁸ibitiiii,tlibi
826 4742 1480 4869 iitsititliiiia‘ti''diffiniit

211 4880 336 4932 iohannis
354 4884 465 4946 apostoli
481 4884 588 4947 epistota
607 4881 631 4935 I.
670 4882 784 4932 Alterius
801 4882 925 4933 iohannis
940 4882 1089 4947 presbyteri
1105 4830 1290 4950 epibataeplt.
