3450 5678
345 326 410 391 890
788 342 815 391 s.
833 340 1040 389 neamsnae
1061 340 1177 387 raras

215 508 252 573 (a.
262 510 332 575 ola.)
344 501 378 562 et
399 498 482 583 quod
504 518 568 561 non
584 518 717 581 parvam
732 518 839 560 eorum
855 495 994 581 abjectio
1009 495 1202 581 apostalicae
1217 494 1302 559 sedis
1323 494 1434 579 tangit
1449 494 1628 578 injuriam:

343 601 418 685 nc⁴)
441 599 695 665 Christianitatis
717 602 842 663 vestrae
864 599 1049 681 sinceritas,
1079 620 1141 681 qua
1164 601 1197 661 et
1218 619 1373 681 nragnum
1400 597 1628 681 patrocinium

343 702 504 767 veteribus
528 702 710 767 constitutis
732 702 919 786 impenditis
941 704 974 765 et
995 700 1079 765 sedis
1100 700 1294 784 apostolicae
1309 700 1534 784 principatum
1551 702 1628 763 acta

343 805 469 869 noviter
483 805 687 869 veneratione
702 804 845 887 sancitis,
868 803 904 867 iu
918 824 983 867 ano
997 802 1283 888 inexpugnabilem
1303 801 1465 887 relinquat
1482 801 1628 887 posteris

342 908 474 993 negotio
496 907 725 992 (quaestionem.

846 1074 1029 1179 Epistola
1055 1076 1114 1159 94.

200 1208 330 1263 “t-5¹⁰d·
526 1230 738 1297 Hormisdae
760 1244 871 1314 papae
893 1228 937 1293 ad
961 1228 1194 1311 Euphemiam
1218 1226 1431 1310 Augustam.

208 1274 321 1345 &Sertl

269 1294 280 1346 l
376 1370 520 1435 Perpetuus
540 1387 590 1433 pro
612 1372 671 1433 ejas
693 1378 718 1420 et
740 1372 903 1436 imperatoris
925 1372 1006 1419 solerte
1028 1370 1064 1417 ad
1085 1370 1164 1418 Deam
1185 1384 1213 1417 se
1236 1365 1267 1417 'et
1289 1368 1439 1417 catholicam
1462 1386 1594 1435 quemque
1640 1372 1657 1425 Ι·
1677 1362 1718 1409 1Ῑῦ

504 1471 596 1519 preces
614 1458 756 1521 effundere.
794 1456 888 1518 Edoni,
913 1454 1029 1504 Thomam
1048 1461 1074 1503 et
1091 1454 1262 1503 Il'icostraaoa
1280 1454 1445 1503 commendat.

493 1587 705 1652 Hormi-sda
726 1588 970 1673 Euplrcmiae
993 1587 1210 1671 Augustae.

428 1710 457 1770 1.
494 1708 594 1771 Orare
616 1728 675 1771 nos
698 1714 731 1771 et
753 1728 810 1791 pro
832 1709 940 1770 vestra
964 1705 1186 1770 incolumitate
1208 1704 1277 1769 Deo
1304 1708 1416 1769 nostro
1443 1708 1526 1769 vota
1555 1730 1629 1791 per·

341 1808 463 1873 solvere
491 1831 563 1872 curn
592 1808 822 1873 catholicorum
849 1808 948 1872 etiam
982 1811 1072 1872 coetu
1100 1808 1170 1872 sine
1204 1807 1381 1871 cessatione
1412 1808 1627 1890 pontificum.

341 1933 407 1976 non
430 1913 555 1975 vestrae
576 1912 717 1975 studium
732 1910 927 1975 exorationis
940 1910 1068 1993 invit-at,
1092 1911 1148 1974 sed
1163 1910 1313 1974 devotum
1327 1913 1425 1994 atque
1439 1910 1628 1993 persistens

340 2013 375 2077 in
398 2013 616 2077 ecclesiastica
637 2014 781 2077 stimulat
810 2012 1070 2077 reconciliatione
1098 2011 1309 2096 propositam.
1353 2010 1432 2086 Quis
1461 2012 1555 2077 cuim
1585 2014 1628 2077 ab

339 2114 503 2178 haeretica
525 2118 713 2200 segregatus
737 2114 974 2199 conspiratione
996 2136 1030 2177 se
1052 2116 1172 2197 teneat,
1196 2114 1266 2198 quis
1288 2112 1361 2177 aliis
1376 2114 1410 2177 iu
1432 2136 1495 2177 sua
1512 2120 1628 2179 rrtadur

340 2216 566 2299 deprecatione
588 2217 772 2301 principiis,
802 2217 865 2280 uisi
888 2220 923 2280 ut
946 2216 1036 2280 vobis
1058 2215 1322 2299 serenissimoque
1346 2214 1490 2301 principi
1513 2218 1627 2301 jugali

340 2321 446 2382 vestro
468 2322 501 2381 ct
522 2319 590 2383 vita
612 2318 655 2382 sit
676 2318 814 2403 longior,
838 2322 871 2383 et
893 2318 933 2381 ad
956 2318 1180 2402 prosperitatis
1202 2320 1412 2403 augmentmn
1434 2318 1550 2401 gratia
1577 2320 1624 2383 di-

340 2419 416 2483 vina
443 2420 632 2503 proximior:
659 2421 714 2505 qui
741 2421 835 2485 initia
860 2420 965 2484 felicis
993 2419 1119 2502 imperii
1147 2419 1308 2504 plectendi
1340 2422 1626 2485 exsecrat-ionibus

341 2522 552 2586 consecrastis
574 2523 700 2605 erroris
725 2527 758 2587 ct
780 2524 916 2587 naricam
937 2521 1064 2586 ‹lialaolo
1087 2522 1222 2606 pacifica
1243 2521 1410 2606 expulistis
1433 2522 1626 2588 intentione

340 2624 554 2688 discordiam?
598 2624 689 2690 Unde
712 2647 798 2688 nunc
821 2625 913 2689 dccet
933 2646 990 2688 vos
1011 2624 1225 2687 laudabilibus
1254 2624 1375 2707 coeptis
1404 2624 1563 2689 insistere
1592 2642 1625 2689 et

340 2748 398 2811 pcr
419 2730 523 2791 totum
537 2728 646 2790 arbem
662 2728 839 2810 perfectam
862 2748 1013 2811 spargere
1036 2725 1239 2810 medicinam,
1263 2726 1337 2810 quia
1360 2724 1494 2791 Christo
1517 2730 1626 2813 nrajar

340 2850 491 2892 numerus
513 2830 623 2913 gregis
638 2830 765 2894 oblatas
781 2830 959 2894 nierecdem
975 2828 1173 2892 confidenter
1188 2828 1290 2912 erigut
1304 2828 1494 2911 largiorem.
1532 2830 1626 2895 luter

340 2953 421 3015 quae
444 2952 538 2995 curae
560 2912 760 3013 vestrae⁰sit,
785 2936 821 2994 ut
843 2932 966 2995 nullum
983 2933 1121 2995 Satanas
1139 2930 1328 3013 jamdudmu
1352 2934 1539 3013 prostratus
1556 2933 1624 2996 rul-

339 3054 401 3095 nus
423 3032 596 3117 efficiat¹),
625 3034 680 3097 sed
705 3034 937 3098 canrmrurionis'
958 3034 1067 3097 unitas
1090 3054 1244 3117 magnum
1272 3033 1315 3096 sit
1337 3032 1492 3116 justitiae
1522 3037 1625 3123 impe·

339 3135 473 3199 trandae
496 3136 691 3221 suffragium.

424 3238 455 3301 2.
490 3236 687 3313 Quaesumus
710 3260 859 3323 auraque,
883 3242 919 3301 at
941 3236 1070 3301 taudem
1091 3236 1130 3301 de
1153 3235 1387 3311 venerabilibus
1403 3236 1569 3307 iratribus
1591 3252 1625 3309 et

341 3339 537 3422 coepiscopis
552 3339 682 3423 uostris,
706 3340 789 3418 lllia,
814 3340 971 3404 'llramate
993 3344 1088 3424 atquc
1104 3338 1302 3421 Nicostrato,
1326 3340 1411 3423 quad
1433 3346 1624 3411 saeratissi-

340 3462 463 3504 morum
489 3464 648 3505 calianum
680 3443 781 3507 dictat
810 3442 999 3524 auctoritas,
1029 3442 1118 3505 uitiis
1147 3442 1394 3505 decernentibus
1422 3444 1627 3530 impleatur:

340 3565 381 3606 nc
404 3543 573 3607 videantur
595 3549 631 3610 at
653 3549 798 3609 auctores
821 3545 956 3629 alicujus
973 3544 1058 3625 ruali,
1082 3544 1165 3627 quod
1181 3544 1276 3627 primi
1296 3544 1336 3607 ad
1353 3545 1521 3612 unitatem
1539 3554 1627 3615 sedis

340 3644 533 3729 apostolicae
561 3646 773 3730 festinarunt,
803 3647 837 3711 in
865 3634 1025 3711 communi
1054 3646 1198 3710 omnium
1225 3646 1342 3731 gaudio
1370 3646 1431 3711 sali
1462 3654 1628 3719 meruisse

340 3748 480 3830 percelli,
505 3752 537 3812 ct
560 3750 594 3812 in
608 3749 696 3812 facto
712 3749 865 3813 laudabili
886 3749 1003 3814 victam
1020 3748 1180 3832 personali
1195 3748 1268 3812 odio
1284 3748 1418 3813 cessisse
1436 3750 1626 3835 justitiam.

340 3846 468 3911 Nostris
494 3872 571 3932 erge
599 3851 746 3934 precibus
775 3852 860 3935 apud
888 3850 1171 3915 clementissimum
1194 3851 1378 3935 :luparstunr
1406 3860 1542 3921 vestras
1570 3860 1628 3925 ad-

335 3949 476 4033 jungite,
501 3956 537 4015 at
557 3952 715 4037 fruct-um,
745 3976 840 4038 quem
861 3953 925 4017 illis
948 3957 1074 4037 patrum
1098 3953 1228 4037 regulae
1250 3952 1350 4017 tribui
1373 3960 1405 4017 ct
1431 3966 1628 4029 conservari

340 4052 553 4137 praecipiunt,
578 4054 709 4119 inimica
730 4056 955 4139 tergiversatio
978 4056 1104 4120 eruferre
1126 4077 1192 4120 non
1215 4054 1325 4139 possit.

341 4228 642 4239 ——-—-——-—-—-

338 4332 461 4394 crrpr'raaa,
481 4346 595 4383 errorem
607 4349 691 4382 ‹rraacs
703 4334 862 4397 relinquant,
880 4334 972 4381 aerariaa'
988 4333 1087 4397 paridem
1103 4333 1191 4397 perire
1208 4347 1270 4381 sara
1281 4332 1362 4383 doaerr
1374 4334 1484 4391 deterre.
1505 4344 1558 4391 red
1569 4345 1629 4393 la'r's,

338 4417 382 4481 qui
397 4432 447 4479 pro
461 4420 514 4479 fide
531 4418 721 4475 laboraverant,
740 4434 793 4466 ram
811 4420 878 4467 emar·
891 4420 1024 4481 prlar'lepr'o
1041 4433 1087 4467 arra
1105 4424 1226 4481 ‹rporreaa
1243 4418 1292 4480 jus
1308 4420 1448 4483 propriam
1470 4428 1629 4487 reserum

339 4496 408 4549 Cum
427 4496 468 4551 his
487 4498 581 4552 causer
600 4497 765 4552 llormisdae
784 4498 859 4553 dicta
877 4498 949 4553 iufra
967 4496 1046 4567 epist.
1066 4504 1107 4553 95.

406 4584 426 4643 ⁴)
447 4582 494 4636 Ed.
512 4604 570 4644 aec,
588 4600 708 4651 moxque
725 4590 842 4643 resarcitis.
860 4606 917 4641 atrro.

338 4672 370 4719 al
408 4670 427 4735 ¹)
445 4666 479 4722 G¹
493 4672 519 4722 a¹
539 4674 649 4735 afficere,
668 4684 787 4737 moxque
806 4668 841 4723 G¹
854 4674 971 4734 jezraelem
986 4674 1128 4737 personali.
