3412 5664
310 327 349 394 10
648 347 782 398 nonme
804 347 956 398 suessan
979 347 1016 397 ru
1037 346 1172 397 sacrcxs
1195 347 1231 396 11.

307 521 376 561 mam
391 508 522 580 pervenit,
534 505 589 578 jam
605 507 685 564 Felici
700 508 814 564 traditae
830 516 906 566 erant
920 527 934 563 a
950 510 1040 583 regiae
1055 506 1128 565 urbis
1143 507 1245 565 civibus
1260 510 1421 583 cunctisque
1432 507 1570 564 orientali·

306 589 358 646 bus
378 590 505 647 adversus
525 593 650 650 Acacium
671 595 840 668 conscriptae
858 593 964 650 litterae
989 592 1122 668 (adeoque
1142 594 1295 668 Simplicius
1313 592 1368 664 jam
1394 591 1570 664 decesserat).

307 674 384 732 Tunc
397 684 492 733 contra
507 678 629 736 eamdem
647 681 804 753 episcopum
818 679 955 737 iohannes
975 677 1095 734 libellum
1116 677 1224 735 obtulit.
1254 677 1284 735 ln
1297 694 1352 754 quo
1368 694 1451 753 quam
1466 676 1570 741 eadem,

307 777 376 835 quae
392 763 545 826 orientales,
567 762 600 819 de
614 764 662 821 illo
677 763 857 828 denuntiaret,
880 763 954 821 Felix
974 765 1001 820 in
1021 763 1123 837 templo
1138 762 1211 820 Petri
1225 763 1413 838 apostoloram
1428 762 1571 836 lroripbaei

307 855 472 922 congregata
486 847 591 922 synodo
612 849 681 905 duos
702 851 846 924 episcopos
867 866 897 905 ac
917 848 1087 905 defensorem
1103 848 1365 923 Constantinopolim
1389 865 1450 904 cum
1471 847 1571 904 litteris

307 931 415 1006 legavit,
436 935 481 1008 qui
502 933 612 989 Petrum
627 933 755 1009 lloagum
779 950 829 990 eeu
849 935 1013 992 haereticum
1028 933 1186 990 Alexandria
1207 933 1367 1005 ejiciendum
1388 949 1448 990 esse
1468 932 1571 989 Zenoni

307 1017 458 1092 Acacioque
472 1017 664 1093 significarent.
682 1017 784 1087 Quibus
795 1018 1049 1094 concinitEvagrius
1055 1018 1097 1082 lll,
1107 1019 1155 1082 18,
1172 1027 1305 1093 quatenus
1320 1017 1427 1076 libellos
1441 1017 1572 1073 adversus

307 1103 430 1159 Acacium
445 1120 459 1158 a
472 1104 595 1160 iohanne
612 1103 702 1166 Felici,
724 1121 779 1161 oon
794 1105 945 1180 Simplicio,
968 1112 1105 1179 porrectas
1121 1104 1215 1167 docet,
1237 1111 1318 1178 atque
1339 1104 1381 1160 bis
1401 1102 1572 1160 excutiendis

307 1184 434 1258 indictam
454 1196 482 1244 et
502 1187 661 1245 celebratam
676 1190 819 1263 synodum,
841 1206 874 1246 ex
895 1206 948 1264 qua
962 1189 1054 1246 Vitalis
1070 1189 1233 1246 Frocatinus
1253 1197 1281 1245 et
1301 1189 1418 1245 blisenas
1436 1187 1572 1243 Cumanus

307 1275 427 1350 episcopi
444 1290 506 1330 cura
518 1272 607 1331 Felice
625 1273 770 1331 ‹leleasore
781 1275 907 1350 delegati,
921 1276 967 1349 qui
983 1275 1086 1330 litteras
1101 1275 1255 1348 imperatori
1270 1273 1406 1330 deferrent
1421 1283 1449 1329 et
1459 1272 1572 1328 Romam

307 1367 451 1415 evocarent
465 1359 604 1421 Acacium,
622 1376 730 1423 eorum,
754 1376 822 1434 quae
842 1362 895 1434 ipsi
909 1360 1045 1416 iohannes
1062 1357 1218 1431 objiciebat,
1236 1360 1369 1416 rationem
1389 1357 1571 1414 redditurum.

307 1441 409 1514 Quibus
425 1441 512 1500 verbis
528 1442 657 1518 Euagrius
672 1452 841 1519 postremum
857 1462 889 1501 ex
904 1446 946 1502 his
962 1453 1081 1519 quatuor
1100 1446 1209 1518 scriptis
1230 1443 1302 1500 baud
1325 1441 1440 1500 obscure
1459 1443 1572 1499 indicat.

307 1529 424 1587 Primum
445 1545 509 1585 vero
530 1527 653 1585 Gelasius
674 1529 776 1586 diserte
796 1529 887 1586 laudat
908 1528 958 1587 sub
979 1529 1146 1586 tractatusll
1167 1530 1288 1592 initium,
1309 1528 1458 1585 secundum
1480 1529 1574 1586 Victor

307 1614 525 1688 carthaginensis
546 1616 690 1688 episcopus
718 1614 894 1697 et'llartinus
910 1632 978 1690 papa
993 1614 1014 1672 l.

296 1741 301 1746 .
392 1698 420 1756 3.
460 1698 513 1756 Pro
536 1707 611 1756 textu
632 1700 749 1774 denique
770 1699 945 1775 epistolarum
962 1701 977 1755 1
996 1701 1053 1756 ct2
1075 1699 1216 1774 permultis
1237 1716 1269 1755 ea
1289 1697 1410 1774 partibus
1431 1697 1574 1754 laborante

307 1785 480 1841 Constantius
501 1783 605 1841 nullum
625 1784 744 1842 codicem
770 1784 897 1841 adbibere
912 1786 1011 1860 potnit,
1032 1784 1173 1841 lluraudus
1193 1795 1284 1841 autem
1304 1783 1388 1840 semel
1405 1791 1510 1840 tautum
1532 1781 1575 1855 (ac

307 1872 399 1927 nescio
414 1887 447 1926 an
463 1869 586 1942 erronee)
601 1868 787 1945 llemigianum
799 1887 849 1926 ms.
866 1870 965 1927 laudat.
996 1869 1078 1926 Nobis
1099 1886 1161 1926 eum
1183 1869 1216 1925 ad
1239 1878 1356 1944 quatuor
1373 1869 1574 1944 praestantissi-

307 1972 412 2012 morum
428 1955 617 2030 exemplarium
635 1957 762 2012 trutinam
778 1972 872 2012 vocare
888 1956 973 2025 licuit,
1000 1955 1124 2012 videlicet
1139 1953 1312 2011 llarberinum
1328 1953 1420 2018 2888,
1446 1954 1574 2010 Vaticana

309 2038 391 2098 1342
412 2048 440 2096 et
460 2039 542 2098 5845
570 2048 598 2096 et
618 2040 818 2097 vallicellanum
839 2040 897 2097 15.
928 2040 1003 2097 Unde
1023 2039 1131 2096 demum
1152 2039 1211 2111 ojus
1231 2041 1415 2114 integritatem
1437 2037 1470 2094 ab
1493 2040 1574 2095 inau-

308 2126 388 2182 meris
409 2125 513 2181 mendis
533 2127 677 2183 teterrimis
694 2128 845 2182 restitutam
862 2142 930 2189 esse,
952 2126 1067 2201 quisque
1087 2125 1120 2181 ad
1141 2124 1275 2182 editorum
1294 2125 1408 2182 lormam
1427 2123 1574 2181 conterens

308 2210 386 2267 laeile
400 2212 543 2267 invenerit.

452 2344 490 2404 In
511 2342 626 2405 reneis
648 2342 795 2423 epistotae
816 2343 836 2405 8
857 2349 889 2406 et
910 2345 931 2406 4
953 2340 1178 2424 (‚,Episoopali“
1199 2355 1228 2404 et
1242 2347 1358 2419 „Qum
1372 2339 1471 2424 sibi‘).

208 2463 294 2532 [laic]
391 2464 465 2521 Licet
478 2482 528 2539 per
544 2466 655 2523 Vitalcm
670 2475 698 2522 et
713 2466 842 2522 blisenum
862 2468 1033 2523 transmissae
1048 2466 1170 2540 adeoque
1185 2484 1245 2522 cum
1268 2465 1373 2522 duabm
1388 2465 1511 2548 epistolis
1526 2482 1575 2522 su·

308 2549 459 2626 potioribus
481 2553 658 2626 conscriptae,
685 2550 754 2607 lraud
777 2560 865 2607 tamen
886 2568 901 2607 a
922 2551 1018 2625 legatis
1043 2559 1121 2607 erant
1142 2561 1204 2608 ante
1228 2551 1382 2615 tradendae,
1408 2566 1488 2626 quarn
1510 2567 1576 2624 pro·

308 2635 425 2698 bassani,
441 2637 564 2693 Acacium
580 2653 683 2693 morem
704 2636 777 2694 nolle
792 2636 880 2694 lacere
901 2637 942 2699 iis,
964 2637 999 2696 ad
1018 2653 1086 2710 quae
1107 2638 1195 2711 ipsum
1212 2636 1286 2694 Felix
1302 2636 1417 2711 epistola
1432 2635 1576 2710 superlore

309 2721 477 2778 adhortatur.

586 2855 626 2916 In
645 2854 758 2917 rania
781 2833 944 2934 spaeram
964 2854 983 2914 a
1006 2852 1134 2935 caan
1149 2851 1294 2938 noscere).
1387 2922 1392 2929 ,

243 2975 296 3044 [53]
393 2976 487 3033 Exstat
501 2979 529 3034 in
544 2977 638 3034 iisdem
655 2980 764 3035 omnino
780 2977 985 3052 exemplaribus,
1001 2980 1030 3034 in
1046 2978 1143 3052 quibus
1158 2986 1296 3053 postrema
1307 2977 1437 3052 Simplicii
1451 2977 1484 3032 ad
1499 2994 1577 3034 eum·

310 3062 370 3119 dem
386 3062 520 3120 Zenonem
536 3063 659 3137 epistola.
690 3063 754 3121 ideo
770 3080 834 3120 vero
850 3064 903 3120 huc
917 3080 975 3120 cam
991 3063 1147 3128 scierimus,
1172 3062 1245 3138 quod
1266 3065 1340 3137 prius
1356 3062 1427 3118 baud
1443 3061 1524 3118 dubie
1540 3064 1578 3119 sit

310 3147 420 3204 aFelico
435 3149 597 3222 conscripta,
614 3149 814 3223 quamZenoais
830 3149 928 3205 litteris
943 3157 1106 3224 praeventus
1122 3156 1202 3211 esset,
1219 3165 1270 3204 nec
1284 3146 1424 3221 probabile
1435 3156 1486 3212 cst,
1503 3161 1576 3212 eum,

310 3235 352 3288 cui
368 3233 464 3289 Felicis
479 3232 607 3290 decessor
622 3236 705 3290 vicem
720 3250 796 3290 suam
810 3233 863 3290 illis
878 3235 907 3290 in
922 3233 1078 3309 regionibus
1095 3234 1279 3310 delegaverat,
1302 3233 1348 3289 diu
1362 3231 1496 3290 salutandi
1511 3235 1577 3291 novi

310 3316 445 3391 pontilicis
461 3316 552 3374 allicio
568 3318 696 3375 deluisse.

610 3452 648 3513 Ia
669 3450 781 3513 Felicis
804 3450 968 3529 epistolam
988 3449 1009 3512 8
1031 3449 1272 3534 („Mnttaram“).

209 3568 296 3640 illuc]
396 3573 423 3629 1.
454 3572 631 3630 Celeberrima
650 3575 716 3630 haec
736 3574 851 3649 epistola
871 3576 898 3630 in
919 3573 1038 3632 editione
1058 3574 1176 3631 Romana
1195 3581 1306 3631 notatur
1326 3589 1367 3631 eac
1388 3574 1544 3631 Cresconio
1556 3567 1578 3647 ¹)

309 3657 453 3732 descripta.
495 3658 550 3716 Nos
577 3676 634 3716 cam
660 3661 808 3734 reperimus
834 3661 860 3716 in
886 3658 1021 3716 veteribus
1044 3677 1109 3716 mss.
1132 3659 1301 3717 collectionis
1322 3657 1526 3727 Quosnelllaaae
1549 3668 1580 3717 et

309 3743 441 3818 lllspaaae
455 3744 605 3819 isidorique
620 3743 823 3819 exemplaribus.
854 3744 996 3802 Praeterea
1018 3753 1073 3802 tota
1094 3747 1196 3801 inserta
1211 3753 1253 3801 est
1269 3746 1352 3801 veteri
1369 3760 1502 3800 mnodum
1518 3745 1577 3801 col·
1594 3800 1597 3804 ,

308 3830 418 3887 lectioni
439 3838 500 3886 ante
515 3830 611 3887 lsidori
633 3847 726 3887 aevum
747 3832 936 3893 concinnatae,
959 3830 1037 3902 cujus
1058 3830 1165 3904 quidem
1186 3829 1311 3904 exempla
1329 3831 1356 3886 in
1372 3828 1527 3885 Golbertina
1548 3837 1578 3886 et

309 3915 469 3971 coislinianae
484 3914 653 3973 bibliothecis
669 3917 799 3973 asservari
810 3916 865 3989 jam
884 3915 1098 3979 observavimus,
1129 3911 1195 3993 [nec
1216 3932 1270 3972 noo
1293 3915 1482 3971 vetustissimis
1502 3914 1578 3972 codi-

309 3999 384 4057 cibus
399 3999 543 4058 Barberiuo
556 4001 646 4065 2888,
667 4003 798 4058 Vaticanis
817 4001 897 4060 1342
913 4009 941 4058 et
956 4000 1038 4059 5845
1054 4009 1136 4075 atque
1152 4000 1299 4057 Veronensi
1315 3994 1382 4076 46].
1417 3999 1481 4055 Eam
1497 3998 1578 4056 Libe-

308 4094 383 4143 ratus
397 4084 510 4143 breviar.
527 4105 551 4143 c.
562 4087 600 4146 18
616 4091 793 4160 scripturam
814 4105 865 4145 seu
879 4089 1012 4146 obortam
1030 4090 1223 4146 damnationis
1238 4093 1325 4143 vocat.
1361 4083 1392 4141 lu
1412 4083 1578 4143 collectione

309 4170 447 4239 Quesnclll
462 4173 485 4227 is
501 4173 525 4227 ei
547 4172 640 4229 titulus
656 4172 831 4249 praefigitur:
852 4175 888 4230 In
903 4175 1087 4230 damnatione
1103 4174 1208 4230 Aeacii
1227 4170 1264 4243 (ia
1281 4170 1376 4227 2mss.
1394 4171 1440 4227 Dc
1454 4172 1576 4227 damna-

310 4261 385 4315 tione
400 4256 486 4330 ejus),
503 4261 580 4331 qaod
592 4260 749 4316 haereticis
770 4275 861 4316 ansas
882 4263 918 4316 sit
934 4262 1156 4316 communicare.
1187 4259 1276 4331 Atque
1293 4257 1358 4312 haec
1374 4255 1482 4330 quidem
1497 4271 1577 4330 prae·

309 4344 387 4417 cipna
402 4341 544 4400 damnandi
559 4345 647 4400 acacii
661 4361 740 4401 caasa
761 4345 821 4400 luit.
859 4346 894 4400 At
908 4344 972 4401 alias
988 4345 1067 4400 etiam
1083 4343 1158 4400 Felix
1173 4343 1235 4401 huic
1249 4343 1400 4416 praemittit
1414 4341 1576 4405 sententiae,

310 4445 389 4503 quam
405 4426 534 4485 adversus
549 4446 609 4485 eum
625 4431 792 4504 pronuntiat.
823 4429 881 4485 Jam
896 4431 981 4504 prima
996 4429 1055 4501 ejas
1074 4427 1167 4485 verba:
1191 4428 1351 4484 blattarum
1367 4430 1575 4500 transgressio·

309 4533 376 4570 anm
392 4519 535 4586 reperiris
549 4517 700 4586 obnoxius,
717 4532 772 4571 non
789 4531 873 4572 unum
880 4515 976 4571 Acacio
986 4512 1088 4571 crimen
1103 4512 1239 4585 objectum
1255 4529 1315 4568 esse
1331 4511 1457 4568 indicant.
1476 4510 1578 4568 lieiade

310 4615 393 4673 quum
407 4598 512 4656 subdit:
527 4605 557 4657 in
573 4603 746 4658 inenarrabilis
762 4604 878 4658 concilii
892 4601 1017 4657 Nicaeni
1030 4601 1201 4657 contumelio
1217 4614 1306 4671 saepe
1318 4604 1452 4654 versatus
1464 4598 1576 4654 aliena·

309 4703 373 4740 rum
393 4686 443 4741 tibi
458 4689 677 4759 provinciarum
692 4690 768 4760 juro
791 4690 942 4743 temerario
963 4687 1130 4756 vindicasti,
1155 4683 1289 4751 ostendit,
1311 4684 1436 4740 Acacium
1453 4683 1499 4752 jus
1525 4681 1577 4739 sibl

310 4801 516 4810 ——.--—‚
538 4803 608 4810 -—·-

380 4852 398 4915 ¹)
416 4849 467 4903 Est
479 4849 631 4904 Vaticanus
645 4853 718 4916 1353,
737 4850 842 4917 etjam
860 4849 970 4918 secpsius
988 4847 1202 4925 observavimus,
1220 4847 1298 4916 eujm
1310 4844 1481 4916 exemplaria
1492 4845 1578 4915 longe

309 4917 465 4974 vetustiora
481 4916 694 4974 Vallicellauum
711 4919 764 4972 As
782 4919 811 4971 et
827 4916 995 5002 Vaticanum
1013 4922 1080 4972 584⁶
1098 4915 1269 4971 cantamus
