3412 5664
291 302 354 371 864
730 316 758 367 s.
774 316 982 367 nonnrsnan
1004 315 1119 366 eliens

160 478 277 543 (8518)
291 494 464 540 consonam
493 471 766 538 confirmationem
796 494 866 536 cum
891 472 1005 555 judicii
1032 473 1224 558 integritate
1252 495 1408 560 cognosco.
1441 476 1508 544 b'nde

289 598 366 661 rogo
382 575 484 639 Deum
507 596 632 658 semper
654 596 723 638 eam
745 573 993 657 inseparabilem
1008 597 1196 658 permanere
1212 577 1400 642 orationibus
1419 588 1508 645 sancto

288 701 359 743 rum
381 677 595 762 apostolorum
618 681 651 741 et
672 679 746 740 tuae
768 676 915 760 precibus
930 678 1125 761 sanctitatis,
1149 700 1207 762 per
1231 700 1309 764 quas
1331 680 1428 745 donari
1443 683 1509 748 nobis

289 785 321 845 et
349 780 495 845 universo
524 779 642 843 mundo
671 778 954 844 clementissimum
987 782 1020 844 et
1042 779 1351 846 Christianissimum
1375 782 1509 868 principem

288 883 452 947 Justinum
474 885 507 946 et
528 881 705 965 piissimam
729 882 796 966 ejus
820 882 990 967 conjugem
1011 885 1158 946 nostram
1181 886 1290 948 autem
1310 884 1402 949 filiam
1419 885 1509 970 Euphe

287 986 385 1049 mium
407 985 442 1047 in
464 1005 543 1068 pace
565 983 674 1048 multis
697 984 893 1068 temporibus
918 988 1150 1069 comprecatur,
1174 1008 1232 1070 per
1247 987 1353 1050 omnia
1371 986 1509 1052 beafiuine

288 1088 352 1174 eti)
377 1086 540 1151 carissime
561 1086 673 1150 frater.

372 1190 403 1253 3.
443 1188 552 1252 Gavisi
580 1188 681 1274 igitur
712 1187 751 1251 de
772 1189 956 1272 praesentia
977 1190 1316 1256 reverendissimorum
1337 1192 1510 1276 episcoporum

287 1313 347 1355 nec
369 1312 435 1354 non
458 1294 491 1354 et
513 1290 699 1355 elericorum
721 1295 913 1374 vestrorum,
943 1292 1067 1376 gratias
1096 1293 1241 1378 agimus,
1269 1293 1411 1379 quoniam
1432 1314 1510 1359 secun

288 1394 361 1457 dum
384 1392 572 1477 petitionem
594 1396 738 1457 nostram
759 1392 841 1457 tales
863 1393 1013 1477 pacificos
1028 1395 1113 1459 viros
1136 1399 1169 1459 et
1186 1399 1312 1459 vestrae
1334 1395 1436 1480 dignos
1452 1396 1511 1459 sedis

288 1494 481 1584 apostolicae
504 1492 705 1577 destinastis,
742 1495 888 1580 regulam
915 1499 1044 1579 patrum
1072 1497 1143 1561 sine
1173 1496 1359 1562 confusione
1387 1501 1511 1562 servantes

287 1598 443 1681 fidemque
464 1595 635 1660 indivisam
658 1597 883 1662 custodientes,
934 1596 1074 1673 Quorum
1097 1598 1327 1683 amplectentes
1350 1599 1383 1663 in
1402 1599 1511 1663 omnibus

287 1703 443 1782 mentem,
479 1702 595 1763 cuncta
622 1720 679 1782 per
707 1721 761 1763 eos
791 1700 829 1765 ad
854 1700 1109 1764 satisfactionem
1137 1704 1264 1766 vestrae
1292 1702 1410 1787 egimus
1427 1701 1510 1766 sancti

287 1801 373 1865 tatia.
418 1800 554 1865 Omnem
575 1801 611 1864 in
634 1799 761 1866 Christo
783 1801 1038 1887 fraternitatem,
1067 1825 1149 1888 quae
1177 1826 1249 1868 curn
1276 1807 1381 1868 vestra
1405 1808 1445 1868 est
1461 1824 1510 1866 san·

288 1903 416 1988 ctitate,
440 1924 500 1988 ego
522 1925 646 1990 quoque
668 1906 701 1968 et
721 1904 784 1968 mei
806 1904 980 1989 plurimum
1001 1904 1188 1970 salutamus.

791 2091 973 2196 Epistola
1000 2092 1047 2177 68

895 2245 943 2283 seu

134 2316 275 2457 atgaf,
312 2339 516 2408 Exemplum
537 2338 700 2408 epistolae
721 2338 911 2396 Justfniani
933 2340 1067 2397 comitis
1089 2342 1134 2397 ad
1155 2341 1370 2398 Hormisdam
1389 2355 1492 2411 papam

320 2473 463 2535 Perfectum
480 2486 537 2521 esse
555 2473 666 2536 nuntiat,
685 2473 808 2538 quidquid
823 2473 965 2522 Ilormr'eda
981 2488 1031 2536 per
1048 2476 1145 2537 tepatoa
1161 2475 1298 2527 mandarit.
1324 2473 1487 2538 Imperatores,

531 2557 707 2622 rempublicam
724 2573 801 2623 seque
817 2558 897 2622 ipsum
915 2559 982 2607 illiue
997 2557 1118 2622 precibus
1135 2561 1299 2609 commendat.

436 2689 600 2755 Domino
621 2712 703 2754 meo
726 2689 982 2755 sanctissimo
997 2689 1232 2755 Hormisdae
1254 2691 1398 2775 primae
1414 2689 1509 2754 archi·

529 2793 721 2877 pontifici
754 2795 792 2856 et
819 2814 943 2876 papae
976 2792 1086 2856 urbis
1117 2791 1261 2857 Romae
1291 2792 1510 2857 Justinieuus

530 2917 654 2960 comcs
677 2894 856 2958 salutem.

367 3014 594 3100 Veneranda¹)
627 3014 809 3078 sanctitatis
842 3018 966 3078 vestrae
1004 3015 1200 3098 praedicatio
1233 3015 1423 3099 regularum,
1454 3032 1512 3097 quae

284 3117 411 3183 Christo
433 3115 501 3181 Deo
528 3139 586 3201 pro
615 3116 820 3180 ecclesiarum
847 3138 925 3199 pace
953 3120 986 3180 et
1013 3138 1072 3201 pro
1098 3117 1201 3201 plebis
1230 3117 1395 3181 eoncordia
1419 3114 1513 3199 jugiter

283 3219 460 3304 supplicat,
498 3219 648 3303 quidquid
677 3241 764 3284 nunc
796 3240 854 3302 per
886 3218 1087 3283 beatissimos
1114 3241 1188 3283 euos
1222 3219 1399 3283 sacerdotes
1428 3214 1515 3281 annul

282 3321 516 3407 peragendum,
546 3321 686 3405 propitia
703 3320 881 3384 Divinitate
905 3323 1021 3384 cuncta
1043 3320 1170 3385 effectui
1192 3321 1315 3386 sociata
1337 3325 1424 3401 sunt,
1451 3315 1518 3382 nulla

281 3446 411 3508 prorsus
433 3423 640 3508 quorumdam
662 3423 790 3487 valente
813 3422 979 3486 discordia.
1014 3421 1119 3508 Igitur
1141 3422 1255 3487 vestris
1277 3424 1377 3488 sacris
1397 3416 1520 3486 crationi

282 3527 341 3590 bus
363 3548 401 3590 ac
423 3525 703 3610 praeceptionibus
726 3525 973 3589 orthodoxorum
995 3523 1057 3588 fide
1071 3524 1197 3607 muniti,
1222 3525 1382 3609 supplices
1399 3524 1523 3609 petimus,

281 3628 329 3691 uti
352 3650 410 3712 pro
432 3627 635 3692 sanctissimo
650 3628 799 3713 Augusto
820 3630 941 3709 nostro,
965 3627 1065 3691 totius
1087 3626 1160 3690 fidei
1181 3625 1321 3711 fautore,
1344 3648 1460 3712 proque
1476 3626 1529 3710 ejus

281 3730 460 3814 republica,
498 3752 557 3814 pro
593 3729 685 3794 nobis
718 3750 841 3813 qnoque
877 3729 1101 3792 mandatorum
1137 3731 1317 3794 vestrorum
1355 3728 1532 3801 custodibus,

281 3835 412 3894 aeterno
434 3831 518 3916 ltegi
541 3832 683 3896 consueti
707 3830 925 3915 impetrabiles
946 3851 1058 3914 preces
1080 3830 1192 3894 offerre
1208 3830 1410 3916 dignemini,
1433 3851 1537 3917 nosque

280 3934 370 3999 vobis
392 3933 528 3997 fideliter
550 3934 709 4018 supplices
732 3933 845 3997 vestris
867 3932 1042 3996 salutiferis
1063 3932 1333 4017 rescriptionibus
1354 3935 1495 4001 visitare.

782 4119 965 4224 Epistola
991 4121 1039 4204 69

890 4273 938 4310 seu

128 4348 269 4490 ‘'gfflssd)
474 4370 677 4438 Exemplum
698 4368 862 4438 epistolae
884 4367 1038 4437 Pompeji
1059 4369 1104 4425 ad
1123 4368 1365 4431 eormredum

525 4503 709 4567 Imperatorem
727 4518 758 4551 ac
775 4516 802 4550 sc
821 4503 901 4566 ipsura
918 4501 985 4549 itlius
999 4499 1119 4565 precibus
1136 4505 1309 4559 commendat,

431 4634 597 4701 Domino
630 4657 711 4700 meo
741 4633 970 4699 beatissimo
1004 4636 1042 4697 et
1070 4634 1302 4718 apostolico
1331 4644 1447 4724 patri
1471 4642 1560 4709 llor-

279 4760 415 4769 μ--ῌ

347 4810 368 4875 ⁶)
386 4806 436 4860 Ed.
455 4808 543 4861 omitt.
563 4820 589 4862 et
606 4813 742 4862 carissime.

280 4897 312 4945 68
349 4895 368 4961 ¹)
386 4891 435 4946 Ed.
459 4899 629 4949 Vener-aridae
703 4905 729 4946 nt
746 4897 773 4945 lit
788 4912 836 4961 pro
855 4895 1019 4948 sarrcte'ssr'mo.
