3412 5664
727 336 973 402 ammonuit.
1423 334 1487 397 403

233 501 282 565 ho
305 499 368 565 lide
393 502 428 564 et
454 499 677 565 communione
705 500 906 586 aliquatenus
933 501 1131 584 impetitum,
1165 500 1292 565 duxerit
1320 502 1487 566 excluden-
1500 517 1593 566 a.495.

243 603 312 685 dum,
346 607 377 668 et
407 603 605 668 haereticum
638 602 845 668 manifestum
873 603 1004 667 Petrum
1037 625 1095 667 sua
1123 624 1251 688 quoque
1284 605 1487 669 exsecutione

248 705 403 771 damnatum
426 704 573 790 pontifici
597 705 755 770 catholico
778 705 959 790 permiserit
981 706 1215 793 subrogari⁵¹);
1242 728 1339 791 quum
1361 708 1487 772 etiamsi

250 826 302 873 reus
318 807 499 873 manifestus
527 812 612 873 esset
632 808 815 891 Johannes,
850 811 923 893 post
950 828 1020 871 eum
1050 809 1163 873 saltem
1192 809 1385 875 catholicum
1414 832 1488 876 con-

251 910 360 977 reuisset
378 912 508 997 praefici
531 911 745 994 sacerdotem,
783 912 866 976 sicut
892 912 961 995 ipse
990 932 1113 996 quoque
1141 911 1207 976 suis
1235 912 1334 976 saeris
1356 917 1488 978 sanctae

252 1014 386 1078 memoriae
413 1013 585 1079 Timotheo
614 1013 772 1078 catholico
800 1015 834 1077 in
863 1012 1061 1078 Alexandria
1093 1014 1276 1079 faciendum
1306 1015 1489 1098 promisisse

253 1110 349 1199 legitur·
358 1119 540 1202 imperator.
578 1116 648 1192 Qua
670 1117 791 1201 synodo
813 1118 928 1181 tertiae
951 1116 1034 1181 sedis
1058 1118 1241 1201 episcopum
1261 1117 1489 1182 Calendionem

250 1212 431 1305 idmexpelli
446 1219 526 1284 facit
538 1220 675 1283 Aeacius
683 1220 733 1305 ⁵²),
758 1242 796 1283 ac
818 1218 1026 1283 nihilominus
1049 1218 1151 1283 eidem
1174 1219 1305 1283 Petrum
1327 1224 1395 1284 tam
1416 1219 1490 1286 hae·

250 1318 354 1386 suem
367 1322 583 1406 manifestum,
608 1326 644 1386 ut
659 1322 762 1386 eidem
777 1322 885 1405 palam
907 1342 966 1386 nec
989 1344 1022 1386 se
1045 1322 1279 1386 communicare
1301 1321 1488 1406 praetende·

248 1424 291 1503 111,
312 1445 358 1489 sua
377 1447 490 1509 passus
503 1428 563 1491 est
584 1424 794 1508 dispositione
817 1424 991 1489 substitui?
1033 1423 1103 1499 Qua
1131 1425 1267 1514 denique
1299 1447 1357 1508 per
1384 1426 1488 1488 totum

246 1517 380 1592 Orientem
403 1527 525 1612 synodo
548 1528 659 1611 ejectis
682 1526 865 1591 orthodoxis
888 1526 1024 1612 nullo⁵³)
1053 1526 1186 1591 crimine
1209 1527 1387 1610 maculatis,
1415 1548 1488 1612 pra-

242 1640 285 1687 108
306 1648 432 1714 quosque
455 1634 489 1694 et
510 1629 697 1694 criminibus
720 1629 879 1693 involutos
902 1652 959 1693 sua
981 1629 1163 1713 provisione
1186 1629 1376 1714 supposuit?
1418 1629 1489 1706 Qua

239 1731 342 1807 tynodo
360 1736 408 1796 tot
429 1733 536 1797 aliena
552 1732 770 1817 privilegien)
793 1731 953 1796 nefandus
976 1731 1146 1817 populator
1160 1731 1304 1796 invasit?
1336 1731 1399 1798 Sed
1413 1731 1488 1798 libri

236 1844 292 1893 ¹1⁰1}
315 1834 480 1918 sufficient,
504 1836 533 1899 si
554 1833 738 1921 tragoedias
761 1835 846 1918 ejus,
874 1855 953 1918 quas
976 1853 1034 1917 per
1056 1832 1206 1897 ecclesias
1228 1834 1327 1897 totius
1344 1834 1487 1899 Orientis

234 1938 368 2021 senuit,
390 1936 630 2024 singillatim⁵⁵)
654 1937 792 2001 scribere
814 1937 993 2001 moliamur.

313 2038 336 2103 8.
376 2042 427 2104 An
451 2039 531 2104 illud
554 2039 653 2125 ipsius
676 2044 903 2125 argrmrentum
925 2038 1018 2102 nobis
1041 2039 1229 2103 existimant
1249 2041 1483 2126 opponendmn,

230 2150 290 2214 1110
312 2139 445 2207 facinora
472 2143 587 2206 suain
610 2143 808 2226 imperialem
841 2141 930 2206 nisus
960 2144 1009 2205 est
1033 2142 1158 2224 jactare
1185 2142 1379 2226 personam?
1423 2142 1488 2209 Gur

229 2229 465 2329 intorquendo
493 2244 604 2326 voluit,
628 2244 756 2308 obstitit
778 2242 933 2307 Basilisco
961 2246 1118 2327 tyranno,
1150 2248 1236 2309 certe
1265 2251 1298 2310 et
1325 2246 1487 2310 haeretico

228 2333 420 2411 vehementer
442 2347 586 2411 infesto?
618 2346 683 2411 llur
704 2346 766 2431 ipsi
788 2346 975 2430 imperatori
997 2345 1129 2430 Zenoni,
1153 2348 1228 2432 quia
1250 2348 1358 2432 palam
1374 2348 1487 2413 Antio-

228 2434 327 2508 cheno
345 2446 439 2513 Petro
467 2448 572 2513 noluit
599 2449 851 2531 communicare,
883 2471 974 2513 suam
1003 2471 1068 2513 non
1096 2449 1239 2514 subdidit
1265 2451 1488 2516 voluntatem?

228 2534 314 2609 liceo
329 2551 475 2637 potuit⁵⁶)
497 2554 532 2615 et
553 2552 587 2615 in
610 2550 682 2615 aliis
705 2550 871 2634 resultare,
895 2551 922 2614 si
939 2550 1050 2615 vellet!
1082 2550 1145 2617 Sed
1167 2555 1205 2616 ut
1227 2573 1264 2617 ea
1287 2575 1368 2639 qaae
1389 2553 1487 2619 latius

228 2644 405 2725 aplineas
427 2657 504 2719 sunt
525 2656 727 2737 omittamus,
752 2652 887 2738 quid⁵⁷),
911 2653 994 2737 quod
1018 2654 1086 2737 ipse
1108 2653 1217 2718 Zenon
1241 2656 1415 2739 imperator
1436 2655 1488 2721 lit-

233 2774 519 2821 μ-

239 2944 244 2955 ·
294 2868 321 2937 ⁵¹)
336 2874 377 2930 lta
392 2874 426 2930 G·
442 2873 485 2941 0¹.
515 2875 759 2931 adiumentum
778 2875 1071 2943 woutermannus.
1103 2874 1271 2946 MoxqueQ’
1288 2884 1433 2946 pannose
1451 2884 1487 2931 le·

223 2950 299 3003 ⁰¹²⁸?-
324 2957 457 3031 Euagrius
475 2961 526 3031 ΙΙΙ,
546 2968 590 3028 11,
608 2962 657 3015 ubi
674 2961 811 3015 narravit:
835 2960 881 3029 qui
900 2960 1041 3014 lohannes
1064 2969 1162 3029 leonine
1180 2969 1268 3016 misens
1286 2974 1325 3015 est
1343 2966 1487 3017 Constanti·-

222 3039 340 3121 mlh,
360 3053 487 3116 petiturus
504 3067 521 3100 o
539 3046 670 3117 (Ζθυοῐιθ)
687 3053 820 3115 principe,
844 3057 871 3100 ut
888 3051 999 3113 risorie
1017 3053 1152 3114 epiecopus
1172 3053 1284 3114 ipsorum
1303 3047 1486 3115 (Timomeus)

219 3118 279 3195 ,Μ’
296 3133 410 3197 «hines,
428 3137 520 3188 licerer
536 3136 630 3187 domus
648 3138 836 3188 Alexandrinis
855 3151 920 3193 enen,
940 3151 1011 3201 quens
1027 3139 1131 3196 vellent,
1149 3138 1294 3200 episcoprum
1313 3138 1406 3201 stipere
1412 3155 1421 3193 ,·
1439 3132 1487 3187 ad-

214 3202 322 3268 Jmffl't:
342 3220 489 3287 inperator
505 3224 560 3287 lepe
578 3225 632 3272 lota
648 3225 751 3281 sanxit,
770 3230 797 3271 nt
812 3229 873 3286 post
889 3227 991 3271 nortem
1008 3220 1129 3270 Timothei
1140 3222 1162 3271 is
1174 3229 1241 3271 essee
1253 3223 1397 3286 episcopus,
1415 3237 1487 3288 quem

214 3276 300 3381 Ἦ
311 3313 339 3356 et
351 3310 463 3372 populns
475 3308 527 3356 saie
538 3308 672 3374 sesffrepr'r's
685 3309 827 3373 elegissent.
859 3302 918 3355 Hoc
936 3302 979 3356 est
996 3301 1094 3371 igitur,
1113 3301 1188 3371 quod
1207 3301 1360 3372 imperator
1371 3301 1417 3357 ille
1430 3302 1486 3357 suis

212 3370 297 3429 ¹²⁰¹
316 3387 476 3458 promisisse
494 3404 567 3442 nuno
584 3390 763 3444 memoratur.

275 3458 315 3535 Ι”)
334 3472 378 3528 lla
394 3474 429 3529 G¹
442 3472 486 3538 Q¹.
517 3473 1166 3542 1111111111Αρηοῑωιηωιιοωῑηωωωᾱιω
1186 3479 1288 3528 Petrum
1347 3481 1431 3543 polian
1443 3495 1486 3528 ne·

209 3542 280 3594 ‘²⁸‘
299 3565 493 3616 meare.
524 3559 551 3612 la
568 3559 667 3613 Petrus
685 3559 808 3628 Evagrio
826 3558 878 3625 lll,
898 3564 929 3612 16
952 3561 1024 3613 teste
1045 3562 1274 3614 Calchedonensen
1296 3565 1418 3627 sinodum
1439 3580 1487 3629 ps-

288 3649 531 3705 cumanensem·
549 3665 613 3714 qnae
631 3666 675 3700 rer
693 3665 765 3714 prium
778 3651 897 3697 nandulo
909 3656 976 3698 esar!
989 3650 1099 3706 Arosis,
1118 3665 1168 3699 non
1186 3650 1349 3700 mediocriter
1361 3665 1415 3700 eum
1427 3663 1487 3699 con·

210 3706 334 3783 Ηῦῠίι.
364 3727 436 3784 vide
454 3730 484 3783 et
500 3728 624 3785 subnexa
642 3734 678 3797 (u.
692 3736 709 3785 8
721 3732 750 3784 ct
764 3734 818 3797 13),
837 3747 888 3782 nec
904 3746 961 3783 non
977 3728 1078 3783 Felicis
1095 3729 1119 3782 ΙΙ
1139 3729 1286 3800 epistolam
1306 3737 1344 3784 11.

276 3801 315 3876 ι’)
334 3814 439 3869 Horum
456 3814 571 3869 nomina
588 3832 621 3870 ao
638 3815 718 3871 sedes
735 3813 921 3885 Theophanes
939 3831 1004 3883 pag.
1024 3820 1074 3868 ‘207
1092 3819 1226 3869 recenset.

275 3886 315 3963 ⁸⁴)
333 3899 395 3955 lion
413 3901 524 3955 tarrtum
542 3900 587 3954 hie
604 3916 695 3954 sermo
714 3901 756 3954 est
773 3899 807 3953 de
825 3900 1023 3969 praerogativa
1039 3899 1177 3954 secundae
1196 3900 1284 3965 sedis,
1302 3916 1386 3971 quam
1404 3899 1457 3954 sibi
1470 3918 1488 3954 a

221 3970 325 4035 ‘Mla
345 3984 655 4057 mmmmopouuns
677 3984 843 4040 attributam
866 3985 894 4038 et
915 4002 933 4037 a
950 3984 1168 4040 Calchedonensi
1191 3988 1301 4040 auctam
1323 3985 1486 4054 arrogabat,

227 4048 268 4105 *l
281 4058 320 4122 (la
335 4070 488 4142 privilegiis
500 4070 721 4139 ordinationum,
739 4089 809 4141 qnae
828 4070 1051 4141 metropolitanis
1068 4087 1120 4139 per
1132 4069 1275 4135 Orientem
1293 4070 1369 4124 nulla
1380 4069 1486 4140 synodo

232 4147 386 4212 eomtalenta
403 4157 558 4213 aufmebat.

288 4230 320 4306 ⁸⁵)
336 4240 410 4295 Editi
426 4249 554 4313 dgillotirn
627 4249 780 4298 existiment.

290 4316 321 4391 ⁸⁸)
336 4326 370 4391 0²
384 4334 469 4397 poem
486 4333 562 4383 enon
579 4333 648 4392 olas,
667 4327 700 4394 Q¹
717 4334 801 4398 porros
820 4339 846 4382 et
858 4333 923 4383 aliis.
951 4325 1022 4382 Eum
1034 4344 1089 4382 uon
1101 4328 1212 4381 tantum
1224 4327 1366 4382 obstitisse
1383 4342 1435 4397 pro
1448 4342 1486 4392 ss,

244 4398 313 4459 *litt
326 4416 457 4468 maschot
467 4423 493 4467 et
504 4420 624 4483 populun
641 4417 711 4467 verto
722 4419 810 4483 regine
827 4419 950 4468 adsersus
964 4416 1124 4475 Basilicum,
1144 4424 1170 4465 nt
1189 4419 1232 4483 qui
1249 4417 1392 4467 haereticus
1409 4422 1484 4477 esset,

244 4495 370 4567 muse,
389 4496 528 4569 Euagrius
545 4499 599 4565 ΙΙΙ,
617 4505 631 4553 7
650 4498 786 4555 Zacharia
804 4498 925 4569 quodam
943 4499 1058 4554 auctore
1075 4497 1170 4552 tradit.
1200 4498 1265 4553 Mox
1278 4496 1310 4562 Q¹
1329 4499 1396 4568 post
1413 4502 1486 4550 vellet

240 4572 314 4641 addit:
330 4588 370 4638 An
388 4605 437 4639 non
456 4593 588 4655 apostolus
606 4591 681 4647 dicit,
700 4606 750 4640 non
768 4593 846 4640 solun
865 4591 908 4655 qui
923 4589 1035 4651 fuciunt,
1053 4591 1101 4638 sed
1117 4595 1141 4639 et
1160 4588 1372 4653 qrrtconsentiunt
1388 4587 1485 4648 socien-

239 4670 303 4729 n'ttt.
317 4681 386 4722 rests
403 4677 506 4738 pariter
523 4682 581 4725 narni
598 4675 711 4725 irretiti?
740 4673 794 4724 Sed
811 4682 838 4723 ur
855 4683 903 4723 ese.
934 4669 1027 4724 Etiam
1044 4669 1073 4723 in
1091 4670 1133 4722 his
1152 4668 1292 4738 sequimur
1309 4666 1354 4722 0¹.

293 4756 320 4819 ⁵²)
335 4754 410 4809 Editi
429 4761 553 4827 quidquid
568 4763 632 4825 ipse·
668 4754 733 4809 Mox
751 4756 785 4820 Q‘
802 4767 887 4817 rectu,
910 4754 943 4820 Q'
962 4758 1108 4809 mnscribit.
1146 4753 1273 4810 Gelasiua
1291 4753 1351 4806 tum
1369 4751 1487 4807 Zenonis

229 4854 285 4907 turn
298 4839 388 4894 Aeacii
411 4840 520 4896 litteras
542 4841 588 4897 hic
604 4841 755 4908 memorat,
780 4857 849 4909 quas
866 4839 968 4911 legatis
984 4839 1089 4895 Miseno
1108 4840 1138 4895 et
1154 4837 1241 4893 Vitali
1262 4843 1326 4908 post
1348 4837 1487 4908 praeuari-

225 4926 357 4993 ationem
374 4926 556 4983 redeuntibus
577 4926 615 4982 sd
637 4925 759 4981 Felicem
781 4925 931 4993 dedcnmt,
956 4924 991 4980 de
1014 4924 1116 4995 quibos
1136 4924 1166 4981 in
1188 4922 1289 4979 notitia
1306 4922 1488 4994 epistolarum

1221 5008 1286 5076 26*
