3412 5664
251 300 314 365 528
727 313 754 359 s.
771 312 914 360 eriunsn
935 311 1049 357 ranan

337 468 367 531 8.
413 466 474 532 Sed
502 466 643 550 quolibet
670 466 763 528 uuida
786 464 912 528 dicatur
933 463 1048 528 Petrus
1070 484 1141 527 esse
1168 466 1357 547 susceptus,
1394 468 1538 549 apparet

254 576 362 635 tamen
389 592 460 634 euni
487 568 586 632 fuisse
608 566 814 647 haereticum,
847 566 901 649 qui
924 565 1119 649 poenituisse
1148 586 1207 649 pre
1236 564 1464 649 perversitate
1484 567 1538 631 de·

172 690 177 701 ·
252 672 405 753 fenditur‚
434 675 467 734 et
488 670 572 754 qued
600 690 717 752 pravus
740 671 773 732 et
794 667 933 731 infidelis
960 667 1060 731 fuerit
1080 670 1113 731 et
1140 667 1181 731 de
1203 666 1357 732 Ecclesia
1383 668 1539 734 ecclcsia-

161 1984 224 2039 Jud.

151 2060 166 2089 e
198 2060 213 2089 a

129 2698 228 2753 llutth.

119 2776 155 2835 1ιὶ,
164 2775 238 2835 lssq.

159 3108 229 3213 ‚Itu-⁰23
252 3117 296 3181 Et
318 3140 427 3182 rursus
449 3118 489 3181 ad
512 3117 673 3182 eumdem:
706 3123 785 3181 Ecce
808 3140 865 3197 eqo
886 3126 996 3197 roano!
1013 3140 1072 3197 pro
1094 3130 1137 3195 ce,
1168 3130 1201 3183 ut
1225 3143 1290 3185 riou
1320 3130 1457 3203 deficiet
1473 3134 1542 3205 fides

188 3236 191 3241 '
251 3233 314 3303 lira,
339 3232 368 3283 ct
390 3226 611 3299 {reliquenda
633 3231 818 3295 convertere,
847 3232 877 3284 ct
897 3228 1045 3299 confirma
1064 3225 1184 3296 fratres
1205 3234 1299 3295 tuen·
1325 3232 1366 3291 et
1389 3228 1487 3295 illud:
1512 3234 1544 3291 Si

159 3312 221 3366 Joh.

151 3388 237 3447 eun.

253 776 333 839 stica
352 774 425 858 jure
448 772 618 855 projectus,
649 770 770 855 ambigi
799 768 1001 853 dubitarique
1024 758 1089 833 non
1111 772 1230 854 petest.
1277 768 1343 835 Sed
1377 772 1541 837 conceda·

253 898 323 939 mus
346 874 507 959 paulisper
528 871 723 956 poenituisse
752 894 835 953 eum,
864 871 948 955 quod
975 870 1159 937 nullatenus
1182 892 1294 935 verum
1323 876 1397 955 est3
1428 873 1541 939 viden·

253 979 327 1041 dum
342 998 419 1061 ergo
435 979 493 1057 est,
518 974 683 1059 quomodo,
707 974 804 1038 idest
825 976 934 1037 utrum
955 973 1009 1057 qui
1031 972 1143 1061 ordine
1166 976 1373 1059 competenti
1390 974 1541 1061 regulari

252 1079 422 1142 severitate
444 1077 568 1141 excisus
591 1080 624 1140 et-
639 1076 833 1159 exstirpatus
856 1078 916 1158 est,
940 1076 1109 1159 poenitens
1124 1080 1212 1141 reete
1235 1079 1270 1141 et
1292 1084 1543 1165 consequenter

252 1184 398 1263 receptus
420 1178 473 1243 sit.
518 1177 580 1243 Sed
602 1199 767 1261 nunquam
788 1177 964 1260 docebitur,
989 1200 1153 1262 nunquam
1170 1178 1433 1263 monstrabitur,
1458 1204 1543 1247 nun·

252 1304 347 1366 quam
375 1283 506 1345 omnino
533 1280 722 1364 probabitur
750 1280 818 1362 ejus
840 1280 1068 1365 purgationem
1094 1281 1194 1345 fuisse
1215 1280 1431 1367 legitimam,
1462 1306 1543 1369 quac

252 1406 318 1449 non
340 1390 390 1448 est
412 1383 666 1467 competentibus
688 1381 807 1466 regulis
830 1382 1000 1446 celebrata.
1036 1382 1201 1449 Secundae
1223 1384 1316 1449 enim
1339 1384 1437 1449 sedis
1461 1386 1543 1451 auli-

252 1486 361 1551 stitem
382 1507 442 1549 nec
471 1485 628 1569 expellere
656 1484 824 1570 quisquam
850 1506 912 1549 nec
939 1506 1089 1549 revocare
1116 1485 1186 1551 sine
1213 1487 1347 1571 primae
1380 1488 1474 1553 sedis
1496 1510 1543 1553 as-

252 1611 349 1654 sensu
371 1586 422 1652 vel
443 1587 549 1671 potuit
578 1585 628 1650 rel
657 1586 776 1650 debuit.
821 1584 893 1650 Nisi
915 1586 999 1651 forte
1023 1586 1156 1651 confuso
1180 1588 1252 1671 jam
1276 1590 1406 1655 ordine
1436 1613 1544 1657 reruni

253 1688 594 1775 atqueturbal0,11ee
621 1689 724 1772 prima
753 1711 811 1753 uec
835 1690 976 1753 secunda
997 1712 1058 1753 nec
1079 1690 1177 1755 tertia
1204 1691 1301 1756 sedes
1333 1690 1468 1758 debeat
1494 1692 1545 1759 eb

253 1792 372 1857 servari
395 1791 445 1855 vel
466 1790 584 1874 suscipi
607 1790 782 1854 secundum
804 1792 938 1876 antiqua
959 1794 1083 1855 statuta
1104 1790 1315 1879 najorumq,
1351 1798 1391 1859 et
1419 1796 1547 1862 sublate

254 1894 369 1978 capite,
393 1897 429 1956 ut
451 1893 601 1974 videmus,
626 1893 733 1956 emnia
755 1894 898 1957 membra
922 1892 1008 1957 varie
1029 1893 1115 1957 inter
1129 1914 1163 1957 se
1184 1902 1431 1979 compugnent
1447 1904 1546 1965 certa-

215 1996 348 2105 4ruine,
373 1996 491 2079 fiatque
513 1994 603 2075 illud,
627 1994 710 2078 quod
734 1994 772 2057 de
793 1995 912 2079 populo
935 1996 1091 2079 scriptinn
1112 1996 1162 2059 est
1182 1994 1307 2061 Israel:
1333 2004 1381 2063 In
1407 2008 1465 2067 ille
1480 2016 1547 2067 ten·

250 2120 327 2179 pere
348 2120 407 2163 eon
429 2108 498 2161 erat
520 2103 586 2161 cluat
608 2103 640 2161 ia
663 2102 775 2160 Israel:
798 2104 1000 2177 carzieqaisquc
1020 2094 1102 2177 quod
1116 2104 1272 2179 plecilum
1295 2114 1379 2165 erat
1402 2110 1437 2169 in
1456 2112 1547 2171 oculis

252 2207 314 2265 suis
331 2204 480 2276 faciebat.
519 2197 588 2273 ilua
615 2198 702 2262 enim
729 2198 853 2261 ratione
876 2198 925 2262 vel
956 2199 1185 2284 consequentia
1213 2198 1295 2265 aliis
1324 2204 1472 2271 sedibus
1497 2206 1546 2271 dc·

252 2302 454 2387 ferendume)
477 2304 535 2383 est,
565 2301 593 2365 si
615 2300 737 2384 primae
765 2300 941 2364 beatissimi
963 2300 1052 2366 Petri
1080 2302 1147 2365 sedi
1170 2302 1315 2387 antique.
1350 2310 1391 2371 et
1420 2314 1546 2375 venera

253 2403 432 2467 reverentia
460 2425 525 2466 non
560 2402 716 2485 defertur,
750 2424 808 2486 per
842 2424 938 2486 quarn
971 2404 1112 2466 omnium
1148 2405 1372 2473 sacerdotum
1402 2410 1545 2497 dignitas

253 2527 378 2589 semper
400 2508 449 2569 est
471 2504 620 2568 roborata
647 2509 741 2589 atque
770 2506 913 2587 firmata,
945 2507 1227 2590 trecentorumque
1257 2506 1386 2577 decem
1417 2517 1454 2579 et
1478 2520 1545 2579 octe

253 2611 381 2692 patrum
403 2607 523 2671 invicto
545 2610 578 2671 et
598 2605 755 2691 singulari
767 2606 889 2689 judicio
904 2607 1138 2671 vetustissimus
1148 2606 1327 2690 judic-atus
1352 2618 1410 2679 est
1425 2614 1545 2681 honor?

252 2708 373 2793 Utpote
395 2709 449 2792 qui
472 2708 601 2772 Domini
624 2708 874 2773 recordabantur
896 2710 1107 2774 sententiam:
1145 2714 1191 2775 Ta
1223 2734 1260 2777 es
1284 2718 1425 2795 Petrus,
1453 2732 1483 2783 et
1501 2742 1543 2783 se

249 2834 309 2893 per
329 2817 411 2875 liene
430 2824 550 2891 petram
568 2816 711 2887 fundabo
736 2816 900 2875 Ecclesiam
923 2832 1029 2889 mcum,
1058 2825 1087 2877 et
1105 2826 1218 2891 porcae
1241 2818 1357 2891 Insere·
1380 2842 1446 2887 nen
1459 2842 1543 2901 pree

253 2920 392 2979 valebant
415 2920 560 2978 arloersas
581 2935 655 2977 erim.
703 2918 742 2976 Et
770 2918 827 2977 {ibi
851 2919 929 2977 dtrbe
956 2920 1057 2979 clover
1078 2922 1375 3003 requiescerem,
1406 2936 1439 2987 cc
1456 2946 1543 3005 quur·

252 3038 371 3095 cunque
391 3021 537 3094 liquescis
558 3022 604 3080 ecl
624 3022 748 3079 solveris
770 3022 802 3078 ia
825 3028 917 3095 cerro,
945 3022 1153 3094 crumbecca
1178 3022 1230 3081 ecl
1257 3026 1374 3087 adme
1398 3032 1433 3089 r'a
1455 3032 1541 3091 cerlo.

250 3344 335 3386 aereas
357 3344 412 3393 mc,
440 3344 534 3401 pasce
555 3343 623 3385 eoos
650 3343 741 3385 nicus.
787 3320 892 3397 Quare
914 3322 1016 3407 igitur
1042 3322 1082 3387 ad
1111 3322 1248 3387 Petrum
1277 3328 1359 3393 tarn
1395 3332 1539 3417 frequens

252 3424 382 3488 Domini
405 3446 507 3487 sermo
530 3422 703 3503 dirigitur?
725 3422 965 3508 Numquidnam
988 3424 1101 3509 reliqui
1110 3426 1137 3509 ⁹)
1160 3427 1272 3491 sanc-ti
1297 3434 1338 3494 et
1357 3430 1451 3497 beati
1473 3456 1539 3519 apo

319 3680 340 3745 7)
358 3676 543 3731 Nicaeum-uni
561 3676 690 3731 videlicet
707 3681 832 3747 patrum,
850 3679 899 3747 qui
909 3678 1096 3735 Alexandrino
1114 3680 1245 3749 antistiti,
1263 3700 1330 3739 non
1345 3684 1536 3743 Constantine·

252 3761 386 3831 politano,
405 3763 557 3817 secundum
575 3761 603 3815 in
622 3764 745 3818 Ecclesia
762 3765 855 3818 locum
872 3764 1076 3833 adjudicarunt.

320 3852 340 3915 ⁵)
359 3846 520 3901 Sirmondus
538 3854 736 3915 defendendum:
754 3849 802 3902 sed
821 3855 985 3915 deferendum
997 3852 1122 3905 subnexa
1132 3850 1288 3907 manifeste
1303 3858 1469 3925 postulat.
1493 3860 1538 3913 lte

250 3932 333 4001 spicit
349 3932 395 3986 hie
407 3932 533 3987 Gelasius
551 3932 585 3986 ad
604 3933 757 3988 Nicaenum
777 3951 911 3989 canonem
927 3942 956 4001 6,
974 3952 1057 4003 quern
1074 3934 1194 3989 Romani
1212 3938 1389 4009 pontifices,
1410 3946 1443 3999 ut
1459 3946 1538 3999 eliani

251 4016 368 4071 nuncin
386 4016 524 4071 nonnullis
541 4018 682 4073 veteribus
706 4018 785 4072 libris
802 4022 905 4085 exstat,
927 4019 1022 4089 legere
1044 4020 1083 4075 sio
1100 4020 1244 4075 solebant:
1278 4028 1411 4083 Ecclesia
1430 4034 1538 4083 Ilmn

249 4122 349 4171 seraper
366 4108 453 4155 balaal?
468 4114 609 4169 primatum.
646 4108 741 4159 Terwm
759 4117 840 4158 arclcm
859 4118 885 4159 ct
898 4110 1031 4175 Aegyptus
1049 4112 1147 4175 Libpne
1164 4116 1190 4159 ct
1207 4111 1377 4177 Pentapolis
1393 4121 1536 4185 primaten.

250 4193 287 4241 ila
304 4198 330 4239 ut
348 4193 483 4255 episcopus
502 4194 681 4243 Alexandriae
699 4194 785 4243 lior-aru
803 4196 908 4245 onerarium
925 4194 1018 4245 lrabeat
1036 4202 1201 4259 potestatem.
1226 4202 1354 4261 quer-iarn
1373 4212 1403 4253 ec
1421 4208 1536 4271 episeopo

250 4276 363 4325 Ilonmno
381 4276 444 4323 lrucc
461 4284 498 4327 cst
517 4281 679 4330 emorraeum,

318 4362 338 4423 1δ)
358 4357 483 4411 Gelasius
503 4376 522 4411 s.
538 4358 707 4427 Cypriuuum
725 4359 863 4427 imitatur,
881 4359 929 4428 qui
946 4359 994 4415 lib.
1008 4360 1044 4415 de
1056 4360 1123 4415 unit.
1137 4360 1283 4418 Ecclesiae
1304 4366 1463 4437 aliquante
1478 4374 1536 4443 peel

250 4439 358 4494 initium
377 4440 429 4494 ait:
460 4448 575 4507 Quartino·
594 4442 740 4513 (Christus)
758 4452 882 4513 apostolis·
899 4450 1011 4500 omnibus
1031 4458 1092 4515 post
1113 4454 1338 4507 resurrectionem
1356 4474 1432 4509 sunu
1454 4476 1534 4523 pm

249 4538 400 4594 pecca-caleni
419 4530 524 4587 tribuat,
544 4540 625 4581 tanam
643 4542 670 4583 ut
688 4536 808 4585 arillalcm
825 4536 1016 4599 ruaniscstaret,
1034 4538 1139 4586 aniculis
1157 4538 1278 4599 ejusdcm
1297 4544 1431 4606 eripiam
1448 4546 1480 4595 ab
1491 4560 1534 4593 m

249 4617 409 4677 incipietur-ru
426 4632 472 4663 sun
490 4618 645 4665 aar-tarinae
663 4620 796 4682 ‹lupo-rull.
826 4618 886 4671 Hoc
902 4628 977 4670 crunt
996 4624 1080 4687 alique
1097 4628 1123 4671 et
1141 4624 1224 4671 ceteri
1240 4632 1378 4688 aporiant.
1405 4630 1533 4697 prodfuit

250 4700 355 4755 I’clrus,
373 4703 434 4763 puri
445 4702 574 4751 consortio
591 4705 706 4765 praediti
723 4712 748 4753 cl
765 4706 870 4755 horroris
887 4716 912 4754 cl
930 4711 1081 4769 potcstatis.-
1097 4708 1146 4756 ced
1156 4710 1298 4759 exoratum
1312 4712 1348 4761 ab
1359 4716 1465 4765 unitate
1478 4730 1533 4779 pre·

245 4786 382 4845 ficiscitur.
407 4794 433 4835 a!
452 4785 569 4836 Ecclesia
587 4788 683 4836 cre-ua
704 4807 753 4839 rina
772 4793 963 4841 ‹cerumar-etur.
997 4786 1131 4842 Similiter
1148 4804 1169 4842 a.
1189 4787 1391 4862 Hieronymus
1409 4794 1474 4851 adv.
1491 4794 1533 4849 Jo-

249 4864 350 4920 vinian.
370 4867 444 4933 1‚1r.
