3450 5678
542 131 756 181 suasurum
781 119 927 180 21-23.
1309 120 1371 186 497

102 287 313 374 comperimus
335 279 534 372 destitutum,
557 289 608 352 vel
628 291 702 374 post
717 287 957 353 damnationem
971 287 1166 372 Eucharisti,
1190 309 1252 374 quo
1268 291 1374 355 fuerat

100 392 297 476 depravante
326 389 520 475 dispersum,
551 411 646 455 curae
672 393 798 455 vestrae
826 390 1024 456 decrevimus
1051 411 1121 456 esse
1142 390 1372 478 delegandum:

98 498 136 558 ut
151 490 351 579 -diligentia,
388 514 452 578 qua
479 513 534 558 vos
563 515 621 578 pro
649 492 802 557 ecclesiae
834 493 1029 557 utilitatibus
1056 493 1276 560 existimamus
1305 517 1373 560 esse

98 595 285 681 vigilantes,
309 593 441 679 praedia
464 594 607 660 culturae
628 594 807 659 restituatis
830 594 992 680 antiquae,
1016 599 1050 659 et
1071 597 1238 680 revocetis,
1262 597 1374 683 siqua

98 701 178 763 sunt
207 696 339 763 vendita
367 700 424 761 aut
450 696 570 762 donata
598 697 771 782 mancipia.
828 696 1048 762 Possessiones
1077 697 1191 783 etiam,
1225 722 1305 785 quas
1332 701 1374 765 ab

98 798 291 886 Eumacic²)
321 801 355 862 et
382 797 532 884 Opilione
566 800 723 885 episcopis
757 798 807 864 vel
840 799 953 864 ceteris
984 800 1094 884 quovis
1123 800 1196 884 jure
1230 801 1374 867 videritis

97 901 216 986 teneri,
239 900 316 987 quia
339 901 486 986 contra³)
509 902 718 966 constitutum
733 901 847 986 synodi
870 902 911 965 ab
928 901 1078 988 episcopo
1092 903 1224 988 praedia
1239 904 1374 969 alienari

98 1003 191 1069 nullo
213 1007 387 1089 potuerunt
409 1007 605 1089 commento,
628 1003 838 1068 nihilominus
861 1008 1061 1069 revocentur.
1106 1003 1156 1071 Sit
1177 1005 1374 1098 emptoribus

98 1107 141 1172 ad
164 1129 238 1174 eum
259 1128 416 1191 recursus,
445 1106 499 1192 qui
520 1105 736 1192 praesumpsit
763 1106 883 1194 aliquid
906 1106 945 1170 de
968 1106 1121 1171 ecclesiae
1143 1109 1238 1173 rebus
1260 1107 1375 1174 illicita

98 1209 289 1275 venditione
311 1209 504 1295 distrahere3
526 1209 573 1274 ita
595 1212 631 1273 ut
653 1208 824 1294 pensiones
846 1231 972 1274 annum
994 1210 1035 1273 ad
1050 1209 1237 1294 pontificem
1251 1212 1374 1276 delera-

98 1311 155 1395 tis,
180 1311 231 1376 cui
253 1311 424 1397 privilegia
447 1333 504 1377 suu
525 1312 655 1398 integra
671 1312 821 1376 convenit
843 1312 930 1377 omni
952 1312 1078 1377 ratione
1100 1311 1231 1398 servari,
1254 1315 1374 1397 atejus

98 1413 343 1499 dispensatione
364 1415 527 1499 portiones
549 1413 742 1498 proveniant
765 1419 952 1479 consuetae:
974 1413 1022 1478 ita
1037 1416 1073 1478 ut
1087 1416 1267 1498 portionem
1282 1439 1374 1502 quar-

98 1517 208 1603 tae⁴),
238 1538 321 1603 quae
350 1517 391 1581 ad
418 1538 471 1582 eos
500 1516 658 1602 pertinet,
695 1537 752 1580 sua
780 1516 927 1601 pontifex
955 1515 1158 1581 ordinatione
1190 1518 1373 1603 distribuat,

98 1621 199 1704 prout
221 1618 374 1704 cujusque
396 1619 500 1684 locum
522 1619 733 1704 meritumque
756 1618 931 1704 cognoscit.
969 1618 1096 1683 Pariter
1117 1620 1216 1683 etiam
1238 1641 1277 1685 ex
1299 1621 1374 1686 fide·

98 1720 181 1785 lium
203 1720 367 1786 oblatione
388 1721 583 1806 faciendum,
606 1723 813 1807 utquartam
835 1720 959 1786 clericis
981 1725 1093 1807 eroget
1113 1743 1172 1807 pro
1195 1722 1374 1789 considera·

95 1822 191 1889 tione
220 1845 297 1889 suae
324 1823 490 1889 electionis
519 1824 664 1889 antistes.
721 1823 929 1888 Fabricarum
958 1823 1055 1888 etiam
1085 1823 1190 1909 portio
1226 1826 1375 1913 episcopo

98 1925 225 1991 sciente
253 1929 286 1990 et
313 1925 503 2011 disponente
532 1929 640 1991 vestra
672 1926 858 2012 erogatione
892 1926 1067 2011 pendatur,
1102 1930 1260 2012 quatenus
1292 1927 1374 1993 nihil

96 2027 232 2112 penitus
254 2027 289 2093 in
311 2028 540 2095 detrimentum
567 2029 702 2112 alicujus
730 2029 777 2093 rei
804 2026 975 2113 patiamini
1002 2029 1162 2114 generari.
1207 2029 1277 2116 81⁵)
1299 2030 1376 2115 quid

96 2151 178 2196 vero
206 2131 242 2196 in
271 2130 424 2197 ecclesiae
452 2134 576 2197 vestrae
604 2130 757 2195 damnum
790 2133 847 2195 aut
874 2130 909 2194 in
937 2131 993 2215 iis,
1035 2152 1117 2216 quae
1144 2134 1220 2197 sunt
1246 2151 1375 2218 praece-

95 2233 250 2320 ptione⁶)
283 2236 395 2300 nostra
427 2233 605 2320 prohibita,
640 2233 826 2319 pontificem
854 2235 993 2298 vestrum
1023 2234 1166 2300 videritis
1194 2235 1374 2320 admittere,

96 2356 177 2401 mox
197 2335 318 2403 nostris
340 2336 470 2401 auribus
492 2336 647 2402 relatione
670 2336 814 2422 signate,
845 2339 882 2399 ut
908 2335 984 2421 quid
1011 2336 1081 2402 fieri
1109 2337 1225 2402 debeat
1248 2359 1375 2404 censea-

94 2439 220 2527 mus7).

90 2667 159 2730 (est,
176 2661 299 2718 severius
316 2663 384 2718 tunc
401 2659 461 2732 egit
472 2658 630 2732 Simplicius
649 2678 712 2716 cum
724 2658 895 2729 Gaudentio,
914 2676 999 2730 quam
1016 2677 1090 2717 nuuc
1101 2659 1163 2732 agit
1174 2659 1299 2717 Gelasius
1312 2679 1374 2719 curn

90 2743 289 2803 Volaterrano
307 2747 451 2818 episcopm
474 2747 571 2816 utpote
595 2746 673 2816 cuim
696 2745 871 2816 dispositioni
889 2763 1026 2800 summam
1044 2763 1077 2801 ex
1094 2746 1276 2817 proventibus
1294 2748 1375 2802 colle-

84 2833 179 2887 ‹etam
200 2831 346 2902 permittat
369 2848 403 2886 ac
425 2832 536 2886 tantum
557 2831 663 2886 moneri
687 2831 767 2898 velit,
790 2831 813 2885 si
836 2831 904 2901 quid
922 2832 958 2886 ab
977 2831 1024 2886 illo
1045 2832 1074 2886 in
1092 2831 1144 2886 hac
1167 2831 1374 2902 dispensatione

83 2918 203 2971 tantm
219 2917 313 2988 legum
330 2915 534 2989 praescriptum
552 2917 727 2971 admittatur.

170 3005 192 3071 ¹)
211 3003 230 3056 Z
249 3006 402 3065 Ilaaaado,
421 3004 448 3056 c'
459 3005 497 3055 c¹⁰
515 3005 629 3057 Eaaatio
647 3002 748 3057 omisso
766 3002 850 3056 antea
867 3021 939 3071 quaa.

172 3089 193 3156 ³)
211 3086 268 3140 ΤΖ
286 3097 542 3150 contramandate,
566 3086 666 3141 deinde
685 3087 704 3140 Z
723 3091 756 3141 ab
774 3091 910 3155 episcopis.
947 3085 1058 3142 Hilarus
1080 3102 1156 3157 papa
1174 3087 1256 3157 epist.
1275 3093 1291 3142 8
1313 3094 1374 3143 mi

73 3171 216 3239 Statuit,
239 3192 271 3226 ne
286 3178 398 3245 praedia
415 3177 500 3243 atiquo
517 3177 581 3239 jare
599 3178 624 3224 ia
642 3180 748 3226 alterum
766 3176 985 3240 transferrentur,
1003 3177 1054 3226 aiei
1067 3180 1142 3241 priua
1159 3179 1230 3241 apud
1246 3180 1375 3228 concillum

73 3352 172 3398 tione
190 3353 358 3399 tractaretur.

171 3431 193 3498 ⁴)
212 3428 267 3483 ΤΖ
286 3439 416 3499 quartam,
435 3427 595 3484 concinnius
613 3445 677 3482 mss.
698 3439 814 3498 quartae.
850 3427 922 3482 Nam
939 3428 1010 3482 haec
1028 3429 1130 3497 quarta
1146 3427 1175 3481 in
1196 3428 1291 3497 plures
1308 3428 1376 3482 divi·

71 3513 226 3569 debatur
242 3512 447 3585 portiunculas,
465 3515 495 3567 et
517 3512 629 3582 quidem
651 3529 707 3567 non
725 3512 857 3581 aequales
876 3513 926 3566 sed
942 3530 994 3582 pro
1014 3513 1146 3583 cujusque
1164 3512 1258 3567 clerici
1275 3513 1375 3568 merito

68 3610 139 3653 nc
155 3599 308 3670 dignitate,
325 3599 402 3654 utin
419 3599 579 3668 fragmento
599 3605 631 3651 10
649 3598 856 3652 observavimus
875 3600 959 3667 atquc
977 3599 1031 3653 hoc
1047 3599 1109 3668 ipsc
1127 3597 1261 3653 firmatur.

173 3688 193 3753 ⁵)
211 3683 365 3754 Sequentia
381 3700 468 3753 osque
487 3682 523 3738 ad
539 3684 628 3737 verba
645 3688 737 3737 deleat
754 3702 898 3737 censeamus
916 3682 950 3735 X¹
970 3682 1117 3750 sejunctim
1134 3684 1164 3736 et
1181 3683 1241 3737 sola
1253 3686 1304 3737 sub
1323 3683 1377 3736 hoc

63 3763 186 3824 fitulo
208 3768 330 3824 inducit:
360 3773 394 3823 N.
423 3772 559 3823 CXVIII.
589 3772 704 3823 Gelenius
727 3773 827 3822 Iustino
853 3772 1035 3822 archidiacono
1062 3779 1086 3821 et
1113 3772 1209 3824 Fausto
1235 3773 1375 3835 defensori.

68 3858 212 3920 Qunam
230 3865 255 3910 el
277 3858 319 3909 abl
340 3860 416 3909 liceat
433 3858 541 3908 subditis
558 3862 719 3923 proclamare
737 3859 769 3907 de
791 3858 924 3923 praelatis.
955 3852 1062 3907 Desunt
1077 3852 1107 3905 in
1124 3853 1153 3919 Z,
1170 3853 1311 3923 prioribus
1329 3851 1376 3907 ad-

67 3938 208 3997 aluntur
224 3939 253 3994 iu
271 3939 295 3993 Τ
308 3939 345 3992 D⁵
358 3941 406 3995 11¹.

172 4024 441 4096 ⁸)'rm11'x1c10
461 4030 654 4094 praeceptionis
677 4036 780 4079 nostrae
803 4024 903 4094 (suppl.
927 4025 1101 4092 auctoritate).
1142 4021 1177 4087 Q²
1197 4027 1377 4092 praeceptioni

72 4122 222 4174 werae,
240 4110 316 4166 unde
333 4111 460 4165 nostram
477 4108 624 4164 lectionem
642 4108 822 4164 restituimus.

172 4195 293 4266 ⁷)Solus
310 4195 334 4250 'I'
353 4194 443 4250 addit:
472 4200 588 4249 Decimae
605 4201 679 4263 justo
698 4201 788 4250 ordine
805 4214 853 4249 aon
872 4205 967 4250 tantum
985 4198 1056 4250 nobis
1073 4200 1122 4249 aed
1141 4197 1282 4262 maJ‘cribus
1299 4198 1375 4246 uicum

76 4292 147 4336 eu
161 4286 276 4352 plebibus
296 4293 404 4343 tantam,
428 4284 472 4334 udi
491 4292 659 4336 sacrosancta
681 4288 777 4336 duntur
798 4285 964 4350 baptismata,
987 4284 1087 4347 deberi,
1110 4279 1184 4334 unde
1202 4282 1232 4333 et
1249 4281 1274 4332 cl
1292 4280 1329 4332 0¹⁰
1346 4275 1376 4330 in

77 4360 212 4422 tatum
230 4372 404 4437 receperunt.
441 4365 518 4430 Quae
536 4366 684 4436 geminans
707 4366 761 4420 sint
784 4383 819 4420 an
837 4367 873 4420 ab
893 4366 976 4421 lvcne
999 4365 1110 4421 aliunde
1132 4364 1290 4433 fragmento
1312 4361 1376 4416 huie

82 4451 230 4520 adjecta,
253 4469 339 4523 quum
357 4451 534 4507 Constantius
553 4452 667 4508 definire
685 4469 740 4507 non
758 4453 843 4519 ausit,
860 4467 911 4506 nce
929 4468 992 4506 cum
1009 4451 1133 4505 Berardo
1151 4450 1169 4504 l.
1188 4466 1209 4504 c.
1227 4448 1252 4501 H
1270 4452 1319 4502 att
1338 4446 1377 4500 in-

86 4532 191 4591 dubia
208 4537 262 4592 hcc
278 4538 399 4592 alterum
416 4537 598 4592 arbitramur:
622 4538 726 4592 scilicet
743 4554 777 4592 ea
795 4555 828 4591 es
846 4537 969 4606 quodam
986 4533 1153 4606 exemplari,
1177 4534 1206 4588 in
1227 4549 1283 4602 quc
1301 4531 1377 4586 nullu

91 4619 188 4690 tigno
206 4621 329 4678 suasu
345 4623 471 4693 proxime
490 4624 691 4692 sequebantur,
715 4623 775 4677 sola
795 4621 941 4677 scribentis
959 4621 1066 4677 incuria
1083 4620 1182 4675 adsuta
1199 4635 1268 4673 esse.
1305 4615 1377 4672 Nam

94 4706 161 4761 etsi
172 4708 234 4778 J'am
251 4708 357 4763 dudum
370 4726 425 4764 non
437 4708 488 4763 nisi
501 4709 529 4762 in
543 4709 663 4763 ecclesiis
682 4707 897 4779 baptismalibus
914 4708 1059 4778 baptizare
1072 4705 1178 4760 licitum
1191 4705 1264 4771 erat,
1282 4704 1378 4759 tamen

144 4812 295 4852 srvsrosss
311 4813 412 4853 sousa.
427 4814 541 4851 roarrr.
560 4799 581 4854 I.
1134 4799 1173 4858 32
