3412 5664
275 302 338 372 832
715 319 743 370 s.
760 318 968 371 uonmsoan
990 320 1105 368 aaran

168 503 192 542 a.
204 493 261 541 518.
274 475 466 561 magistrum
494 473 637 560 scrinii⁴)
663 475 835 539 memoriae
858 474 1045 556 direximus,
1076 473 1167 558 cujus
1195 472 1395 557 praeclaram
1420 473 1541 557 epira

273 600 348 642 nem
370 576 480 641 multis
503 579 599 640 antea
621 579 733 640 notam
755 576 909 642 habemus
930 577 1139 661 temporibus.
1192 575 1280 640 Data
1304 574 1369 639 VH
1388 573 1464 639 Jdus
1486 586 1541 652 ἓ

274 680 429 764 ptembris
452 678 743 764 Constantinopoli,
767 679 889 765 Magno
910 679 979 744 viro
1002 678 1179 743 clarissimo
1202 676 1345 742 consule.

772 866 955 971 Epistola
980 866 1029 950 43

883 1018 934 1056 seu

134 1117 158 1155 a·
169 1106 218 1155 516
231 1100 256 1156 d.
291 1114 495 1183 Exemplum
515 1113 691 1170 relationis
713 1114 880 1170 Johannis
903 1113 1055 1182 episcopi
1070 1110 1439 1182 constantinopolitani
1457 1127 1541 1196 μς

139 1168 255 1291 {052th
532 1217 676 1274 Gratum
697 1216 821 1272 missae
843 1216 888 1273 ad
909 1215 1127 1273 Hormisdam
1147 1229 1282 1284 papam

122 1305 190 1359 ΜΟ
222 1322 260 1359 ‘³⁰'
307 1347 342 1398 Se
359 1355 446 1398 rectae
466 1349 530 1411 fidei
546 1364 601 1399 ease
623 1350 761 1399 studiosum
778 1355 804 1398 el
822 1355 932 1413 quatuor
952 1350 1065 1413 synodos
1086 1348 1217 1412 auedpere
1234 1349 1379 1412 profitetur.
1415 1347 1541 1422 laeter„-⁸

307 1443 382 1498 atque
400 1434 481 1498 ipsius
498 1433 654 1484 llorrniadoe
672 1450 760 1484 nomen
781 1433 808 1482 in
826 1433 953 1496 dlptpclria
970 1434 1118 1497 inscriptam
1136 1433 1225 1490 docel,
1248 1439 1326 1498 atque
1343 1432 1421 1496 ἱεραὶ
1432 1448 1534 1502 μαρὰ

717 1524 831 1567 amantea
848 1519 990 1576 mittantur,
1009 1524 1093 1583 repat,

425 1650 587 1715 Domino
609 1672 691 1714 meo
714 1654 752 1714 et
773 1650 987 1734 peremnia
1003 1649 1075 1714 Dei
1097 1649 1268 1714 amatori
1284 1649 1524 1723 sanctissima

434 1757 451 1781 ·
516 1752 640 1815 fratri
662 1754 701 1815 et
723 1752 998 1816 comministro
1013 1751 1249 1816 Hormisdae
1271 1750 1465 1818 Johanncs
1483 1759 1511 1819 in

518 1853 684 1918 Domino
706 1854 887 1918 salutem.

359 1975 387 2037 1.
423 1972 533 2038 Saluto
554 1975 695 2036 vestram
718 1972 941 2056 sanctitatem,
973 1973 1136 2038 carissime
1158 1974 1194 2038 in
1217 1971 1346 2039 Christo
1366 1973 1496 2054 fratenel

273 2075 418 2139 salutans
439 2074 604 2159 praedico,
628 2075 779 2159 quoniam
801 2077 889 2160 recta
911 2074 990 2138 fides
1012 2075 1102 2139 salva
1124 2079 1173 2140 est
1196 2078 1229 2139 et
1251 2073 1368 2139 caritas
1387 2072 1492 2137 babin-

272 2178 349 2241 tatis
371 2177 498 2240 fflmeta
521 2181 578 2242 est.
609 2176 681 2241 Hoc
695 2175 782 2240 Deus
804 2176 889 2240 solus
910 2180 1026 2262 potens
1048 2198 1105 2261 per
1127 2176 1270 2242 studium
1286 2174 1492 2243 Christianorum

273 2282 306 2343 et
328 2279 542 2362 piissimorum
564 2278 793 2362 imperatorum
820 2278 889 2343 fieri
916 2279 1027 2343 voluit.
1073 2278 1220 2343 Scribere
1242 2278 1343 2363 igitur
1364 2273 1491 2361 apostolice

273 2384 306 2444 et
327 2380 483 2465 rescripta
491 2381 515 2465 ¹)
544 2381 704 2465 suscipere
731 2381 877 2444 fraterne
896 2380 956 2445 Dei
984 2402 1091 2445 amore
1119 2380 1310 2465 dignemini.
1352 2377 1415 2463 Ego
1436 2375 1492 2439 enin

272 2481 450 2565 inquisibili
477 2482 602 2547 ratione
625 2483 803 2547 doctrinam
826 2483 1099 2547 sanctissimorum
1128 2483 1344 2566 apostolorum
1364 2477 1492 2544 secundun

272 2582 478 2648 traditionem
500 2587 685 2649 sanctorum
707 2588 836 2669 patrum
851 2587 976 2668 tenens,
999 2584 1148 2648 similiter
1162 2583 1317 2648 honorem
1332 2580 1493 2647 consubstan-

273 2685 344 2749 tiali
367 2690 400 2750 et
421 2708 479 2771 per
500 2687 607 2750 omnia
629 2693 761 2751 sanctae
783 2685 936 2750 Trinitati
959 2686 1071 2769 offero,
1105 2685 1189 2750 sicut
1217 2685 1253 2750 in
1275 2685 1392 2750 Nicaea
1409 2686 1494 2747 becu-

273 2790 378 2851 torum
400 2787 575 2852 octodecim
604 2792 710 2853 coetus
733 2788 963 2873 promulgavit,
997 2791 1029 2852 et
1052 2788 1086 2851 in
1109 2786 1385 2872 Constantinopoli
1405 2786 1496 2850 centon

273 2889 508 2975 quinquaginta
531 2894 706 2954 conventus
728 2890 877 2973 finnavit,
902 2893 933 2954 et
953 2890 985 2953 in
1008 2889 1173 2973 Ephesina
1194 2888 1397 2974 concursus²)
1415 2885 1496 2950 ducen-

271 2993 377 3056 torum
405 2991 561 3075 firmavit,
600 2995 633 3055 et
659 2991 694 3055 in
723 2990 923 3056 Calchadone
954 2996 1129 3056 conventus
1157 2994 1377 3073 sexcentorum
1397 2986 1497 3071 tnginb

272 3096 400 3176 patrum
432 3093 581 3158 firmavit.
626 3092 721 3158 Hanc
756 3115 832 3179 ergo
865 3093 959 3158 fidem
992 3115 1091 3178 usque
1119 3093 1159 3158 ad
1185 3093 1334 3158 ultimum
1360 3087 1498 3155 anhelitum

273 3217 329 3278 per
351 3195 491 3281 gratiam
513 3195 573 3260 Dei
602 3194 799 3280 custodiens,
837 3195 1056 3280 spiritualibus
1084 3195 1284 3280 amplexibus
1311 3199 1376 3258 tam
1395 3194 1498 3255 raam

273 3298 480 3361 sanctitatem
506 3319 602 3382 quam
631 3298 729 3362 etiam
757 3296 949 3362 orthodoxas
977 3297 1127 3362 ecclesias
1155 3319 1194 3361 ex
1222 3297 1330 3360 animo
1351 3292 1497 3378 amplector,

272 3420 336 3462 una
358 3403 463 3463 tecum
485 3400 676 3464 inveritate
705 3401 864 3482 sentiens,
898 3404 931 3464 et
956 3422 1022 3464 una
1050 3404 1156 3464 tecum
1185 3416 1320 3482 sperans
1346 3397 1380 3460 iu
1403 3392 1448 3458 illo
1463 3389 1498 3451 die

273 3522 328 3584 per
356 3500 441 3566 hane
468 3501 564 3565 fidem
592 3501 709 3566 salvari
736 3502 822 3566 bona
848 3502 1013 3566 voluntate
1042 3499 1147 3565 Patris
1181 3504 1213 3575 et
1240 3500 1315 3564 Filii
1342 3501 1373 3562 et
1397 3493 1499 3578 Spiritu

272 3603 387 3667 sancti.
433 3603 709 3671 Consubstantieli
732 3604 817 3669 enirn
839 3603 993 3668 Trinitati
1020 3603 1124 3667 omnis
1156 3602 1262 3687 gloria
1290 3601 1415 3666 debetm
1436 3612 1498 3660 nuuc

272 3708 304 3768 et
325 3706 360 3768 in
383 3704 509 3770 saecula
531 3704 742 3770 saeculorum!

355 3806 386 3870 2.
421 3807 558 3871 Omnem
579 3807 614 3871 in
637 3807 765 3874 christo
786 3808 1041 3893 fraternitatem,
1071 3829 1151 3892 quae
1172 3829 1244 3872 cum
1267 3809 1372 3871 vesta
1391 3804 1432 3868 est
1448 3818 1499 3862 ⁸³11·

273 3907 401 3992 atitate,
426 3931 486 3994 ego
509 3913 542 3974 ct
563 3909 618 3994 qui
640 3931 781 3995 mecum,
811 3911 983 3995 plurimum
1004 3910 1040 3975 in
1061 3909 1200 3975 Domino
1223 3909 1403 3974 salutamus.
1439 3900 1499 3966 Tau·

338 4132 359 4197 ⁴)
377 4130 422 4184 Ita
439 4129 473 4186 G¹
487 4132 523 4185 ab
553 4130 622 4189 boc
638 4138 728 4186 scrinii
745 4142 769 4186 el
787 4139 933 4194 memoriae,
952 4131 1049 4186 addila
1067 4129 1262 4200 conjunctione
1279 4140 1317 4196 et,
1340 4142 1417 4196 quum
1430 4126 1501 4177 hm

270 4215 344 4269 infra
365 4215 444 4285 epist.
461 4222 495 4270 46
519 4215 659 4272 omittunt.
701 4215 852 4281 Quodnam
870 4217 907 4272 eit
926 4215 1055 4285 magistri
1077 4213 1228 4271 memoriae
1251 4231 1360 4280 munus,
1381 4207 1502 4281 explicatu

270 4299 312 4354 his
330 4300 348 4352 l.
369 4306 400 4354 14
419 4299 478 4354 cod.
498 4301 603 4356 Theod.
622 4301 674 4368 XI,
694 4308 738 4356 16:
767 4307 834 4362 Eos.
853 4309 897 4372 qai
912 4322 966 4356 cnm
983 4307 1078 4357 bonore
1100 4307 1227 4363 comitam,
1248 4306 1344 4354 nomine
1360 4301 1502 4367 mpura·

269 4391 416 4451 memmiae,
438 4392 601 4455 praefuerint
619 4396 659 4443 nel
676 4394 790 4457 epistolia
807 4395 846 4442 nel
864 4391 960 4445 libellis.
996 4391 1098 4440 Scrinia
1116 4406 1194 4440 sacra
1216 4387 1310 4439 auum
1330 4376 1503 4450 distinguet&

269 4472 315 4524 tur
333 4478 466 4525 memoriae
489 4478 652 4541 epistolarum
669 4491 702 4528 ac
720 4478 857 4527 libellorum
880 4472 960 4538 (conf.
979 4471 1039 4525 cod.
1060 4464 1503 4536 Theod.V1,aol.1‚4‚r‚12,lr

268 4554 404 4609 Eumdem
423 4555 541 4610 Gratum
562 4557 636 4612 infra
653 4558 777 4613 lustinus
796 4557 876 4627 epist.
897 4563 944 4611 1⁴29
962 4574 988 4609 n.
1009 4563 1023 4609 1
1042 4562 1121 4611 atrurn
1138 4558 1264 4609 anbllrnen
1280 4558 1417 4623 naama
1430 4546 1504 4602 ‚aaut

269 4645 297 4694 et
314 4640 454 4696 lohannes
478 4640 800 4713 Constantinopolitanae
824 4642 903 4713 epist.
923 4648 999 4696 6111.
1021 4648 1033 4695 1
1053 4646 1216 4695 clarissimam
1241 4644 1351 4694 conicere
1372 4628 1505 4704 emptam

268 4728 376 4780 vocant.

268 4816 302 4865 48
339 4814 357 4878 ¹)
376 4812 419 4865 lta
437 4814 525 4880 G¹a¹3
543 4814 561 4866 b
579 4819 686 4883 scripta.

336 4899 356 4965 ²)
375 4896 418 4951 lta
436 4898 478 4951 G'.
514 4898 582 4953 boc
600 4899 689 4954 omiti.
708 4919 853 4958 concursus.
