3450 5678
666 331 838 380 sorssors
863 323 912 380 12.
1364 321 1425 385 'Ill

1434 402 1463 506 l*

153 502 359 562 cooperamur
386 489 417 547 ia
442 491 568 563 quodie.
621 484 725 562 Quare
754 486 962 572 deprecamur
994 487 1147 573 disrumpi
1177 511 1295 554 novum
1324 489 1424 556 chiro·
1437 520 1461 557 a.
1472 509 1530 560 51⁶2.

154 584 316 670 graphum
337 589 494 670 nostrum,
524 587 608 652 sicut
629 588 770 653 salvator
793 593 825 654 et
848 589 912 654 dux
933 594 1043 656 noster
1065 589 1211 656 Christus
1234 595 1325 656 vetus
1346 592 1426 659 illud
1438 604 1493 662 Col.
1502 615 1526 675 a,
1536 615 1573 664 14.

153 687 190 752 in
213 709 306 752 cruce
334 688 484 773 disrupit:
518 712 560 754 ne
588 690 673 755 ultra
699 698 774 775 post
800 692 963 759 lavacrum
989 692 1242 778 regenerationis
1268 694 1425 760 malorum

153 793 336 854 nostrorum
352 791 572 876 subjaceamus
588 793 724 877 delictis,
748 795 803 858 sed
818 797 855 859 ut
870 794 949 879 ejus,
965 795 1019 880 qui
1035 795 1183 879 comedit,
1199 796 1296 881 uvel)
1308 798 1425 863 acerba

152 893 306 977 ligaverit
327 892 449 977 dentes,
479 895 653 959 secundum
676 895 762 960 beati
777 895 956 963 Ezechielis
977 897 1191 982 prophetiam.
1221 896 1325 974 Quum
1348 921 1425 986 ergo

153 995 189 1060 iu
211 995 347 1060 veritate
369 996 556 1080 parabolam
576 998 673 1062 istam
695 998 829 1064 salutari
851 999 991 1064 adventu
1021 1021 1078 1064 suo
1100 999 1248 1065 Salvator
1274 1001 1425 1087 impleve-

140 1098 212 1181 rit,
237 1119 308 1181 cur,
332 1099 533 1164 sanctissime
556 1123 594 1165 ac
615 1100 816 1184 beatissime,
846 1101 959 1165 Aeacii
981 1101 1199 1167 inobedientia
1220 1125 1315 1168 uvam
1337 1126 1424 1170 acer-

152 1199 228 1264 bam
251 1200 462 1284 comedentis,
484 1202 605 1286 nostri,
633 1203 666 1267 id
689 1206 737 1267 est
758 1202 896 1267 filiorum
918 1203 1035 1288 ipsius,
1058 1204 1093 1268 in
1114 1206 1183 1267 tam
1205 1204 1302 1290 longo
1325 1228 1424 1271 anno-

151 1323 222 1367 rum
245 1324 339 1367 cursu
360 1302 454 1388 ligati
476 1308 552 1369 sunt
574 1305 711 1369 dentes?
744 1304 785 1389 ,Si
813 1327 896 1369 unus
923 1304 1019 1369 homo
1046 1306 1208 1391 peccavit,
1237 1329 1335 1391 quare
1361 1310 1423 1373 toti

151 1426 336 1490 synagogae
359 1408 415 1470 aut
436 1406 541 1491 magis
563 1407 624 1470 toti
646 1406 817 1472 habitabili
838 1406 958 1471 mundo
984 1408 1076 1491 per⁷l
1099 1407 1273 1473 anathema
1294 1409 1422 1475 divinus
1528 1396 1535 1409 ⁶

149 1507 241 1572 furor
262 1507 444 1573 incumbit?
483 1507 547 1573 Ubi
570 1531 647 1594 ergo
661 1508 723 1573 Dei
745 1509 924 1593 promissio,
948 1530 1029 1595 quae
1051 1509 1146 1575 dicit:
1169 1515 1239 1575 Non
1252 1518 1424 1592 percipeat
1441 1495 1538 1550 &⁰⁰¹¹-

1438 879 1535 935 llzeeh.

1445 953 1514 1015 rae.

1439 1571 1515 1630 18,‘.’0
1527 1565 1557 1619 ot
1664 1626 1671 1641 '

146 1616 208 1686 filii
221 1623 388 1690 parentum
408 1624 548 1691 peccato,
573 1632 670 1692 neque
687 1623 834 1691 parentes
849 1618 982 1689 filiorum
997 1633 1128 1690 suorum,
1152 1619 1207 1677 sed
1220 1621 1424 1696 anusquaqae
1435 1632 1516 1687 Dent,

148 1719 295 1778 morietur
317 1719 348 1777 iu
370 1713 592 1794 cooperculo?
1433 1707 1520 1767 ‘²⁴210·

234 1816 265 1879 3.
303 1814 338 1880 si
359 1818 490 1899 propter
505 1814 832 1900 Alexandrinorum⁸)
856 1818 913 1879 aut
926 1814 1031 1900 magis
1046 1815 1325 1900 Eutychianorum
1343 1820 1420 1884 ami-

149 1916 276 2000 citiam,
305 1917 357 2002 qui
382 1921 570 1982 aversantur
592 1922 624 1982 et
647 1917 927 1982 anathematizant
953 1918 1192 1983 sanctissimum
1221 1922 1255 1983 et
1275 1920 1419 1986 beatissi-

147 2041 237 2084 mum
258 2041 376 2104 papam
399 2019 537 2084 Leonem
566 2020 614 2084 vel
636 2021 671 2084 in
694 2019 893 2085 Calchedona
916 2019 1072 2104 synodum
1093 2019 1257 2105 habitam,
1286 2022 1419 2088 anathe-

146 2121 319 2189 matizatus
348 2125 397 2186 est
418 2123 558 2186 Aeacius
565 2173 573 2205 ,
609 2144 707 2207 quare
735 2144 794 2187 nos
822 2122 953 2187 avobis
982 2122 1188 2186 aestimamur
1209 2122 1365 2189 haeretiei
1387 2129 1421 2191 et

144 2224 182 2288 in
204 2223 410 2289 anathemate
433 2247 541 2289 sumus
563 2247 633 2308 nos,
663 2225 717 2309 qui
741 2224 965 2309 amplectimur
979 2224 1114 2310 solam9)
1137 2225 1227 2290 illam
1251 2227 1418 2311 epistulam

146 2330 284 2411 atquae
311 2325 397 2390 dicta
425 2328 562 2391 suntin
591 2331 705 2391 sancta
732 2326 868 2410 synodo,
906 2326 961 2410 qui
987 2330 1118 2411 propter
1144 2328 1418 2412 praedicationem

145 2428 226 2493 recti
249 2428 409 2513 dogmatis
431 2429 529 2493 vestri
551 2428 693 2513 quotidie
715 2449 954 2513 oppugnamur,
985 2433 1018 2493 et
1044 2432 1082 2493 ut
1108 2429 1262 2495 haeretiei
1285 2431 1421 2497 auathe

144 2530 336 2595 matizamur
358 2530 399 2595 ab
421 2530 471 2612 iis,
495 2531 549 2614 qui
571 2530 745 2614 Eutycheti
769 2529 998 2594 consentiunt?
1036 2530 1111 2595 Noli
1133 2531 1240 2596 faeere
1258 2533 1417 2616 judicium

144 2654 203 2719 per
224 2632 325 2715 illum,
349 2633 403 2717 qui
427 2636 575 2696 curiatam
593 2633 720 2717 judicat
741 2635 871 2714 terram,
894 2655 936 2696 ne
951 2632 1067 2716 perdas
1078 2633 1202 2716 justum
1219 2656 1290 2698 cum
1304 2635 1413 2720 impio,

145 2756 206 2802 nec
227 2736 286 2799 fiat
306 2736 391 2820 apud
413 2739 446 2800 te
464 2734 570 2818 justus
598 2738 635 2799 ut
663 2735 796 2819 impius,
831 2757 891 2799 nee
920 2734 1097 2819 aequaliter
1119 2735 1306 2820 judicentur
1335 2759 1354 2800 a
1382 2742 1414 2803 te

144 2837 313 2904 orthodoxi
335 2841 368 2902 et
389 2837 559 2921 haeretici,
594 2837 644 2902 vel
666 2838 721 2921 qui
743 2838 1021 2902 anathematizant
1046 2839 1246 2922 praedictam
1267 2843 1414 2905 sanctam

145 2940 313 3025 epistolam
335 2943 542 3024 sanctamque
565 2940 720 3024 synodum
741 2943 879 3005 vestram
909 2943 1047 3025 rectam,
1075 2944 1109 3004 et
1129 2941 1152 3004 ii
1175 2942 1229 3026 qui
1250 2942 1414 3007 vobiscum

145 3043 186 3107 ab
208 3043 254 3108 eis
277 3042 608 3126 anathematizantur,
638 3042 745 3127 etqui
769 3046 865 3107 orant
890 3044 972 3107 mori
995 3043 1138 3128 quotidie
1161 3064 1218 3128 pro
1241 3048 1330 3109 recta
1352 3046 1413 3110 fide

144 3167 225 3232 quae
248 3168 267 3209 a
288 3145 377 3209 vobis
400 3145 612 3229 praedicatur.

228 3248 259 3312 4.
294 3247 338 3312 at
358 3247 454 3312 Jesus
476 3249 603 3332 quidem
626 3247 715 3312 Nave
738 3248 977 3313 incircumcisos
1005 3252 1038 3312 et
1065 3247 1221 3312 idolorum
1243 3250 1413 3316 servitores
1421 3271 1556 3338 Jos.10‚e.

145 3349 343 3415 Gabaonitas
367 3373 438 3415 cum
460 3351 627 3415 mendacio
655 3351 818 3435 fugientes
846 3350 885 3413 ad
908 3373 959 3432 se,
988 3350 1063 3414 dum
1085 3355 1350 3435 oppugnarentur
1372 3353 1413 3417 ab

144 3452 333 3517 Abimelech
355 3453 405 3517 vel
429 3453 542 3517 ceteris
565 3456 701 3538 quatuor
723 3474 794 3516 eum
816 3474 854 3516 eo
875 3452 1091 3537 principibus,
1121 3474 1179 3538 pro
1207 3474 1244 3517 eo
1266 3455 1350 3538 quod
1372 3455 1412 3519 ad

144 3576 215 3618 eum
237 3556 462 3639 confugerant,
486 3556 554 3619 Deo
577 3558 770 3639 cooperante
792 3558 921 3620 strenue
943 3555 1130 3639 vindicavit,
1154 3578 1196 3619 ne
1211 3555 1411 3641 blasphema-

143 3660 232 3721 retur
253 3677 371 3721 nomen
386 3657 446 3721 Dei
470 3659 538 3741 ejus
560 3660 725 3742 tamquam
747 3680 813 3721 non
835 3679 888 3721 eos
911 3657 1061 3741 adjuvare
1084 3657 1310 3741 praevalentis.
1344 3659 1411 3724 Vos

145 3761 266 3842 autem,
296 3759 492 3823 sanctissimi
514 3760 590 3843 viri,
620 3759 700 3824 lesu
721 3760 833 3844 magni
855 3759 916 3824 Dei
939 3764 973 3824 et
994 3758 1169 3825 Salvatoris
1191 3760 1259 3844 spei
1281 3763 1410 3826 nostrae

208 3966 230 4032 ⁶)
248 3964 305 4018 bc²
323 3980 380 4032 seq.
400 3984 448 4018 uuo
468 3967 561 4017 araba
584 3969 707 4032 liparerie.
748 3962 904 4018 Secundum
926 3962 995 4016 illud
1012 3961 1124 4016 Domini
1146 3962 1222 4033 apud
1238 3963 1410 4020 Ezechielem

143 4055 182 4117 18,
199 4057 228 4105 3:
260 4053 325 4103 Viuo
342 4069 389 4117 epo
407 4055 470 4103 dicit
488 4054 608 4103 Dominus
626 4055 708 4118 Deus,
731 4055 754 4102 εἰ
776 4055 826 4104 erit
850 4055 917 4101 altra
939 4052 1009 4102 vola
1030 4053 1157 4117 parabola
1173 4052 1237 4102 laec
1254 4055 1280 4103 r'a
1302 4070 1409 4118 prover

141 4139 218 4197 tiam,
237 4151 292 4204 quo
305 4134 389 4201 vulgo
402 4134 558 4188 (licebatum
577 4147 667 4203 putres
679 4140 840 4188 coercuerunt
852 4154 934 4194 izvara,
954 4144 979 4186 et
997 4138 1085 4187 demes
1094 4138 1203 4200 filiorm
1221 4137 1408 4203 etampeacuur,

141 4220 255 4289 petunt,
279 4219 311 4272 ut
332 4219 392 4287 ejus
415 4218 507 4285 nnius,
531 4219 577 4287 qui
601 4218 734 4286 comedit,
757 4218 855 4273 (lentes
871 4218 994 4287 ligentur
1012 4218 1041 4272 et
1063 4218 1273 4289 obstupescant,
1294 4220 1348 4274 hoc
1365 4224 1409 4274 ast

141 4303 215 4358 solus
232 4302 279 4357 ifle
297 4321 416 4372 poenam
435 4304 606 4373 experiatur,
625 4303 673 4372 qui
691 4303 816 4370 deliquit.

206 4391 229 4456 7)
247 4387 324 4443 Nulli
341 4389 492 4444 antithema
515 4388 618 4442 dictum
642 4390 684 4443 est
700 4391 816 4458 propter
834 4388 914 4443 unius
928 4387 1022 4442 Aeacii
1039 4389 1199 4459 peecatum,
1221 4389 1273 4443 nisi
1290 4389 1338 4457 iis,
1359 4391 1407 4459 qui

139 4475 176 4528 ab
194 4474 255 4545 ejus
273 4474 410 4529 consortio
430 4475 558 4529 recedere
576 4474 713 4540 nolentes,
730 4474 840 4544 peccati
857 4474 917 4543 ejus
934 4472 1086 4543 participes
1104 4473 1170 4528 lacti
1188 4475 1259 4528 sunt.

206 4561 227 4627 Θ)
246 4559 306 4612 Hoc
326 4558 390 4612 ideo
412 4558 518 4625 (beant,
545 4559 611 4627 quia
632 4559 749 4613 Aeacius
774 4559 891 4629 propter
916 4559 969 4613 hoc
992 4557 1110 4612 manuue
1134 4558 1280 4612 damnatus
1307 4560 1406 4627 suerat,

139 4644 215 4713 quod
226 4643 302 4698 Petri
319 4644 551 4714 pseudoepiscopi
562 4643 742 4698 Alexandrini
753 4645 863 4714 saepius
874 4643 1000 4700 danmati
1012 4643 1163 4698 amicitiam
1175 4644 1406 4699 commiurionem-

139 4745 194 4799 quc
211 4728 384 4798 srucepisset.

206 4816 228 4880 ῃ)
245 4813 407 4882 Legendum
430 4814 538 4868 videtur
556 4825 635 4868 totum
652 4814 696 4868 vel
712 4826 841 4873 seuerum:
862 4815 937 4883 quod
959 4816 1129 4886 postremum
1148 4831 1180 4868 eo
1199 4813 1288 4884 magis
1305 4815 1405 4885 placet,

139 4898 215 4967 quod
232 4916 296 4953 mox
315 4899 442 4954 eamdem
461 4899 609 4969 epistolam
626 4911 738 4954 surrectum
757 4901 864 4955 vocent.
