3450 5678
356 323 418 388 612
816 337 843 384 s,
861 337 1001 386 attonsa
1024 337 1137 384 eneae

358 508 468 556 ternam
490 508 533 554 cst
548 500 722 567 recedentes,
745 501 773 553 in
797 499 826 552 id
839 500 915 570 qraod
929 514 1041 570 semper
1055 500 1152 570 deficit
1167 504 1234 553 sunt
1249 501 1369 567 redacti,
1393 500 1513 572 proxime
1536 497 1627 553 addit:

358 584 442 651 Quod
452 592 624 656 praestante
640 585 700 638 lieo
716 586 791 638 ertias
807 586 975 655 confidimns
988 586 1103 654 [alearias
1119 585 1342 655 exsequendam.
1369 583 1422 639 Sed
1438 583 1514 638 valde
1530 601 1629 639 seren·

357 670 428 731 (luni,
451 687 493 731 ue,
510 677 653 742 postquam
678 667 729 722 hac
744 666 793 722 sibi
809 677 996 741 proposuerat,
1019 667 1050 721 ad
1074 669 1156 723 totius
1173 665 1306 723 Ecclesiae
1322 670 1442 742 regimen
1459 677 1627 742 assumptas,

357 755 505 827 cogitatum
523 770 590 826 opus
606 752 718 826 aggredi
734 770 783 826 pen
797 752 916 807 assiduas
933 753 1123 826 ‹scrupalianes
1139 754 1245 807 minime
1260 755 1408 826 permissus
1424 754 1468 808 sit.

927 913 1048 978 XVIll.

359 1055 394 1064 -
415 1054 451 1064 -
479 1025 622 1081 tolonnis
637 1026 831 1081 Alexandrini
845 1028 973 1096 episcopi
987 1026 1027 1079 ad
1041 1024 1184 1080 Gelasium
1200 1026 1341 1097 apologia.

443 1129 470 1181 1.
487 1127 605 1182 Meminit
620 1126 752 1196 ejusmodi
768 1128 909 1182 Jolaannis
924 1128 1118 1182 Alexandrini
1133 1129 1171 1181 ad
1186 1127 1331 1181 Gelasium
1346 1128 1498 1199 apologiae
1510 1125 1628 1181 l'liotius

356 1211 480 1268 biblioth.
497 1213 557 1266 cad.
576 1211 624 1272 54,
651 1213 676 1265 in
693 1228 777 1284 caepae
792 1212 867 1266 illum
883 1213 918 1264 ait
934 1230 990 1267 non
1006 1215 1095 1266 solam
1112 1212 1298 1284 Pelopianam
1313 1212 1456 1266 haeresim
1472 1212 1526 1266 sed
1540 1216 1628 1267 etiam

355 1298 503 1370 Pelagium
519 1304 546 1351 et
562 1298 730 1351 (laetaniam
746 1313 782 1351 ae
798 1298 1043 1367 ipsumJulionum
1061 1298 1261 1357 condennrare.
1278 1300 1327 1368 qui
1341 1299 1426 1351 etiram
1442 1312 1543 1351 eorum
1560 1314 1627 1352 snc-

356 1398 456 1438 cessor
477 1386 607 1454 copinas
628 1389 678 1435 est.
719 1380 836 1453 laequieu
856 1381 957 1436 Oriens
973 1382 1127 1437 (laristian.
1143 1381 1178 1442 ll.
1195 1380 1256 1437 426
1277 1397 1334 1435 eam
1348 1382 1478 1437 lobanni
1494 1381 1630 1437 b'ieiotac

356 1468 460 1528 asserit,
477 1468 567 1521 neseio
584 1482 635 1539 qna
651 1467 755 1520 innixus
772 1483 858 1528 caiisa,
884 1483 966 1538 apriano
992 1466 1037 1520 ille
1052 1466 1159 1539 quidem
1176 1465 1282 1520 ‹lemum
1304 1464 1336 1519 ab
1357 1484 1380 1519 a.
1398 1466 1458 1522 alit
1484 1482 1573 1539 usque
1596 1466 1629 1521 ad

355 1569 379 1606 a.
397 1552 457 1608 516
479 1551 535 1606 sedi
558 1550 748 1605 Alexandrinae
769 1553 949 1624 praepositus.
971 1551 1098 1604 :salvemus
1120 1550 1259 1605 ecclesiam
1275 1549 1475 1605 Occidentalem
1496 1552 1566 1605 satis
1589 1553 1629 1606 iu·

357 1637 433 1691 ienso
449 1639 536 1691 arsitrio
552 1645 633 1690 esset.
667 1636 799 1706 Suscepit
814 1637 893 1696 enini,
910 1637 945 1690 ait
960 1634 1107 1696 Liberatus,
1124 1639 1261 1690 amitinum
1277 1635 1400 1691 Zenonis
1415 1638 1552 1705 edictum,
1570 1655 1628 1691 non

356 1728 450 1777 autem
467 1722 698 1776 Calchedonense
714 1723 864 1777 concilium
880 1729 907 1775 et
922 1723 1071 1791 epistolam
1084 1736 1183 1792 papae
1198 1721 1311 1776 Leonis.
1343 1719 1417 1775 Unde
1433 1737 1484 1775 uec
1499 1737 1629 1777 comma-

354 1810 462 1862 nicaeit
487 1805 595 1878 quidem
618 1807 759 1860 Flauiano
782 1807 958 1860 Antiocheno
984 1814 1011 1860 et
1039 1807 1122 1861 Elide
1144 1806 1404 1877 Hierosolymitano
1430 1809 1580 1877 episcopis
1601 1815 1630 1862 et

358 1891 501 1947 Timotheo
517 1891 842 1961 Constantinopolitano;
857 1892 969 1946 dicebat
985 1894 1058 1946 enim
1074 1890 1244 1961 imperfecte
1260 1892 1382 1945 edictam
1398 1907 1429 1945 se
1444 1892 1558 1946 trabere
1573 1907 1630 1947 nec

355 1979 395 2031 ad
409 1980 544 2031 unitatem
560 1975 710 2046 sufficere,
728 1978 804 2047 qtaod
817 1994 872 2030 non
889 1980 917 2031 in
935 1976 1118 2031 araatdematc
1134 1978 1235 2047 synodi
1249 1982 1324 2030 esset
1336 1975 1460 2046 sactum.
1489 1974 1569 2031 Unde
1585 1977 1629 2030 vix

356 2062 410 2116 veri
426 2060 513 2115 simile
529 2068 578 2120 est,
595 2062 677 2114 istum
693 2061 777 2113 virum
792 2062 828 2114 ita
845 2060 987 2116 salsanicum
1004 2069 1175 2115 memoratam
1190 2059 1341 2133 apologiam
1357 2060 1389 2115 ad
1405 2059 1498 2115 sedem
1516 2068 1629 2134 aposlo-

355 2145 441 2207 licnm,
464 2162 540 2215 quus
563 2155 627 2200 tum
644 2143 698 2213 jin
719 2145 853 2199 scrutalus
874 2154 936 2218 post
958 2144 1079 2199 Gelasins
1101 2145 1208 2220 praesul
1230 2154 1287 2199 erat
1308 2143 1458 2206 llormisela
1482 2144 1625 2201 direxisse.

355 2232 423 2284 Arate
438 2227 621 2303 pontificatum
637 2238 726 2284 :intem
742 2231 863 2285 rniraaaclii
880 2231 976 2285 reclusi
993 2232 1072 2285 sitam
1087 2230 1212 2304 elegerat.
1236 2229 1305 2285 unde
1326 2238 1544 2303 cognomentum
1561 2231 1624 2287 Ha·

356 2316 398 2369 bis
414 2313 441 2390 (i.
459 2332 484 2371 e.
500 2308 672 2386 ἕγκλειστος,
690 2315 832 2385 reclusas)
849 2317 963 2370 sortitas
979 2314 1108 2388 (Leqaien
1124 2315 1142 2370 l.
1159 2333 1182 2369 c.
1199 2313 1280 2386 425).

440 2392 468 2453 2.
501 2398 629 2472 Equidem
646 2399 787 2472 apologiae
803 2400 875 2454 illius
891 2408 1027 2454 auctorem
1044 2402 1176 2455 nennnem
1192 2399 1270 2454 alitam
1287 2400 1338 2455 nisi
1353 2399 1519 2457 Iohannem
1539 2401 1625 2457 Tala·

348 2487 429 2555 jam,
453 2485 521 2538 cirea
541 2484 601 2539 48⁸2
624 2486 795 2540 eatbalicnna
817 2504 834 2539 a
857 2486 1008 2540 catholicis
1034 2486 1195 2540 ordinatam
1221 2489 1387 2555 episcopam
1413 2485 1625 2541 Alexandrinum

355 2568 522 2625 crediderim.
554 2567 605 2635 Qui
627 2586 709 2641 quiam
732 2569 800 2623 odiis
821 2570 935 2625 Zenonis
957 2571 1098 2642 Acaciiqne
1119 2578 1146 2624 et
1162 2568 1230 2624 dolis
1253 2568 1324 2623 Petri
1342 2569 1431 2643 blangi
1448 2572 1543 2626 statim
1561 2571 1625 2626 sede

355 2670 402 2707 sua
419 2653 512 2726 pulsus
529 2653 626 2708 lloaiiae
648 2654 754 2708 exsulare
770 2663 922 2727 cogeretur,
945 2654 1051 2710 totidem
1067 2663 1210 2728 postquam
1226 2654 1378 2727 Simplicius
1394 2663 1421 2709 et
1437 2653 1513 2710 Felix
1530 2655 1551 2711 ll
1567 2655 1625 2726 ejus

355 2740 553 2793 restitutionem
569 2737 600 2791 ab
616 2740 775 2812 imperatore
791 2739 911 2794 obtinere
928 2739 1026 2794 frustra
1038 2747 1182 2800 teritorum,
1199 2737 1328 2794 ecclesiae
1340 2737 1457 2794 Nolanae
1468 2741 1625 2813 praelectus

354 2831 396 2878 est
412 2823 502 2896 (idque
515 2832 584 2878 teste
596 2823 759 2896 Theophane
772 2823 877 2878 ‹leumm
894 2833 957 2897 post
973 2825 1046 2878 initia
1061 2825 1164 2897 imperii
1178 2824 1328 2894 anastasii),
1345 2825 1399 2886 nbi,
1417 2826 1453 2879 ait
1471 2823 1623 2887 Liberatus.

355 2911 518 2979 complures
532 2925 624 2964 aureos
640 2911 769 2964 residens
783 2913 811 2963 in
824 2926 902 2980 parare
916 2910 1073 2981 defunctus
1088 2915 1138 2965 est.
1170 2908 1205 2964 lta
1221 2910 1306 2982 igitur
1318 2916 1344 2964 et
1356 2925 1452 2964 causae
1464 2912 1624 2984 praeprimis

355 2995 381 3048 in
398 2993 559 3048 Occialentali
580 2992 692 3048 ecelesia
708 2995 822 3066 agitatae
839 2996 954 3048 animam
970 2993 1118 3055 advertere,
1134 3002 1161 3049 et
1176 2992 1309 3063 ejusmodi
1324 2994 1479 3068 apologiam
1496 2995 1622 3063 Gelasio,

354 3078 482 3133 ecclesiae
498 3078 638 3132 orientatis
651 3077 705 3147 jaan
724 3077 784 3132 inde
800 3097 814 3132 a
830 3078 916 3134 Felice
937 3088 1059 3151 patrono,
1082 3078 1235 3139 inscribere.
1252 3086 1278 3133 et
1294 3077 1364 3152 apud
1380 3087 1512 3152 posteros
1530 3082 1624 3137 ortbo·

354 3162 439 3218 (loxos
455 3180 552 3219 aionien
568 3162 599 3216 ab
617 3163 793 3218 Alexandrina
808 3163 919 3219 ecclesia
937 3180 1021 3237 usque
1036 3163 1134 3218 elucere
1149 3165 1250 3237 potuit.

942 3307 1030 3371 XIX.

358 3449 393 3458 -
413 3448 448 3458 —
481 3419 589 3474 Getasii
602 3421 712 3473 nomine
728 3419 839 3491 Pelopei
852 3420 995 3474 taceretiri
1009 3423 1210 3475 arrrrotatioaes
1221 3423 1249 3474 in
1262 3420 1399 3491 epistolas
1413 3418 1504 3477 Pauli
1512 3424 1621 3495 passi·

507 3503 800 3574 circumferebantur.

439 3604 570 3672 Quiaiedam
587 3604 682 3659 Gelasii
698 3607 805 3660 nourine
825 3623 877 3661 tion
895 3607 976 3679 longe
998 3615 1060 3679 post
1076 3608 1158 3679 ipsius
1181 3606 1283 3662 caluitum
1298 3606 1562 3667 circumferebantur
1576 3628 1620 3667 aa·

354 3691 507 3745 notationes
524 3692 549 3744 in
566 3690 694 3763 epistolas
711 3689 793 3750 Pauli.
818 3707 883 3763 quas
900 3691 1075 3746 Cassiodorus
1092 3701 1165 3746 latito
1182 3709 1250 3765 papa
1265 3691 1389 3765 Indignas
1407 3696 1507 3751 merito
1518 3695 1621 3766 judica·

354 3776 400 3829 vit.
428 3774 462 3828 lle
479 3775 519 3828 bis
535 3792 615 3847 pinm
632 3776 744 3847 insignis
760 3774 804 3829 ille
820 3784 929 3830 senator
944 3784 1059 3832 urentem
1076 3778 1114 3832 sic
1130 3778 1242 3850 explicat
1257 3794 1332 3832 sitam
1348 3776 1411 3848 (ilia.
1429 3780 1518 3836 instit.
1533 3798 1560 3837 c.
1575 3781 1620 3852 Sl:

354 3860 390 3914 ln
407 3862 534 3930 epistolis
551 3862 685 3914 tredecim
701 3864 796 3914 sancti
810 3861 896 3916 Pauli
910 3866 1111 3917 arrrrotatianes
1126 3867 1308 3934 coraseriptas
1322 3868 1351 3918 in
1366 3867 1429 3934 ipso
1443 3868 1526 3922 initio
1541 3883 1621 3922 meae

352 3946 483 3999 lectionis
498 3948 600 3999 imerii.
626 3948 749 4012 (terracin
767 3954 935 4001 cunctarum
951 3948 1082 4002 mambas
1103 3951 1142 4002 ita
1160 3948 1289 4003 celebres
1302 3948 1502 4019 labebantur,
1525 3959 1557 4007 ut
1571 3967 1622 4006 eas

352 4048 370 4084 a
386 4038 486 4084 sarecto
503 4032 615 4085 Gelasio
629 4048 709 4100 papa
733 4032 812 4085 urbis
828 4033 936 4087 liomae
951 4034 1105 4087 doctissimi
1120 4036 1175 4088 uiri
1187 4035 1278 4089 stadio
1293 4036 1425 4089 dicerent
1436 4034 1537 4105 faisse
1552 4052 1620 4094 cors·

352 4119 486 4185 scriptas.
518 4116 599 4182 Qarad
613 4117 704 4171 solent
717 4115 831 4186 screare,
853 4121 902 4188 qai
916 4133 964 4171 res
987 4121 1101 4172 vitiosas
1116 4121 1236 4189 capiant
1249 4120 1368 4190 pluriosi
1381 4123 1506 4176 nominis
1520 4131 1620 4179 aucto·

351 4204 437 4255 ritate
452 4199 618 4270 defendere.
649 4200 707 4255 Sed
720 4201 801 4255 rrarbis
822 4218 861 4257 ea
880 4204 1123 4272 praecedentibus
1137 4204 1305 4258 lectionibus
1325 4205 1455 4276 diligenti
1474 4213 1620 4263 retraeta-
1649 4233 1710 4247 --

352 4288 428 4340 tione
440 4292 609 4354 paatnerant,
627 4286 823 4340 subtilissimos
839 4288 947 4358 quidem
970 4302 1031 4342 esse
1047 4304 1083 4342 ac
1099 4289 1281 4344 brevissimas
1295 4290 1445 4359 dictiones,
1469 4292 1523 4347 scd
1535 4291 1620 4348 Pela·
1640 4317 1703 4332 -

350 4373 430 4442 piceni
449 4373 560 4424 erroris
582 4386 690 4425 uenena
710 4373 769 4425 illic
791 4387 852 4427 esse
874 4376 1021 4427 seminata.
1054 4373 1131 4427 Certe
1154 4389 1168 4426 a
1188 4372 1337 4447 Pelagiauis
1358 4373 1465 4446 placitis
1488 4386 1618 4450 quantum
1672 4401 1690 4422 ι

351 4452 494 4508 abhorreat
509 4454 640 4522 Gelanos,
657 4456 763 4527 seriptis
784 4458 900 4529 propriis
921 4466 1076 4512 constanter
1091 4458 1219 4513 ostendit.
1251 4457 1287 4513 lbi
1308 4475 1373 4513 vero
1393 4458 1534 4518 lohannes
1555 4462 1684 4517 Gar—-

352 4540 441 4593 nerins
457 4538 565 4593 indicari
582 4549 672 4594 assonet
687 4538 786 4612 Pelagii
808 4544 1013 4596 contituentaeios
1030 4544 1055 4597 in
1071 4542 1191 4605 rantum,
1214 4544 1260 4616 qui
1284 4560 1307 4598 s.
1325 4541 1483 4617 Hieronymi
1505 4563 1612 4622 operar·
1651 4571 1672 4590 ·
1720 4565 1725 4580 ⁴

351 4632 425 4678 tomo
442 4623 496 4678 l'lll
512 4623 645 4694 (editionis
662 4624 837 4696 victoriane)
853 4628 954 4688 inserti,
971 4626 1004 4681 ile
1020 4627 1117 4699 quibas
1130 4626 1226 4683 ilarius
1239 4627 1370 4683 llereatar
1384 4633 1547 4688 commonit.
1562 4642 1608 4689 c*

351 4709 386 4762 ita
401 4707 535 4780 loquitur:
558 4712 654 4765 Ausus
675 4716 717 4765 est
732 4719 904 4767 memoratas
919 4711 1064 4786 (Pelagius)
1081 4721 1149 4769 ante
1165 4718 1350 4770 uastationem
1366 4715 1449 4771 urbis
1461 4717 1600 4774 Romaei
1645 4745 1647 4752 v

350 4796 508 4863 apostatam
529 4795 651 4850 l'aatam
673 4801 890 4852 commentarios
911 4799 1036 4853 condere
1053 4841 1058 4852 .
1078 4842 1084 4854 .
1102 4824 1125 4863 .;
1151 4815 1234 4872 quem
1254 4800 1358 4856 libram
1380 4804 1449 4872 ejas
1469 4803 1609 4861 babemus

344 4876 526 4955 proferimus
541 4881 580 4935 ad
593 4882 815 4936 convincendam
830 4885 973 4938 inimicam
988 4887 1054 4955 ejas
1068 4900 1206 4940 errorem.
1238 4883 1273 4940 lle
1288 4883 1386 4960 quibus
1401 4895 1430 4942 et
1445 4890 1585 4965 Angustia
1603 4924 1605 4931 =
