3450 5678
679 320 878 369 reserares
902 322 935 369 v.
1387 312 1450 378 583

178 498 273 560 quem
295 496 329 539 se
350 473 563 559 prostravisse
581 474 745 558 jactabat,
766 475 894 558 justitia
911 475 1101 541 vinceretur.
1137 477 1259 553 Quibus
1282 503 1348 544 non
1371 484 1449 547 satis

180 577 293 642 hahuit
308 575 488 661 Reparator
511 577 668 659 excelsus,
692 579 729 640 ut
750 577 819 661 ipse
840 580 1063 643 tantinnmodo
1085 580 1118 644 in
1143 603 1180 644 ea
1202 585 1330 666 natura,
1354 607 1449 668 quarn

181 682 370 764 sumpserat,
394 682 522 763 gereret
544 679 582 742 de
603 678 695 742 hoste
718 678 850 743 humani
872 680 1000 764 gencn's
1023 680 1108 746 hunc
1124 684 1333 768 triumphum.
1368 685 1451 762 Quid

182 782 264 847 enim
286 783 505 867 praestaretur
527 781 693 845 mriversac
715 785 844 846 nostrae
866 782 1115 869 *creir-turae,
1145 786 1172 848 si
1201 787 1304 851 victor
1332 773 1504 853 diaboli*f·
1520 786 1589 877 ''ff‘'

183 884 264 947 solus
287 882 433 949 Christus
456 882 646 947 exsisteret?
687 883 814 948 Tribuit
837 906 914 970 ergo
936 885 1084 951 fidelibus
1108 887 1173 951 suis
1196 887 1371 974 dignanter
1393 891 1451 955 im-
1502 861 1547 894 rae

183 1008 290 1050 mensa
312 986 433 1071 pietate
456 985 667 1050 consortium:
691 986 804 1050 tribuit
826 1009 883 1071 per
905 987 1045 1073 gratiam
1068 1011 1157 1053 suam
1175 991 1332 1076 fidemque
1356 993 1450 1057 colla-

183 1092 262 1171 tam,
300 1091 338 1152 ut
363 1087 530 1152 hominum
559 1088 659 1151 millia
687 1088 860 1152 ineffabilis
890 1091 1077 1174 compendio
1105 1094 1298 1157 sacramenti
1321 1095 1450 1178 partici-

183 1193 291 1275 patum
313 1190 381 1274 ejus
404 1190 617 1276 acquirerent,
642 1195 875 1275 renovataeque
897 1192 930 1256 in
954 1215 1010 1257 suo
1027 1193 1190 1258 Salvatorc
1212 1198 1347 1259 naturae
1369 1197 1448 1260 fructi

182 1293 372 1375 consimiles,
406 1293 468 1377 ipsi
490 1315 614 1378 quoque
636 1295 751 1358 fierent
773 1294 952 1379 deceptoris
975 1296 1023 1359 sui
1046 1300 1171 1361 mutata
1193 1301 1277 1361 sorte
1300 1299 1447 1362 victores.

180 1397 292 1481 ltaque
321 1398 434 1461 contra
460 1396 633 1480 superbum
666 1396 814 1480 spiritum
843 1400 1085 1480 permanentem
1117 1397 1178 1463 hoc
1206 1403 1255 1463 est
1286 1402 1448 1484 provisum

181 1499 344 1563 curatione
367 1497 539 1580 salvandis,
563 1501 600 1561 ut
623 1499 878 1582 competentibus
900 1500 1002 1564 modis
1025 1501 1065 1564 ad
1087 1523 1163 1565 suae
1186 1502 1378 1567 conditionis
1401 1503 1448 1566 in-

179 1601 365 1688 tegritatem
392 1600 584 1684 proficerent
611 1600 865 1685 dignitatemque
895 1602 1078 1667 coelestem:
1112 1607 1270 1688 quatenus
1299 1605 1448 1669 elationis

179 1703 317 1769 exitialis
340 1702 500 1785 affectum,
524 1703 578 1786 qui
600 1725 666 1767 non
690 1703 792 1766 solum
812 1703 988 1768 humanam
1010 1706 1065 1769 sed
1088 1706 1191 1789 ipsam
1207 1728 1341 1790 quoque,
1366 1707 1448 1771 sieut

178 1806 376 1888 dictumest,
401 1805 583 1890 angelicam
605 1808 824 1890 prostraverat
843 1810 918 1871 ante
937 1810 1096 1890 naturam,
1121 1807 1370 1895 humanitate³⁹)
1393 1832 1447 1873 ne-

179 1909 317 1973 ccssaria
338 1906 573 1972 medicinaliter
594 1908 770 1973 declinaret
789 1909 828 1972 ad
843 1908 1066 1994 integritatem
1082 1911 1305 1994 reparandam,
1329 1913 1447 1996 quippe

177 2013 250 2095 post
272 2010 396 2094 lapsum
420 2031 527 2074 carere
550 2010 661 2075 debuit
679 2010 735 2074 illo
750 2010 845 2094 malo,
869 2033 930 2095 quo
946 2012 1074 2096 integra
1088 2015 1233 2096 perstare
1248 2013 1445 2097 nequiverat.

179 2111 357 2198 Oportebat
378 2115 496 2196 autem,
520 2116 557 2176 ut
578 2112 649 2197 ipsa
671 2133 795 2197 quoque
811 2113 1012 2177 rationabilis
1027 2117 1168 2179 humana
1185 2118 1339 2197 ereatura,
1364 2117 1445 2199 quod

178 2215 306 2300 proprie
328 2206 493 2279 voluntate
515 2214 708 2299 perdiderat,
732 2214 829 2279 etiam
846 2216 1019 2280 secundum
1035 2216 1095 2280 Dei
1113 2218 1254 2302 gratiam
1268 2217 1446 2301 propria⁴⁰)

178 2319 333 2404 reciperet
355 2318 536 2401 voluntate,
572 2320 604 2380 et
625 2339 706 2402 quae
735 2317 804 2381 sine
832 2318 946 2382 merito
970 2319 1157 2401 curabatur,
1186 2319 1383 2384 tribueretur
1405 2322 1445 2402 ei,

178 2423 212 2484 ut
239 2421 337 2485 etiarn
364 2419 443 2484 haec
472 2423 657 2504 sequeretur
685 2442 722 2483 ex
752 2420 876 2484 merito.
931 2419 1103 2504 Propterea
1131 2421 1245 2484 maluit
1273 2422 1447 2507 singularis

177 2521 230 2587 ille
243 2521 389 2590 Salvator
410 2522 522 2607 perfici
543 2523 650 2606 potius
673 2522 707 2585 in
729 2521 918 2585 infirmitate
934 2524 1095 2606 virtutem,
1120 2546 1215 2608 quam
1231 2546 1361 2607 prorsus
1376 2524 1446 2588 sine

179 2625 364 2689 infirmitate
386 2624 436 2689 vel
451 2624 490 2688 de
506 2646 539 2688 se
556 2624 768 2689 confidentem
790 2623 840 2688 vel
856 2625 993 2688 auctoris
1015 2625 1237 2711 negligentem
1252 2626 1319 2689 fieri
1336 2626 1445 2689 huma·
1535 2643 1537 2647 ⁴

177 2750 251 2793 nam
273 2726 485 2792 substantiam
510 2726 579 2790 sine
602 2725 791 2790 infirmitate
814 2748 969 2794 securam.

263 2832 312 2895 ll.
349 2828 436 2894 Hinc
459 2832 508 2893 est
529 2829 645 2913 igitur,
675 2828 758 2913 quod
782 2829 894 2892 beatus
917 2828 1050 2911 Paulum,
1086 2829 1140 2912 qui
1169 2832 1201 2891 et
1222 2829 1349 2891 ruinam
1373 2851 1444 2892 con-

176 2933 307 2998 ditionis
329 2931 489 2997 humanae
511 2935 544 2995 et
559 2932 827 2995 restaurationem
843 2929 957 2993 ceteris
977 2930 1134 3013 copiosius
1150 2929 1324 3012 intimavit,
1348 2932 1445 2996 etiam

176 3035 214 3100 de
235 3036 340 3119 seipso
363 3033 497 3098 clamat:
528 3038 574 3096 Ne
595 3039 774 3112 mannitudo
802 3040 1017 3097 revelationum
1045 3039 1171 3097 extollat
1193 3054 1254 3110 me,
1286 3038 1376 3097 datus
1402 3045 1445 3096 est
1459 3016 1578 3150 Ιῖἓθ-ῐθ

176 3143 249 3202 milti
268 3143 405 3202 stimulus
426 3143 531 3200 carnis
552 3156 636 3200 meae
658 3142 783 3215 nanetus
805 3139 951 3206 Satanae,
976 3141 1029 3213 qai
1046 3156 1091 3198 me
1105 3140 1279 3214 colaphizet
1285 3158 1296 3206 ;
1313 3147 1468 3215 proptcr‘

175 3247 256 3320 qnod
276 3252 322 3304 ter
344 3245 501 3304 Dominam
523 3245 641 3316 rocavi,
671 3250 702 3300 ut
730 3242 897 3301 discederet
919 3258 938 3299 a
961 3257 1016 3318 me,
1043 3249 1071 3300 et
1094 3241 1174 3300 dixit
1194 3242 1283 3300 milii:
1305 3239 1447 3313 „sufficit

175 3349 229 3409 tibi
245 3349 353 3424 qratia
375 3363 458 3416 metm
493 3362 564 3405 nam
588 3347 683 3405 uirtus
705 3347 734 3403 in
759 3346 933 3416 infirmitate
950 3346 1147 3419 perficitur“.
1189 3344 1329 3402 Libenter
1350 3344 1445 3416 initur

174 3451 332 3526 gloriator
354 3452 383 3510 ia
408 3449 634 3522 infirmitatibus
656 3450 742 3523 ateis,
776 3455 807 3507 ut
830 3446 981 3506 inhabitet
1009 3448 1038 3505 in
1061 3462 1107 3505 mc
1130 3447 1224 3505 virtus
1247 3446 1373 3513 Clarium
1412 3442 1445 3503 et
1487 3500 1492 3509 ,

176 3549 290 3613 iterum
313 3547 397 3632 ipse:
429 3552 566 3612 Vanitati
586 3553 664 3611 enim
686 3558 831 3610 ereatura
853 3550 990 3624 sittjecta
1006 3556 1057 3607 est.
1092 3541 1206 3606 Adhuc
1229 3543 1339 3626 utique
1362 3532 1535 3654 vani-gifflm·

176 3658 246 3729 tati,
275 3651 433 3735 quantum
462 3647 565 3712 adhuc
592 3649 763 3712 mundanis
786 3647 931 3711 sensibus
955 3645 1154 3730 implicatur,
1184 3643 1445 3730 corruptibilique
1475 3610 1528 3665 '‘0'

177 3752 359 3818 conditione
374 3751 571 3837 deprimitur.
606 3750 667 3814 Illa
689 3751 799 3834 ntique
821 3761 975 3826 creatura,
1001 3749 1039 3812 de
1062 3771 1124 3832 qua
1146 3748 1231 3811 idern
1253 3747 1331 3811 dicit
1351 3746 1443 3811 alibi:

177 3859 292 3937 Siqua
314 3862 409 3936 initur
431 3874 509 3920 noua
531 3863 685 3930 creatura,
711 3864 812 3917 vetera
835 3858 1127 3916 transierunt:'ecce
1146 3853 1238 3926 faeta
1259 3861 1328 3913 sant
1343 3822 1538 3954 omnium·

177 3979 271 4033 novem
294 3960 327 4022 et
348 3955 387 4022 de
410 3979 473 4041 qua
494 3955 579 4020 idem
602 3954 678 4018 alibi
694 3955 787 4020 dicit:
810 3959 910 4034 Ipsius
931 3961 1008 4018 enim
1029 3974 1129 4018 sumus
1141 3959 1324 4031 ficmentum,
1348 3958 1447 4016 creati
1457 3959 1526 4026 Eph¹

177 4067 206 4126 in
223 4065 351 4140 Christo,
375 4067 406 4125 in
423 4064 561 4140 operibus
582 4063 677 4122 bonis.
711 4057 855 4140 Itemque
878 4055 946 4139 ipse
969 4055 1008 4118 de
1031 4055 1155 4118 eadem:
1178 4061 1216 4118 In
1234 4060 1351 4118 Christo
1366 4061 1442 4118 enim
1454 4039 1593 4161 ἔξω.

176 4167 248 4228 iesu
269 4183 366 4242 aeque
387 4168 577 4227 circumcisio
599 4165 720 4238 aliquid
741 4165 820 4223 ualet
842 4178 937 4236 neque
951 4163 1164 4236 praeputium,
1189 4163 1244 4219 seit
1265 4177 1344 4220 noua
1358 4174 1444 4218 crea·
1493 4168 1497 4176 ·

177 4390 321 4452 originalem
339 4386 440 4435 immani
453 4388 556 4450 generis
573 4386 734 4446 seruitutem,
755 4384 803 4432 nisi
820 4385 852 4433 dc
871 4399 900 4432 eo
919 4383 988 4449 quod
1003 4380 1139 4444 srrbepernt
1157 4383 1307 4430 uinceretur.
1344 4370 1443 4425 Simili-

178 4469 218 4524 ter
235 4469 311 4523 idem
327 4465 356 4521 in
375 4482 502 4520 sermone
521 4471 552 4519 64
571 4466 605 4520 de
623 4483 695 4535 pass.
715 4464 826 4518 Domini
845 4482 866 4518 c.
883 4470 905 4516 Ξ.

241 4556 274 4623 ³⁰)
292 4556 321 4608 α’
339 4552 376 4608 ad
394 4569 481 4622 marg.
501 4553 581 4618 „fort
601 4554 765 4605 trandiderint
797 4548 851 4602 Sed
868 4548 931 4618 ipsa
948 4546 1107 4602 humanitas
1124 4546 1194 4600 Filio
1210 4543 1260 4598 Dei
1279 4543 1340 4610 jam
1359 4540 1443 4595 modi

178 4640 270 4696 riualis
288 4637 431 4694 humilitas
449 4639 499 4692 est.
536 4637 716 4699 Marruuium,
736 4652 790 4705 quo
806 4647 866 4704 post
885 4643 981 4704 lapsum
998 4654 1088 4688 carere
1107 4637 1198 4687 ‹tebeat
1221 4631 1317 4694 homo,
1341 4627 1384 4681 est
1401 4645 1443 4680 su-

176 4725 282 4797 perbia.
325 4723 430 4779 Deinde
453 4722 565 4777 indubie
587 4734 708 4792 perstare
731 4719 898 4776 correximus
922 4719 979 4787 (ubi
1004 4719 1051 4774 alii
1071 4720 1233 4789 maerim-e),
1256 4732 1289 4769 ex
1314 4712 1444 4782 arralogiu

177 4813 324 4867 verborum
342 4816 495 4880 persistere,
512 4830 663 4879 permutare
682 4808 710 4862 in
729 4808 826 4862 cadom
845 4823 928 4861 causa
946 4807 1068 4861 antean.
1082 4812 1106 4870 8,
1119 4812 1134 4859 a
1148 4807 1176 4857 et
1191 4810 1220 4856 10
1239 4803 1442 4870 usurpatorum.

242 4901 274 4964 Η)
294 4897 325 4950 ln
342 4895 464 4966 vulgatis
482 4902 614 4965 propriam
632 4901 760 4963 reciperet
778 4899 938 4955 saluritatem,
958 4910 1076 4960 moxque
1094 4910 1195 4952 rursus,
1215 4887 1262 4941 ubi
1275 4887 1308 4941 G¹
1327 4906 1442 4956 prorsus.
