<?xml version="1.0" encoding="UTF-8"?>
<!DOCTYPE html PUBLIC "-//W3C//DTD XHTML 1.0 Transitional//EN"
    "http://www.w3.org/TR/xhtml1/DTD/xhtml1-transitional.dtd">
<html xmlns="http://www.w3.org/1999/xhtml" xml:lang="en" lang="en">
 <head>
  <title>
</title>
<meta http-equiv="Content-Type" content="text/html;charset=utf-8" />
  <meta name='ocr-system' content='tesseract 3.04.00' />
  <meta name='ocr-capabilities' content='ocr_page ocr_carea ocr_par ocr_line ocrx_word'/>
</head>
<body>
  <div class='ocr_page' id='page_1' title='image "./epistolaeromano00cousgoog/epistolaeromano00cousgoog_0534.png"; bbox 0 0 3450 5678; ppageno 0'>
   <div class='ocr_carea' id='block_1_1' title="bbox 570 105 1377 172">
    <p class='ocr_par' dir='ltr' id='par_1_1' title="bbox 570 105 1377 172">
     <span class='ocr_line' id='line_1_1' title="bbox 570 105 1377 172; baseline 0.006 -6"><span class='ocrx_word' id='word_1_1' title='bbox 570 117 785 166; x_wconf 77' lang='lat' dir='ltr'>cananeum</span> <span class='ocrx_word' id='word_1_2' title='bbox 808 111 912 169; x_wconf 80' lang='lat'><strong>5—8.</strong></span> <span class='ocrx_word' id='word_1_3' title='bbox 1316 105 1377 172; x_wconf 80' lang='grc'>487</span> 
     </span>
    </p>
   </div>
   <div class='ocr_carea' id='block_1_2' title="bbox 573 271 915 376">
    <p class='ocr_par' dir='ltr' id='par_1_2' title="bbox 573 271 915 376">
     <span class='ocr_line' id='line_1_2' title="bbox 573 271 915 376; baseline 0.003 -22"><span class='ocrx_word' id='word_1_4' title='bbox 573 271 854 376; x_wconf 78' lang='lat' dir='ltr'>Fragmentum</span> <span class='ocrx_word' id='word_1_5' title='bbox 881 275 915 356; x_wconf 86' lang='lat'>8.</span> 
     </span>
    </p>
   </div>
   <div class='ocr_carea' id='block_1_3' title="bbox 10 412 1360 488">
    <p class='ocr_par' dir='ltr' id='par_1_3' title="bbox 10 412 1360 488">
     <span class='ocr_line' id='line_1_3' title="bbox 10 412 1360 488; baseline 0.001 -22"><span class='ocrx_word' id='word_1_6' title='bbox 10 439 34 488; x_wconf 63' lang='lat' dir='ltr'>p.</span> <span class='ocrx_word' id='word_1_7' title='bbox 54 419 102 467; x_wconf 84' lang='grc'>62.</span> <span class='ocrx_word' id='word_1_8' title='bbox 127 414 254 476; x_wconf 76' lang='lat' dir='ltr'><em>Quomodo</em></span> <span class='ocrx_word' id='word_1_9' title='bbox 271 414 448 463; x_wconf 76' lang='lat' dir='ltr'>cumulandum</span> <span class='ocrx_word' id='word_1_10' title='bbox 465 413 597 468; x_wconf 83' lang='lat' dir='ltr'>ccclesiae,</span> <span class='ocrx_word' id='word_1_11' title='bbox 614 412 690 474; x_wconf 80' lang='lat' dir='ltr'>cujus</span> <span class='ocrx_word' id='word_1_12' title='bbox 707 415 812 474; x_wconf 83' lang='lat' dir='ltr'>praesul</span> <span class='ocrx_word' id='word_1_13' title='bbox 824 413 956 478; x_wconf 78' lang='lat' dir='ltr'><em>frequenti</em></span> <span class='ocrx_word' id='word_1_14' title='bbox 972 415 1116 465; x_wconf 69' lang='lat' dir='ltr'><em>incursione</em></span> <span class='ocrx_word' id='word_1_15' title='bbox 1134 417 1209 465; x_wconf 70' lang='lat' dir='ltr'>elisus</span> <span class='ocrx_word' id='word_1_16' title='bbox 1222 417 1360 469; x_wconf 79' lang='lat' dir='ltr'><em>dicebatur.</em></span> 
     </span>
    </p>
   </div>
   <div class='ocr_carea' id='block_1_4' title="bbox 262 526 1171 614">
    <p class='ocr_par' dir='ltr' id='par_1_4' title="bbox 262 526 1171 614">
     <span class='ocr_line' id='line_1_4' title="bbox 262 526 1171 614; baseline 0.001 -22"><span class='ocrx_word' id='word_1_17' title='bbox 262 528 447 593; x_wconf 88' lang='lat' dir='ltr'>Gelasius</span> <span class='ocrx_word' id='word_1_18' title='bbox 470 527 635 591; x_wconf 81' lang='lat' dir='ltr'>Rustico</span> <span class='ocrx_word' id='word_1_19' title='bbox 658 530 696 591; x_wconf 89' lang='lat' dir='ltr'>et</span> <span class='ocrx_word' id='word_1_20' title='bbox 717 526 938 592; x_wconf 86' lang='lat' dir='ltr'>Fortunato</span> <span class='ocrx_word' id='word_1_21' title='bbox 961 529 1171 614; x_wconf 85' lang='lat' dir='ltr'>episcopis.</span> 
     </span>
    </p>
   </div>
   <div class='ocr_carea' id='block_1_5' title="bbox 72 645 1379 2572">
    <p class='ocr_par' dir='ltr' id='par_1_5' title="bbox 83 645 1379 2162">
     <span class='ocr_line' id='line_1_5' title="bbox 192 645 1379 733; baseline 0.003 -20"><span class='ocrx_word' id='word_1_22' title='bbox 192 648 304 732; x_wconf 83' lang='lat' dir='ltr'>Nuper</span> <span class='ocrx_word' id='word_1_23' title='bbox 326 646 630 733; x_wconf 83' lang='lat' dir='ltr'>Foropopiliensis¹)</span> <span class='ocrx_word' id='word_1_24' title='bbox 659 645 812 710; x_wconf 89' lang='lat' dir='ltr'>ecclesiae</span> <span class='ocrx_word' id='word_1_25' title='bbox 841 648 949 711; x_wconf 91' lang='lat' dir='ltr'>clerici</span> <span class='ocrx_word' id='word_1_26' title='bbox 978 670 1042 714; x_wconf 86' lang='lat' dir='ltr'>uua</span> <span class='ocrx_word' id='word_1_27' title='bbox 1071 670 1143 712; x_wconf 91' lang='lat' dir='ltr'>cum</span> <span class='ocrx_word' id='word_1_28' title='bbox 1166 648 1318 732; x_wconf 53' lang='lat' dir='ltr'>Sabino&amp;</span> <span class='ocrx_word' id='word_1_29' title='bbox 1346 657 1379 716; x_wconf 90' lang='lat' dir='ltr'>et</span> 
     </span>
     <span class='ocr_line' id='line_1_6' title="bbox 111 749 1379 838; baseline 0.002 -23"><span class='ocrx_word' id='word_1_30' title='bbox 111 750 240 835; x_wconf 81' lang='lat' dir='ltr'>Pelagio</span> <span class='ocrx_word' id='word_1_31' title='bbox 261 750 352 814; x_wconf 89' lang='lat' dir='ltr'>laicis</span> <span class='ocrx_word' id='word_1_32' title='bbox 374 750 504 833; x_wconf 89' lang='lat' dir='ltr'>propria</span> <span class='ocrx_word' id='word_1_33' title='bbox 526 749 734 833; x_wconf 79' lang='lat' dir='ltr'>suggestione</span> <span class='ocrx_word' id='word_1_34' title='bbox 755 754 947 832; x_wconf 82' lang='lat' dir='ltr'>reseranmt,</span> <span class='ocrx_word' id='word_1_35' title='bbox 971 750 1150 833; x_wconf 79' lang='lat' dir='ltr'>praesulem</span> <span class='ocrx_word' id='word_1_36' title='bbox 1173 774 1265 815; x_wconf 90' lang='lat' dir='ltr'>suum</span> <span class='ocrx_word' id='word_1_37' title='bbox 1287 754 1379 838; x_wconf 84' lang='lat' dir='ltr'>gravi</span> 
     </span>
     <span class='ocr_line' id='line_1_7' title="bbox 111 850 1379 938; baseline 0.002 -22"><span class='ocrx_word' id='word_1_38' title='bbox 111 852 242 937; x_wconf 87' lang='lat' dir='ltr'>quadam</span> <span class='ocrx_word' id='word_1_39' title='bbox 267 850 459 916; x_wconf 86' lang='lat' dir='ltr'>necessitate</span> <span class='ocrx_word' id='word_1_40' title='bbox 481 851 601 934; x_wconf 72' lang='lat' dir='ltr'>venam,</span> <span class='ocrx_word' id='word_1_41' title='bbox 626 851 715 934; x_wconf 89' lang='lat' dir='ltr'>cnjus</span> <span class='ocrx_word' id='word_1_42' title='bbox 731 873 802 914; x_wconf 90' lang='lat' dir='ltr'>eum</span> <span class='ocrx_word' id='word_1_43' title='bbox 821 852 967 916; x_wconf 92' lang='lat' dir='ltr'>dicerent</span> <span class='ocrx_word' id='word_1_44' title='bbox 987 852 1170 917; x_wconf 85' lang='lat' dir='ltr'>incursione</span> <span class='ocrx_word' id='word_1_45' title='bbox 1192 853 1379 938; x_wconf 87' lang='lat' dir='ltr'>frequenter</span> 
     </span>
     <span class='ocr_line' id='line_1_8' title="bbox 112 952 1377 1039; baseline 0.002 -20"><span class='ocrx_word' id='word_1_46' title='bbox 112 955 232 1020; x_wconf 87' lang='lat' dir='ltr'>elisum.</span> <span class='ocrx_word' id='word_1_47' title='bbox 277 952 368 1029; x_wconf 81' lang='lat' dir='ltr'>Quod</span> <span class='ocrx_word' id='word_1_48' title='bbox 390 974 433 1017; x_wconf 90' lang='lat' dir='ltr'>ne</span> <span class='ocrx_word' id='word_1_49' title='bbox 454 952 642 1018; x_wconf 86' lang='lat' dir='ltr'>scandalum</span> <span class='ocrx_word' id='word_1_50' title='bbox 664 953 810 1017; x_wconf 90' lang='lat' dir='ltr'>fidelibus</span> <span class='ocrx_word' id='word_1_51' title='bbox 833 953 995 1018; x_wconf 87' lang='lat' dir='ltr'>videretur</span> <span class='ocrx_word' id='word_1_52' title='bbox 1016 955 1180 1039; x_wconf 86' lang='lat' dir='ltr'>ingerere,</span> <span class='ocrx_word' id='word_1_53' title='bbox 1214 958 1247 1019; x_wconf 92' lang='lat' dir='ltr'>et</span> <span class='ocrx_word' id='word_1_54' title='bbox 1268 955 1377 1021; x_wconf 82' lang='lat' dir='ltr'>Eccle-</span> 
     </span>
     <span class='ocr_line' id='line_1_9' title="bbox 109 1054 1378 1142; baseline 0.001 -21"><span class='ocrx_word' id='word_1_55' title='bbox 109 1058 187 1121; x_wconf 90' lang='lat' dir='ltr'>siam</span> <span class='ocrx_word' id='word_1_56' title='bbox 209 1054 272 1119; x_wconf 90' lang='lat' dir='ltr'>Dei</span> <span class='ocrx_word' id='word_1_57' title='bbox 293 1055 410 1138; x_wconf 91' lang='lat' dir='ltr'>ubique</span> <span class='ocrx_word' id='word_1_58' title='bbox 432 1055 572 1138; x_wconf 76' lang='lat' dir='ltr'>positam</span> <span class='ocrx_word' id='word_1_59' title='bbox 594 1054 655 1118; x_wconf 91' lang='lat' dir='ltr'>hac</span> <span class='ocrx_word' id='word_1_60' title='bbox 677 1055 852 1120; x_wconf 88' lang='lat' dir='ltr'>offensione</span> <span class='ocrx_word' id='word_1_61' title='bbox 875 1056 1065 1142; x_wconf 68' lang='lat' dir='ltr'>turbarem),</span> <span class='ocrx_word' id='word_1_62' title='bbox 1089 1057 1259 1141; x_wconf 82' lang='lat' dir='ltr'>praecipue</span> <span class='ocrx_word' id='word_1_63' title='bbox 1281 1081 1378 1142; x_wconf 88' lang='lat' dir='ltr'>quum</span> 
     </span>
     <span class='ocr_line' id='line_1_10' title="bbox 109 1157 1376 1242; baseline 0 -19"><span class='ocrx_word' id='word_1_64' title='bbox 109 1158 217 1223; x_wconf 87' lang='lat' dir='ltr'>eodem</span> <span class='ocrx_word' id='word_1_65' title='bbox 240 1157 310 1242; x_wconf 88' lang='lat' dir='ltr'>ipso</span> <span class='ocrx_word' id='word_1_66' title='bbox 332 1158 460 1222; x_wconf 88' lang='lat' dir='ltr'>volente</span> <span class='ocrx_word' id='word_1_67' title='bbox 482 1157 543 1221; x_wconf 91' lang='lat' dir='ltr'>huc</span> <span class='ocrx_word' id='word_1_68' title='bbox 566 1179 599 1220; x_wconf 91' lang='lat' dir='ltr'>se</span> <span class='ocrx_word' id='word_1_69' title='bbox 621 1158 798 1240; x_wconf 88' lang='lat' dir='ltr'>perrexisse</span> <span class='ocrx_word' id='word_1_70' title='bbox 821 1158 1001 1222; x_wconf 87' lang='lat' dir='ltr'>firmarent:</span> <span class='ocrx_word' id='word_1_71' title='bbox 1031 1158 1071 1222; x_wconf 89' lang='lat' dir='ltr'>ad</span> <span class='ocrx_word' id='word_1_72' title='bbox 1099 1159 1302 1223; x_wconf 89' lang='lat' dir='ltr'>dilectionem</span> <span class='ocrx_word' id='word_1_73' title='bbox 1324 1181 1376 1224; x_wconf 86' lang='lat' dir='ltr'>ve-</span> 
     </span>
     <span class='ocr_line' id='line_1_11' title="bbox 104 1258 1376 1343; baseline 0.002 -19"><span class='ocrx_word' id='word_1_74' title='bbox 104 1265 207 1326; x_wconf 88' lang='lat' dir='ltr'>stram</span> <span class='ocrx_word' id='word_1_75' title='bbox 229 1259 352 1343; x_wconf 89' lang='lat' dir='ltr'>scripta</span> <span class='ocrx_word' id='word_1_76' title='bbox 373 1259 557 1342; x_wconf 78' lang='lat' dir='ltr'>direximus,</span> <span class='ocrx_word' id='word_1_77' title='bbox 582 1263 617 1322; x_wconf 92' lang='lat' dir='ltr'>ut</span> <span class='ocrx_word' id='word_1_78' title='bbox 639 1258 802 1341; x_wconf 88' lang='lat' dir='ltr'>ecclesiae,</span> <span class='ocrx_word' id='word_1_79' title='bbox 835 1260 925 1343; x_wconf 86' lang='lat' dir='ltr'>cujus</span> <span class='ocrx_word' id='word_1_80' title='bbox 947 1266 1053 1324; x_wconf 89' lang='lat' dir='ltr'>rector</span> <span class='ocrx_word' id='word_1_81' title='bbox 1074 1261 1131 1324; x_wconf 88' lang='lat' dir='ltr'>tali</span> <span class='ocrx_word' id='word_1_82' title='bbox 1155 1283 1231 1324; x_wconf 88' lang='lat' dir='ltr'>casu</span> <span class='ocrx_word' id='word_1_83' title='bbox 1253 1264 1376 1326; x_wconf 90' lang='lat' dir='ltr'>tenere-</span> 
     </span>
     <span class='ocr_line' id='line_1_12' title="bbox 104 1360 1377 1447; baseline 0.002 -21"><span class='ocrx_word' id='word_1_84' title='bbox 104 1366 158 1426; x_wconf 89' lang='lat' dir='ltr'>tur</span> <span class='ocrx_word' id='word_1_85' title='bbox 180 1361 365 1444; x_wconf 82' lang='lat' dir='ltr'>adstrictus,</span> <span class='ocrx_word' id='word_1_86' title='bbox 390 1360 608 1425; x_wconf 87' lang='lat' dir='ltr'>visitationem</span> <span class='ocrx_word' id='word_1_87' title='bbox 631 1381 806 1444; x_wconf 77' lang='lat' dir='ltr'>congruam</span> <span class='ocrx_word' id='word_1_88' title='bbox 828 1361 1012 1426; x_wconf 88' lang='lat' dir='ltr'>redderetis.</span> <span class='ocrx_word' id='word_1_89' title='bbox 1049 1362 1169 1426; x_wconf 91' lang='lat' dir='ltr'>Verum</span> <span class='ocrx_word' id='word_1_90' title='bbox 1191 1364 1266 1447; x_wconf 87' lang='lat' dir='ltr'>quie</span> <span class='ocrx_word' id='word_1_91' title='bbox 1288 1386 1377 1428; x_wconf 90' lang='lat' dir='ltr'>nunc</span> 
     </span>
     <span class='ocr_line' id='line_1_13' title="bbox 97 1462 1376 1549; baseline 0.002 -23"><span class='ocrx_word' id='word_1_92' title='bbox 97 1464 189 1529; x_wconf 87' lang='lat' dir='ltr'>idem</span> <span class='ocrx_word' id='word_1_93' title='bbox 212 1463 282 1549; x_wconf 90' lang='lat' dir='ltr'>ipse</span> <span class='ocrx_word' id='word_1_94' title='bbox 305 1463 394 1527; x_wconf 89' lang='lat' dir='ltr'>veuit</span> <span class='ocrx_word' id='word_1_95' title='bbox 416 1463 479 1527; x_wconf 89' lang='lat' dir='ltr'>huc</span> <span class='ocrx_word' id='word_1_96' title='bbox 500 1462 647 1547; x_wconf 86' lang='lat' dir='ltr'>pontifex</span> <span class='ocrx_word' id='word_1_97' title='bbox 669 1462 816 1546; x_wconf 88' lang='lat' dir='ltr'>falsaque</span> <span class='ocrx_word' id='word_1_98' title='bbox 844 1464 951 1549; x_wconf 87' lang='lat' dir='ltr'>omnia</span> <span class='ocrx_word' id='word_1_99' title='bbox 974 1464 1012 1528; x_wconf 88' lang='lat' dir='ltr'>de</span> <span class='ocrx_word' id='word_1_100' title='bbox 1035 1487 1068 1528; x_wconf 90' lang='lat' dir='ltr'>se</span> <span class='ocrx_word' id='word_1_101' title='bbox 1087 1465 1212 1547; x_wconf 89' lang='lat' dir='ltr'>jactata</span> <span class='ocrx_word' id='word_1_102' title='bbox 1235 1464 1376 1530; x_wconf 88' lang='lat' dir='ltr'>dissemi-</span> 
     </span>
     <span class='ocr_line' id='line_1_14' title="bbox 96 1564 1376 1649; baseline 0.002 -19"><span class='ocrx_word' id='word_1_103' title='bbox 96 1570 174 1649; x_wconf 86' lang='lat' dir='ltr'>nat,</span> <span class='ocrx_word' id='word_1_104' title='bbox 198 1567 259 1630; x_wconf 89' lang='lat' dir='ltr'>sub</span> <span class='ocrx_word' id='word_1_105' title='bbox 282 1565 383 1630; x_wconf 77' lang='lat' dir='ltr'>diuini</span> <span class='ocrx_word' id='word_1_106' title='bbox 406 1564 677 1648; x_wconf 88' lang='lat' dir='ltr'>contemplatione</span> <span class='ocrx_word' id='word_1_107' title='bbox 695 1564 809 1647; x_wconf 87' lang='lat' dir='ltr'>judicii</span> <span class='ocrx_word' id='word_1_108' title='bbox 833 1568 1019 1649; x_wconf 88' lang='lat' dir='ltr'>vestraeque</span> <span class='ocrx_word' id='word_1_109' title='bbox 1038 1567 1253 1631; x_wconf 87' lang='lat' dir='ltr'>conscientiae</span> <span class='ocrx_word' id='word_1_110' title='bbox 1270 1568 1376 1633; x_wconf 85' lang='lat' dir='ltr'>existi-</span> 
     </span>
     <span class='ocr_line' id='line_1_15' title="bbox 92 1666 1376 1754; baseline 0.002 -21"><span class='ocrx_word' id='word_1_111' title='bbox 92 1667 320 1752; x_wconf 84' lang='lat' dir='ltr'>mationisque</span> <span class='ocrx_word' id='word_1_112' title='bbox 342 1670 490 1752; x_wconf 76' lang='lat' dir='ltr'>respectu</span> <span class='ocrx_word' id='word_1_113' title='bbox 512 1689 617 1731; x_wconf 89' lang='lat' dir='ltr'>rerum</span> <span class='ocrx_word' id='word_1_114' title='bbox 640 1667 702 1730; x_wconf 91' lang='lat' dir='ltr'>fide</span> <span class='ocrx_word' id='word_1_115' title='bbox 717 1666 935 1732; x_wconf 85' lang='lat' dir='ltr'>sollertissime</span> <span class='ocrx_word' id='word_1_116' title='bbox 950 1669 1137 1753; x_wconf 88' lang='lat' dir='ltr'>perquisita,</span> <span class='ocrx_word' id='word_1_117' title='bbox 1161 1669 1188 1733; x_wconf 91' lang='lat' dir='ltr'>si</span> <span class='ocrx_word' id='word_1_118' title='bbox 1204 1668 1376 1754; x_wconf 88' lang='lat' dir='ltr'>aliquando</span> 
     </span>
     <span class='ocr_line' id='line_1_16' title="bbox 91 1768 1376 1855; baseline 0.002 -21"><span class='ocrx_word' id='word_1_119' title='bbox 91 1770 229 1836; x_wconf 85' lang='lat' dir='ltr'>scilicet</span> <span class='ocrx_word' id='word_1_120' title='bbox 257 1769 307 1836; x_wconf 90' lang='lat' dir='ltr'>vel</span> <span class='ocrx_word' id='word_1_121' title='bbox 329 1769 363 1833; x_wconf 92' lang='lat' dir='ltr'>in</span> <span class='ocrx_word' id='word_1_122' title='bbox 386 1769 479 1833; x_wconf 90' lang='lat' dir='ltr'>domo</span> <span class='ocrx_word' id='word_1_123' title='bbox 503 1769 550 1832; x_wconf 88' lang='lat' dir='ltr'>vel</span> <span class='ocrx_word' id='word_1_124' title='bbox 574 1769 608 1831; x_wconf 92' lang='lat' dir='ltr'>iu</span> <span class='ocrx_word' id='word_1_125' title='bbox 630 1768 832 1853; x_wconf 86' lang='lat' dir='ltr'>processione</span> <span class='ocrx_word' id='word_1_126' title='bbox 863 1768 912 1833; x_wconf 90' lang='lat' dir='ltr'>vel</span> <span class='ocrx_word' id='word_1_127' title='bbox 942 1770 975 1833; x_wconf 91' lang='lat' dir='ltr'>iu</span> <span class='ocrx_word' id='word_1_128' title='bbox 1006 1770 1067 1834; x_wconf 89' lang='lat' dir='ltr'>ulio</span> <span class='ocrx_word' id='word_1_129' title='bbox 1089 1794 1278 1855; x_wconf 87' lang='lat' dir='ltr'>quocunque</span> <span class='ocrx_word' id='word_1_130' title='bbox 1307 1771 1376 1837; x_wconf 91' lang='lat' dir='ltr'>loeo</span> 
     </span>
     <span class='ocr_line' id='line_1_17' title="bbox 86 1870 1375 1958; baseline -0.001 -19"><span class='ocrx_word' id='word_1_131' title='bbox 86 1873 259 1956; x_wconf 82' lang='lat' dir='ltr'>probatur</span> <span class='ocrx_word' id='word_1_132' title='bbox 285 1874 417 1956; x_wconf 89' lang='lat' dir='ltr'>repente</span> <span class='ocrx_word' id='word_1_133' title='bbox 446 1870 638 1955; x_wconf 78' lang='lat' dir='ltr'>collapsus⁴)</span> <span class='ocrx_word' id='word_1_134' title='bbox 667 1893 821 1955; x_wconf 87' lang='lat' dir='ltr'>vocesque</span> <span class='ocrx_word' id='word_1_135' title='bbox 850 1872 973 1936; x_wconf 87' lang='lat' dir='ltr'>dedisse</span> <span class='ocrx_word' id='word_1_136' title='bbox 1005 1875 1155 1937; x_wconf 84' lang='lat' dir='ltr'>corrsusas</span> <span class='ocrx_word' id='word_1_137' title='bbox 1187 1876 1220 1936; x_wconf 89' lang='lat' dir='ltr'>et</span> <span class='ocrx_word' id='word_1_138' title='bbox 1246 1897 1375 1958; x_wconf 85' lang='lat' dir='ltr'>spumas</span> 
     </span>
     <span class='ocr_line' id='line_1_18' title="bbox 85 1973 1375 2059; baseline 0.001 -19"><span class='ocrx_word' id='word_1_139' title='bbox 85 1997 158 2040; x_wconf 86' lang='lat' dir='ltr'>ore</span> <span class='ocrx_word' id='word_1_140' title='bbox 169 1976 322 2058; x_wconf 86' lang='lat' dir='ltr'>jactasse,</span> <span class='ocrx_word' id='word_1_141' title='bbox 340 1976 463 2058; x_wconf 86' lang='lat' dir='ltr'>quanta</span> <span class='ocrx_word' id='word_1_142' title='bbox 478 1973 545 2037; x_wconf 88' lang='lat' dir='ltr'>fieri</span> <span class='ocrx_word' id='word_1_143' title='bbox 561 1975 678 2058; x_wconf 89' lang='lat' dir='ltr'>potest,</span> <span class='ocrx_word' id='word_1_144' title='bbox 696 1974 933 2039; x_wconf 86' lang='lat' dir='ltr'>exauriuatione</span> <span class='ocrx_word' id='word_1_145' title='bbox 949 1979 1129 2059; x_wconf 87' lang='lat' dir='ltr'>quaeratur.</span> <span class='ocrx_word' id='word_1_146' title='bbox 1160 1975 1250 2051; x_wconf 80' lang='lat' dir='ltr'>Qurod</span> <span class='ocrx_word' id='word_1_147' title='bbox 1265 1979 1375 2041; x_wconf 89' lang='lat' dir='ltr'>tamen</span> 
     </span>
     <span class='ocr_line' id='line_1_19' title="bbox 83 2075 1375 2162; baseline 0.004 -23"><span class='ocrx_word' id='word_1_148' title='bbox 83 2077 170 2142; x_wconf 77' lang='lat' dir='ltr'>sive</span> <span class='ocrx_word' id='word_1_149' title='bbox 198 2077 335 2161; x_wconf 75' lang='lat' dir='ltr'>possit⁵)</span> <span class='ocrx_word' id='word_1_150' title='bbox 364 2076 541 2160; x_wconf 87' lang='lat' dir='ltr'>aliquorum</span> <span class='ocrx_word' id='word_1_151' title='bbox 568 2075 794 2140; x_wconf 87' lang='lat' dir='ltr'>testificatione</span> <span class='ocrx_word' id='word_1_152' title='bbox 817 2077 954 2159; x_wconf 87' lang='lat' dir='ltr'>firmari,</span> <span class='ocrx_word' id='word_1_153' title='bbox 986 2078 1052 2141; x_wconf 89' lang='lat' dir='ltr'>sive</span> <span class='ocrx_word' id='word_1_154' title='bbox 1080 2100 1246 2162; x_wconf 88' lang='lat' dir='ltr'>nunquam</span> <span class='ocrx_word' id='word_1_155' title='bbox 1275 2079 1375 2144; x_wconf 90' lang='lat' dir='ltr'>conti-</span> 
     </span>
    </p>

    <p class='ocr_par' dir='ltr' id='par_1_6' title="bbox 72 2177 1375 2572">
     <span class='ocr_line' id='line_1_20' title="bbox 80 2177 1375 2264; baseline 0.001 -20"><span class='ocrx_word' id='word_1_156' title='bbox 80 2179 190 2264; x_wconf 76' lang='lat' dir='ltr'>gissa</span> <span class='ocrx_word' id='word_1_157' title='bbox 212 2177 354 2260; x_wconf 87' lang='lat' dir='ltr'>dicatur,</span> <span class='ocrx_word' id='word_1_158' title='bbox 382 2199 450 2242; x_wconf 90' lang='lat' dir='ltr'>non</span> <span class='ocrx_word' id='word_1_159' title='bbox 472 2178 651 2262; x_wconf 88' lang='lat' dir='ltr'>putandum</span> <span class='ocrx_word' id='word_1_160' title='bbox 673 2182 722 2242; x_wconf 87' lang='lat' dir='ltr'>est</span> <span class='ocrx_word' id='word_1_161' title='bbox 743 2201 835 2263; x_wconf 87' lang='lat' dir='ltr'>posse</span> <span class='ocrx_word' id='word_1_162' title='bbox 858 2179 1022 2263; x_wconf 87' lang='lat' dir='ltr'>sufficere,</span> <span class='ocrx_word' id='word_1_163' title='bbox 1052 2179 1107 2243; x_wconf 87' lang='lat' dir='ltr'>sed</span> <span class='ocrx_word' id='word_1_164' title='bbox 1131 2183 1251 2244; x_wconf 84' lang='lat' dir='ltr'>certum</span> <span class='ocrx_word' id='word_1_165' title='bbox 1274 2183 1375 2246; x_wconf 86' lang='lat' dir='ltr'>mani·</span> 
     </span>
     <span class='ocr_line' id='line_1_21' title="bbox 78 2280 1375 2368; baseline 0.002 -23"><span class='ocrx_word' id='word_1_166' title='bbox 78 2283 285 2366; x_wconf 82' lang='lat' dir='ltr'>festumque</span> <span class='ocrx_word' id='word_1_167' title='bbox 316 2280 557 2362; x_wconf 81' lang='lat' dir='ltr'>documentum,</span> <span class='ocrx_word' id='word_1_168' title='bbox 595 2280 669 2364; x_wconf 86' lang='lat' dir='ltr'>quia</span> <span class='ocrx_word' id='word_1_169' title='bbox 702 2281 740 2344; x_wconf 88' lang='lat' dir='ltr'>de</span> <span class='ocrx_word' id='word_1_170' title='bbox 771 2283 865 2345; x_wconf 88' lang='lat' dir='ltr'>tanta</span> <span class='ocrx_word' id='word_1_171' title='bbox 898 2304 931 2345; x_wconf 88' lang='lat' dir='ltr'>re</span> <span class='ocrx_word' id='word_1_172' title='bbox 959 2304 1025 2345; x_wconf 88' lang='lat' dir='ltr'>non</span> <span class='ocrx_word' id='word_1_173' title='bbox 1052 2282 1182 2366; x_wconf 89' lang='lat' dir='ltr'>segnius</span> <span class='ocrx_word' id='word_1_174' title='bbox 1207 2284 1375 2368; x_wconf 87' lang='lat' dir='ltr'>&#39;agendum</span> 
     </span>
     <span class='ocr_line' id='line_1_22' title="bbox 74 2381 1375 2470; baseline 0.002 -22"><span class='ocrx_word' id='word_1_175' title='bbox 74 2387 161 2449; x_wconf 79' lang='lat' dir='ltr'>est.</span> <span class='ocrx_word' id='word_1_176' title='bbox 206 2381 321 2448; x_wconf 85' lang='lat' dir='ltr'>Faciat</span> <span class='ocrx_word' id='word_1_177' title='bbox 345 2404 412 2446; x_wconf 89' lang='lat' dir='ltr'>rem</span> <span class='ocrx_word' id='word_1_178' title='bbox 435 2385 491 2445; x_wconf 90' lang='lat' dir='ltr'>tua</span> <span class='ocrx_word' id='word_1_179' title='bbox 514 2381 657 2464; x_wconf 90' lang='lat' dir='ltr'>dilectio,</span> <span class='ocrx_word' id='word_1_180' title='bbox 691 2385 792 2447; x_wconf 90' lang='lat' dir='ltr'>frater</span> <span class='ocrx_word' id='word_1_181' title='bbox 815 2383 964 2466; x_wconf 82' lang='lat' dir='ltr'>Rustico,</span> <span class='ocrx_word' id='word_1_182' title='bbox 1003 2383 1050 2446; x_wconf 91' lang='lat' dir='ltr'>sui</span> <span class='ocrx_word' id='word_1_183' title='bbox 1080 2384 1176 2447; x_wconf 89' lang='lat' dir='ltr'>moris</span> <span class='ocrx_word' id='word_1_184' title='bbox 1204 2388 1237 2448; x_wconf 90' lang='lat' dir='ltr'>et</span> <span class='ocrx_word' id='word_1_185' title='bbox 1265 2389 1375 2470; x_wconf 88' lang='lat' dir='ltr'>aptam</span> 
     </span>
     <span class='ocr_line' id='line_1_23' title="bbox 72 2485 1372 2572; baseline 0 -21"><span class='ocrx_word' id='word_1_186' title='bbox 72 2504 222 2572; x_wconf 75' lang='lat' dir='ltr'>nnagno</span> <span class='ocrx_word' id='word_1_187' title='bbox 250 2485 411 2571; x_wconf 87' lang='lat' dir='ltr'>pontifici,</span> <span class='ocrx_word' id='word_1_188' title='bbox 440 2487 477 2547; x_wconf 87' lang='lat' dir='ltr'>ut</span> <span class='ocrx_word' id='word_1_189' title='bbox 506 2507 577 2549; x_wconf 89' lang='lat' dir='ltr'>eum</span> <span class='ocrx_word' id='word_1_190' title='bbox 605 2485 742 2569; x_wconf 86' lang='lat' dir='ltr'>triginta</span> <span class='ocrx_word' id='word_1_191' title='bbox 752 2486 778 2568; x_wconf 78' lang='grc'>6)</span> <span class='ocrx_word' id='word_1_192' title='bbox 807 2486 916 2549; x_wconf 86' lang='lat' dir='ltr'>diebus</span> <span class='ocrx_word' id='word_1_193' title='bbox 952 2489 1058 2550; x_wconf 89' lang='lat' dir='ltr'>tecum</span> <span class='ocrx_word' id='word_1_194' title='bbox 1087 2509 1156 2550; x_wconf 85' lang='lat' dir='ltr'>esse</span> <span class='ocrx_word' id='word_1_195' title='bbox 1184 2488 1372 2570; x_wconf 82' lang='lat' dir='ltr'>const‘tuas,</span> 
     </span>
    </p>
   </div>
   <div class='ocr_carea' id='block_1_6' title="bbox 45 2722 1374 4741">
    <p class='ocr_par' dir='ltr' id='par_1_7' title="bbox 57 2722 1374 3216">
     <span class='ocr_line' id='line_1_24' title="bbox 120 2722 1374 2793; baseline -0.002 -14"><span class='ocrx_word' id='word_1_196' title='bbox 120 2731 136 2779; x_wconf 84' lang='grc'><strong>8</strong></span> <span class='ocrx_word' id='word_1_197' title='bbox 172 2727 191 2793; x_wconf 85' lang='lat'>¹)</span> <span class='ocrx_word' id='word_1_198' title='bbox 210 2724 230 2778; x_wconf 90' lang='lat' dir='ltr'>Z</span> <span class='ocrx_word' id='word_1_199' title='bbox 249 2728 473 2792; x_wconf 81' lang='lat' dir='ltr'>ForopopuIeusie.</span> <span class='ocrx_word' id='word_1_200' title='bbox 509 2728 601 2777; x_wconf 87' lang='lat' dir='ltr'>Forum</span> <span class='ocrx_word' id='word_1_201' title='bbox 625 2729 721 2791; x_wconf 82' lang='lat' dir='ltr'>Popilii</span> <span class='ocrx_word' id='word_1_202' title='bbox 743 2722 809 2776; x_wconf 89' lang='lat' dir='ltr'>olim</span> <span class='ocrx_word' id='word_1_203' title='bbox 833 2722 895 2776; x_wconf 89' lang='lat' dir='ltr'>crat</span> <span class='ocrx_word' id='word_1_204' title='bbox 917 2722 1084 2792; x_wconf 84' lang='lat' dir='ltr'>episcopalis</span> <span class='ocrx_word' id='word_1_205' title='bbox 1108 2722 1136 2775; x_wconf 86' lang='lat' dir='ltr'>in</span> <span class='ocrx_word' id='word_1_206' title='bbox 1153 2723 1273 2777; x_wconf 82' lang='lat' dir='ltr'>Aemilia</span> <span class='ocrx_word' id='word_1_207' title='bbox 1295 2725 1374 2777; x_wconf 88' lang='lat' dir='ltr'>sedes</span> 
     </span>
     <span class='ocr_line' id='line_1_25' title="bbox 64 2806 1374 2878; baseline -0.002 -13"><span class='ocrx_word' id='word_1_208' title='bbox 64 2808 177 2865; x_wconf 75' lang='lat' dir='ltr'>Orod</span> <span class='ocrx_word' id='word_1_209' title='bbox 197 2811 392 2878; x_wconf 69' lang='lat' dir='ltr'>Forlimpopolr)</span> <span class='ocrx_word' id='word_1_210' title='bbox 414 2807 465 2860; x_wconf 90' lang='lat' dir='ltr'>sub</span> <span class='ocrx_word' id='word_1_211' title='bbox 488 2807 696 2876; x_wconf 89' lang='lat' dir='ltr'>archiepiscopo</span> <span class='ocrx_word' id='word_1_212' title='bbox 720 2809 890 2861; x_wconf 80' lang='lat' dir='ltr'>Rauennate.</span> <span class='ocrx_word' id='word_1_213' title='bbox 932 2806 987 2861; x_wconf 86' lang='lat' dir='ltr'>Sed</span> <span class='ocrx_word' id='word_1_214' title='bbox 1012 2807 1065 2861; x_wconf 91' lang='lat' dir='ltr'>hoc</span> <span class='ocrx_word' id='word_1_215' title='bbox 1087 2808 1148 2861; x_wconf 89' lang='lat' dir='ltr'>loco</span> <span class='ocrx_word' id='word_1_216' title='bbox 1173 2808 1248 2861; x_wconf 88' lang='lat' dir='ltr'>aliud</span> <span class='ocrx_word' id='word_1_217' title='bbox 1271 2808 1374 2862; x_wconf 84' lang='lat' dir='ltr'>Forum</span> 
     </span>
     <span class='ocr_line' id='line_1_26' title="bbox 63 2885 1374 2965; baseline 0.001 -18"><span class='ocrx_word' id='word_1_218' title='bbox 63 2885 217 2965; x_wconf 73' lang='lat' dir='ltr'>Popilii,</span> <span class='ocrx_word' id='word_1_219' title='bbox 240 2891 409 2963; x_wconf 82' lang='lat' dir='ltr'>Campaniae</span> <span class='ocrx_word' id='word_1_220' title='bbox 437 2891 569 2962; x_wconf 85' lang='lat' dir='ltr'>oppidum</span> <span class='ocrx_word' id='word_1_221' title='bbox 596 2893 670 2946; x_wconf 89' lang='lat' dir='ltr'>inter</span> <span class='ocrx_word' id='word_1_222' title='bbox 692 2894 816 2962; x_wconf 82' lang='lat' dir='ltr'>Capuam</span> <span class='ocrx_word' id='word_1_223' title='bbox 840 2895 869 2945; x_wconf 87' lang='lat' dir='ltr'>ct</span> <span class='ocrx_word' id='word_1_224' title='bbox 891 2891 1041 2945; x_wconf 87' lang='lat' dir='ltr'>Trebulam</span> <span class='ocrx_word' id='word_1_225' title='bbox 1063 2891 1165 2957; x_wconf 81' lang='lat' dir='ltr'>mitum,</span> <span class='ocrx_word' id='word_1_226' title='bbox 1192 2892 1259 2945; x_wconf 88' lang='lat' dir='ltr'>illud</span> <span class='ocrx_word' id='word_1_227' title='bbox 1283 2889 1374 2960; x_wconf 76' lang='grc' dir='ltr'><strong><em>Φάρος</em></strong></span> 
     </span>
     <span class='ocr_line' id='line_1_27' title="bbox 64 2975 1372 3046; baseline -0.003 -11"><span class='ocrx_word' id='word_1_228' title='bbox 64 2978 236 3036; x_wconf 75' lang='grc' dir='ltr'><strong><em>ῙΙοκλίοο</em></strong></span> <span class='ocrx_word' id='word_1_229' title='bbox 254 2976 420 3044; x_wconf 85' lang='lat' dir='ltr'>Ptolemaei,</span> <span class='ocrx_word' id='word_1_230' title='bbox 440 2977 543 3030; x_wconf 89' lang='lat' dir='ltr'>dictum</span> <span class='ocrx_word' id='word_1_231' title='bbox 561 2977 717 3046; x_wconf 87' lang='lat' dir='ltr'>putaverim</span> <span class='ocrx_word' id='word_1_232' title='bbox 738 2978 782 3043; x_wconf 81' lang='lat' dir='ltr'>(ei.</span> <span class='ocrx_word' id='word_1_233' title='bbox 795 2976 931 3031; x_wconf 87' lang='lat' dir='ltr'>Holstenii</span> <span class='ocrx_word' id='word_1_234' title='bbox 949 2975 1074 3030; x_wconf 84' lang='lat' dir='ltr'>adnotat.</span> <span class='ocrx_word' id='word_1_235' title='bbox 1088 2976 1117 3029; x_wconf 91' lang='lat' dir='ltr'>iu</span> <span class='ocrx_word' id='word_1_236' title='bbox 1131 2976 1249 3031; x_wconf 84' lang='lat' dir='ltr'>Cluverii</span> <span class='ocrx_word' id='word_1_237' title='bbox 1261 2977 1372 3031; x_wconf 88' lang='lat' dir='ltr'>ltaliam</span> 
     </span>
     <span class='ocr_line' id='line_1_28' title="bbox 58 3060 1373 3133; baseline -0.002 -14"><span class='ocrx_word' id='word_1_238' title='bbox 58 3064 207 3133; x_wconf 51' lang='lat' dir='ltr'>antiqu.</span> <span class='ocrx_word' id='word_1_239' title='bbox 230 3081 297 3133; x_wconf 86' lang='lat' dir='ltr'>pag.</span> <span class='ocrx_word' id='word_1_240' title='bbox 319 3069 369 3118; x_wconf 84' lang='grc'>258</span> <span class='ocrx_word' id='word_1_241' title='bbox 392 3078 448 3131; x_wconf 89' lang='lat' dir='ltr'>seq.</span> <span class='ocrx_word' id='word_1_242' title='bbox 473 3064 502 3116; x_wconf 90' lang='lat' dir='ltr'>ct</span> <span class='ocrx_word' id='word_1_243' title='bbox 524 3061 648 3115; x_wconf 78' lang='lat' dir='ltr'>Bischotl&#39;</span> <span class='ocrx_word' id='word_1_244' title='bbox 668 3080 693 3114; x_wconf 90' lang='lat' dir='ltr'>u.</span> <span class='ocrx_word' id='word_1_245' title='bbox 715 3062 830 3115; x_wconf 84' lang='lat' dir='ltr'>Mueller</span> <span class='ocrx_word' id='word_1_246' title='bbox 852 3060 1085 3130; x_wconf 84' lang='lat' dir='ltr'>Vorgleichendcs</span> <span class='ocrx_word' id='word_1_247' title='bbox 1108 3061 1296 3116; x_wconf 79' lang='lat' dir='ltr'>Wbrterbuch</span> <span class='ocrx_word' id='word_1_248' title='bbox 1323 3061 1373 3117; x_wconf 89' lang='lat' dir='ltr'>der</span> 
     </span>
     <span class='ocr_line' id='line_1_29' title="bbox 57 3147 869 3216; baseline -0.005 -12"><span class='ocrx_word' id='word_1_249' title='bbox 57 3149 178 3204; x_wconf 56' lang='lat' dir='ltr'>alten</span> <span class='ocrx_word' id='word_1_250' title='bbox 195 3148 321 3203; x_wconf 89' lang='lat' dir='ltr'>mittlern</span> <span class='ocrx_word' id='word_1_251' title='bbox 337 3148 396 3201; x_wconf 90' lang='lat' dir='ltr'>und</span> <span class='ocrx_word' id='word_1_252' title='bbox 413 3155 502 3202; x_wconf 84' lang='lat' dir='ltr'>neuen</span> <span class='ocrx_word' id='word_1_253' title='bbox 522 3147 700 3216; x_wconf 82' lang='lat' dir='ltr'>Geographie</span> <span class='ocrx_word' id='word_1_254' title='bbox 719 3147 763 3201; x_wconf 88' lang='lat' dir='ltr'>ed.</span> <span class='ocrx_word' id='word_1_255' title='bbox 784 3150 869 3214; x_wconf 81' lang='grc'>1829).</span> 
     </span>
    </p>

    <p class='ocr_par' dir='ltr' id='par_1_8' title="bbox 56 3232 1373 3476">
     <span class='ocr_line' id='line_1_30' title="bbox 164 3232 1373 3303; baseline -0.004 -12"><span class='ocrx_word' id='word_1_256' title='bbox 164 3238 190 3303; x_wconf 74' lang='lat' dir='ltr'>i)</span> <span class='ocrx_word' id='word_1_257' title='bbox 209 3236 253 3289; x_wconf 85' lang='lat' dir='ltr'>lta</span> <span class='ocrx_word' id='word_1_258' title='bbox 270 3233 306 3288; x_wconf 78' lang='lat' dir='ltr'>D⁰</span> <span class='ocrx_word' id='word_1_259' title='bbox 320 3235 356 3288; x_wconf 83' lang='lat'>11¹</span> <span class='ocrx_word' id='word_1_260' title='bbox 370 3233 406 3285; x_wconf 80' lang='lat' dir='ltr'>R²</span> <span class='ocrx_word' id='word_1_261' title='bbox 431 3234 505 3299; x_wconf 86' lang='lat' dir='ltr'>(nam</span> <span class='ocrx_word' id='word_1_262' title='bbox 528 3250 611 3299; x_wconf 88' lang='lat' dir='ltr'>quem</span> <span class='ocrx_word' id='word_1_263' title='bbox 631 3232 753 3286; x_wconf 80' lang='lat' dir='ltr'>Masurius</span> <span class='ocrx_word' id='word_1_264' title='bbox 776 3232 820 3286; x_wconf 90' lang='lat' dir='ltr'>hic</span> <span class='ocrx_word' id='word_1_265' title='bbox 843 3232 998 3302; x_wconf 82' lang='lat' dir='ltr'>generatim</span> <span class='ocrx_word' id='word_1_266' title='bbox 1022 3238 1211 3287; x_wconf 67' lang='lat' dir='ltr'>notatissimum</span> <span class='ocrx_word' id='word_1_267' title='bbox 1234 3239 1373 3288; x_wconf 69' lang='lat' dir='ltr'>Lunensem</span> 
     </span>
     <span class='ocr_line' id='line_1_31' title="bbox 56 3317 1373 3389; baseline -0.003 -13"><span class='ocrx_word' id='word_1_268' title='bbox 56 3323 195 3387; x_wconf 60' lang='lat' dir='ltr'>vocat,</span> <span class='ocrx_word' id='word_1_269' title='bbox 219 3319 343 3389; x_wconf 85' lang='lat' dir='ltr'>suspicor</span> <span class='ocrx_word' id='word_1_270' title='bbox 361 3336 419 3373; x_wconf 89' lang='lat' dir='ltr'>esse</span> <span class='ocrx_word' id='word_1_271' title='bbox 436 3318 550 3372; x_wconf 88' lang='lat' dir='ltr'>Lucens.</span> <span class='ocrx_word' id='word_1_272' title='bbox 572 3324 620 3371; x_wconf 76' lang='grc'>124</span> <span class='ocrx_word' id='word_1_273' title='bbox 636 3317 791 3373; x_wconf 87' lang='lat' dir='ltr'>Burchardi</span> <span class='ocrx_word' id='word_1_274' title='bbox 809 3317 997 3386; x_wconf 83' lang='lat' dir='ltr'>collectionis).</span> <span class='ocrx_word' id='word_1_275' title='bbox 1034 3318 1072 3371; x_wconf 88' lang='lat' dir='ltr'>At</span> <span class='ocrx_word' id='word_1_276' title='bbox 1089 3318 1108 3370; x_wconf 92' lang='lat' dir='ltr'>Z</span> <span class='ocrx_word' id='word_1_277' title='bbox 1127 3338 1181 3371; x_wconf 88' lang='lat' dir='ltr'>cum</span> <span class='ocrx_word' id='word_1_278' title='bbox 1199 3322 1293 3373; x_wconf 81' lang='lat' dir='ltr'>Setino</span> <span class='ocrx_word' id='word_1_279' title='bbox 1318 3325 1373 3388; x_wconf 85' lang='lat' dir='ltr'>epi-</span> 
     </span>
     <span class='ocr_line' id='line_1_32' title="bbox 58 3409 492 3476; baseline -0.012 -16"><span class='ocrx_word' id='word_1_280' title='bbox 58 3420 183 3476; x_wconf 64' lang='lat' dir='ltr'>·tcopo</span> <span class='ocrx_word' id='word_1_281' title='bbox 201 3418 229 3460; x_wconf 82' lang='lat' dir='ltr'>ei</span> <span class='ocrx_word' id='word_1_282' title='bbox 246 3411 351 3471; x_wconf 68' lang='lat' dir='ltr'>Pelagio</span> <span class='ocrx_word' id='word_1_283' title='bbox 369 3409 492 3458; x_wconf 70' lang='lat' dir='ltr'>alloicia.</span> 
     </span>
    </p>

    <p class='ocr_par' dir='ltr' id='par_1_9' title="bbox 169 3492 804 3560">
     <span class='ocr_line' id='line_1_33' title="bbox 169 3492 804 3560; baseline 0.002 -16"><span class='ocrx_word' id='word_1_284' title='bbox 169 3494 190 3560; x_wconf 82' lang='lat'>³)</span> <span class='ocrx_word' id='word_1_285' title='bbox 209 3492 229 3544; x_wconf 87' lang='lat' dir='ltr'>Z</span> <span class='ocrx_word' id='word_1_286' title='bbox 248 3495 352 3544; x_wconf 77' lang='lat' dir='ltr'>turbore</span> <span class='ocrx_word' id='word_1_287' title='bbox 370 3505 489 3556; x_wconf 84' lang='lat' dir='ltr'>moxque</span> <span class='ocrx_word' id='word_1_288' title='bbox 509 3501 608 3542; x_wconf 73' lang='lat' dir='ltr'>leuetur</span> <span class='ocrx_word' id='word_1_289' title='bbox 680 3496 804 3545; x_wconf 78' lang='lat' dir='ltr'>reddatis.</span> 
     </span>
    </p>

    <p class='ocr_par' dir='ltr' id='par_1_10' title="bbox 45 3573 1373 3900">
     <span class='ocr_line' id='line_1_34' title="bbox 168 3573 1373 3644; baseline -0.002 -14"><span class='ocrx_word' id='word_1_290' title='bbox 168 3579 190 3644; x_wconf 84' lang='lat'>⁴)</span> <span class='ocrx_word' id='word_1_291' title='bbox 208 3576 245 3630; x_wconf 84' lang='lat' dir='ltr'>a²</span> <span class='ocrx_word' id='word_1_292' title='bbox 266 3582 417 3644; x_wconf 77' lang='lat' dir='ltr'>prolapsus,</span> <span class='ocrx_word' id='word_1_293' title='bbox 442 3590 496 3626; x_wconf 90' lang='lat' dir='ltr'>non</span> <span class='ocrx_word' id='word_1_294' title='bbox 520 3573 574 3627; x_wconf 87' lang='lat' dir='ltr'>alio</span> <span class='ocrx_word' id='word_1_295' title='bbox 598 3592 691 3639; x_wconf 71' lang='lat' dir='ltr'>seusun</span> <span class='ocrx_word' id='word_1_296' title='bbox 719 3574 824 3628; x_wconf 88' lang='lat' dir='ltr'>scilicet</span> <span class='ocrx_word' id='word_1_297' title='bbox 846 3576 979 3642; x_wconf 88' lang='lat' dir='ltr'>quantum</span> <span class='ocrx_word' id='word_1_298' title='bbox 1004 3591 1037 3627; x_wconf 84' lang='lat' dir='ltr'>ex</span> <span class='ocrx_word' id='word_1_299' title='bbox 1060 3573 1191 3641; x_wconf 85' lang='lat' dir='ltr'>subjectis</span> <span class='ocrx_word' id='word_1_300' title='bbox 1215 3573 1373 3642; x_wconf 74' lang='lat' dir='ltr'>conjectare</span> 
     </span>
     <span class='ocr_line' id='line_1_35' title="bbox 47 3646 1373 3728; baseline -0.002 -14"><span class='ocrx_word' id='word_1_301' title='bbox 47 3646 178 3727; x_wconf 75' lang='lat' dir='ltr'>lieet,</span> <span class='ocrx_word' id='word_1_302' title='bbox 197 3660 330 3716; x_wconf 89' lang='lat' dir='ltr'>comitiali</span> <span class='ocrx_word' id='word_1_303' title='bbox 348 3659 446 3714; x_wconf 87' lang='lat' dir='ltr'>morbo</span> <span class='ocrx_word' id='word_1_304' title='bbox 464 3659 620 3713; x_wconf 87' lang='lat' dir='ltr'>laborabat.</span> <span class='ocrx_word' id='word_1_305' title='bbox 645 3660 685 3712; x_wconf 85' lang='lat' dir='ltr'>Ac</span> <span class='ocrx_word' id='word_1_306' title='bbox 697 3661 769 3714; x_wconf 85' lang='lat' dir='ltr'>forte</span> <span class='ocrx_word' id='word_1_307' title='bbox 783 3658 904 3728; x_wconf 87' lang='lat' dir='ltr'>episcopi</span> <span class='ocrx_word' id='word_1_308' title='bbox 922 3659 1004 3727; x_wconf 88' lang='lat' dir='ltr'>hujus</span> <span class='ocrx_word' id='word_1_309' title='bbox 1015 3658 1161 3714; x_wconf 87' lang='lat' dir='ltr'>infirmitas</span> <span class='ocrx_word' id='word_1_310' title='bbox 1173 3658 1288 3713; x_wconf 67' lang='lat' dir='ltr'>modern</span> <span class='ocrx_word' id='word_1_311' title='bbox 1301 3676 1373 3713; x_wconf 89' lang='lat' dir='ltr'>com·</span> 
     </span>
     <span class='ocr_line' id='line_1_36' title="bbox 45 3744 1373 3814; baseline -0.002 -13"><span class='ocrx_word' id='word_1_312' title='bbox 45 3748 223 3810; x_wconf 67' lang='lat' dir='ltr'>Drobeta</span> <span class='ocrx_word' id='word_1_313' title='bbox 235 3746 346 3801; x_wconf 87' lang='lat' dir='ltr'>Gelasio</span> <span class='ocrx_word' id='word_1_314' title='bbox 365 3744 465 3800; x_wconf 86' lang='lat' dir='ltr'>edendi</span> <span class='ocrx_word' id='word_1_315' title='bbox 485 3744 602 3811; x_wconf 87' lang='lat' dir='ltr'>decreti,</span> <span class='ocrx_word' id='word_1_316' title='bbox 622 3744 696 3811; x_wconf 89' lang='lat' dir='ltr'>quod</span> <span class='ocrx_word' id='word_1_317' title='bbox 715 3744 793 3814; x_wconf 86' lang='lat' dir='ltr'>epist.</span> <span class='ocrx_word' id='word_1_318' title='bbox 811 3749 841 3797; x_wconf 78' lang='lat' dir='ltr'>ll</span> <span class='ocrx_word' id='word_1_319' title='bbox 859 3762 919 3812; x_wconf 87' lang='lat' dir='ltr'>cap.</span> <span class='ocrx_word' id='word_1_320' title='bbox 936 3751 967 3798; x_wconf 76' lang='lat'>19</span> <span class='ocrx_word' id='word_1_321' title='bbox 980 3745 1111 3798; x_wconf 88' lang='lat' dir='ltr'>adversus</span> <span class='ocrx_word' id='word_1_322' title='bbox 1124 3762 1216 3799; x_wconf 86' lang='lat' dir='ltr'>sacros</span> <span class='ocrx_word' id='word_1_323' title='bbox 1232 3744 1373 3799; x_wconf 85' lang='lat' dir='ltr'>ministros</span> 
     </span>
     <span class='ocr_line' id='line_1_37' title="bbox 49 3828 1184 3900; baseline -0.003 -12"><span class='ocrx_word' id='word_1_324' title='bbox 49 3838 273 3888; x_wconf 64' lang='lat' dir='ltr'>domanium</span> <span class='ocrx_word' id='word_1_325' title='bbox 289 3836 458 3900; x_wconf 78' lang='lat' dir='ltr'>similibusque</span> <span class='ocrx_word' id='word_1_326' title='bbox 474 3834 637 3900; x_wconf 82' lang='lat' dir='ltr'>passionibus</span> <span class='ocrx_word' id='word_1_327' title='bbox 654 3837 769 3883; x_wconf 79' lang='lat' dir='ltr'>irretitos</span> <span class='ocrx_word' id='word_1_328' title='bbox 787 3829 885 3895; x_wconf 83' lang='lat' dir='ltr'>sancit,</span> <span class='ocrx_word' id='word_1_329' title='bbox 905 3829 1080 3884; x_wconf 80' lang='lat' dir='ltr'>occasionem</span> <span class='ocrx_word' id='word_1_330' title='bbox 1099 3828 1184 3885; x_wconf 86' lang='lat' dir='ltr'>dedit.</span> 
     </span>
    </p>

    <p class='ocr_par' dir='ltr' id='par_1_11' title="bbox 170 3917 1083 3987">
     <span class='ocr_line' id='line_1_38' title="bbox 170 3917 1083 3987; baseline -0.003 -15"><span class='ocrx_word' id='word_1_331' title='bbox 170 3921 191 3987; x_wconf 68' lang='grc' dir='ltr'>δ)</span> <span class='ocrx_word' id='word_1_332' title='bbox 209 3919 253 3972; x_wconf 84' lang='lat' dir='ltr'>lta</span> <span class='ocrx_word' id='word_1_333' title='bbox 271 3935 333 3971; x_wconf 85' lang='lat' dir='ltr'>mss.</span> <span class='ocrx_word' id='word_1_334' title='bbox 370 3917 407 3970; x_wconf 79' lang='lat' dir='ltr'>At</span> <span class='ocrx_word' id='word_1_335' title='bbox 424 3917 442 3969; x_wconf 89' lang='lat' dir='ltr'>Z</span> <span class='ocrx_word' id='word_1_336' title='bbox 463 3938 511 3971; x_wconf 84' lang='lat' dir='ltr'>mou</span> <span class='ocrx_word' id='word_1_337' title='bbox 528 3921 611 3984; x_wconf 68' lang='lat' dir='ltr'>[russii</span> <span class='ocrx_word' id='word_1_338' title='bbox 629 3921 768 3984; x_wconf 78' lang='lat' dir='ltr'>aliquorum</span> <span class='ocrx_word' id='word_1_339' title='bbox 784 3919 880 3982; x_wconf 76' lang='lat' dir='ltr'>suctum</span> <span class='ocrx_word' id='word_1_340' title='bbox 898 3920 1083 3982; x_wconf 69' lang='lat' dir='ltr'>testificatione.</span> 
     </span>
    </p>

    <p class='ocr_par' dir='ltr' id='par_1_12' title="bbox 54 4000 1372 4412">
     <span class='ocr_line' id='line_1_39' title="bbox 169 4000 1372 4072; baseline -0.004 -14"><span class='ocrx_word' id='word_1_341' title='bbox 169 4007 190 4072; x_wconf 57' lang='grc' dir='ltr'>ε)</span> <span class='ocrx_word' id='word_1_342' title='bbox 208 4007 236 4058; x_wconf 78' lang='lat' dir='ltr'>a’</span> <span class='ocrx_word' id='word_1_343' title='bbox 253 4002 404 4057; x_wconf 86' lang='lat' dir='ltr'>secundum</span> <span class='ocrx_word' id='word_1_344' title='bbox 422 4021 486 4056; x_wconf 87' lang='lat' dir='ltr'>mss.</span> <span class='ocrx_word' id='word_1_345' title='bbox 507 4018 570 4055; x_wconf 85' lang='lat' dir='ltr'>suos</span> <span class='ocrx_word' id='word_1_346' title='bbox 587 4001 687 4070; x_wconf 86' lang='lat' dir='ltr'>legisse</span> <span class='ocrx_word' id='word_1_347' title='bbox 700 4000 809 4053; x_wconf 75' lang='lat' dir='ltr'>sirletus</span> <span class='ocrx_word' id='word_1_348' title='bbox 828 4006 934 4068; x_wconf 64' lang='lat' dir='ltr'>miciaco</span> <span class='ocrx_word' id='word_1_349' title='bbox 951 4006 991 4053; x_wconf 85' lang='lat' dir='ltr'>uel</span> <span class='ocrx_word' id='word_1_350' title='bbox 1007 4006 1149 4068; x_wconf 76' lang='lat' dir='ltr'>oreopinio,</span> <span class='ocrx_word' id='word_1_351' title='bbox 1169 4002 1218 4055; x_wconf 71' lang='lat' dir='ltr'>aaut</span> <span class='ocrx_word' id='word_1_352' title='bbox 1230 4020 1292 4054; x_wconf 89' lang='lat' dir='ltr'>cum</span> <span class='ocrx_word' id='word_1_353' title='bbox 1307 4001 1372 4053; x_wconf 88' lang='lat' dir='ltr'>duo·</span> 
     </span>
     <span class='ocr_line' id='line_1_40' title="bbox 55 4074 1370 4157; baseline 0 -19"><span class='ocrx_word' id='word_1_354' title='bbox 55 4074 154 4143; x_wconf 73' lang='lat' dir='ltr'>bue</span> <span class='ocrx_word' id='word_1_355' title='bbox 175 4088 228 4142; x_wconf 90' lang='lat' dir='ltr'>illis</span> <span class='ocrx_word' id='word_1_356' title='bbox 250 4087 367 4142; x_wconf 85' lang='lat' dir='ltr'>vetustis</span> <span class='ocrx_word' id='word_1_357' title='bbox 386 4086 512 4142; x_wconf 88' lang='lat' dir='ltr'>Gratiani</span> <span class='ocrx_word' id='word_1_358' title='bbox 535 4085 676 4141; x_wconf 88' lang='lat' dir='ltr'>codicibus</span> <span class='ocrx_word' id='word_1_359' title='bbox 699 4085 885 4140; x_wconf 88' lang='lat' dir='ltr'>correctorum</span> <span class='ocrx_word' id='word_1_360' title='bbox 909 4085 1097 4140; x_wconf 83' lang='lat' dir='ltr'>Romanorum</span> <span class='ocrx_word' id='word_1_361' title='bbox 1121 4085 1282 4157; x_wconf 87' lang='lat' dir='ltr'>simpliciter</span> <span class='ocrx_word' id='word_1_362' title='bbox 1302 4097 1370 4141; x_wconf 78' lang='lat' dir='ltr'>ocio·</span> 
     </span>
     <span class='ocr_line' id='line_1_41' title="bbox 54 4170 1371 4242; baseline -0.005 -11"><span class='ocrx_word' id='word_1_363' title='bbox 54 4180 180 4232; x_wconf 58' lang='lat' dir='ltr'>&amp;ima</span> <span class='ocrx_word' id='word_1_364' title='bbox 217 4175 277 4228; x_wconf 86' lang='lat' dir='ltr'>Hoc</span> <span class='ocrx_word' id='word_1_365' title='bbox 295 4171 409 4242; x_wconf 88' lang='lat' dir='ltr'>quidem</span> <span class='ocrx_word' id='word_1_366' title='bbox 426 4172 573 4226; x_wconf 85' lang='lat' dir='ltr'>Richterus</span> <span class='ocrx_word' id='word_1_367' title='bbox 590 4172 618 4225; x_wconf 92' lang='lat' dir='ltr'>in</span> <span class='ocrx_word' id='word_1_368' title='bbox 637 4171 702 4225; x_wconf 90' lang='lat' dir='ltr'>edit.</span> <span class='ocrx_word' id='word_1_369' title='bbox 722 4187 796 4240; x_wconf 86' lang='lat' dir='ltr'>corp.</span> <span class='ocrx_word' id='word_1_370' title='bbox 812 4170 867 4239; x_wconf 87' lang='lat' dir='ltr'>jur.</span> <span class='ocrx_word' id='word_1_371' title='bbox 888 4188 946 4224; x_wconf 89' lang='lat' dir='ltr'>cen.</span> <span class='ocrx_word' id='word_1_372' title='bbox 967 4171 1009 4225; x_wconf 86' lang='lat' dir='ltr'>ad.</span> <span class='ocrx_word' id='word_1_373' title='bbox 1031 4178 1082 4225; x_wconf 85' lang='grc' dir='ltr'>ο.2</span> <span class='ocrx_word' id='word_1_374' title='bbox 1102 4171 1129 4226; x_wconf 84' lang='lat' dir='ltr'>O.</span> <span class='ocrx_word' id='word_1_375' title='bbox 1144 4171 1196 4225; x_wconf 89' lang='lat' dir='ltr'>vn</span> <span class='ocrx_word' id='word_1_376' title='bbox 1214 4190 1259 4240; x_wconf 90' lang='lat' dir='ltr'>qu.</span> <span class='ocrx_word' id='word_1_377' title='bbox 1274 4179 1289 4224; x_wconf 81' lang='grc'>2</span> <span class='ocrx_word' id='word_1_378' title='bbox 1307 4170 1371 4224; x_wconf 91' lang='lat' dir='ltr'>inde</span> 
     </span>
     <span class='ocr_line' id='line_1_42' title="bbox 61 4246 1372 4329; baseline -0.003 -17"><span class='ocrx_word' id='word_1_379' title='bbox 61 4246 242 4329; x_wconf 61' lang='lat' dir='ltr'>inrepsisse</span> <span class='ocrx_word' id='word_1_380' title='bbox 265 4258 432 4324; x_wconf 87' lang='lat' dir='ltr'>arbitratur,</span> <span class='ocrx_word' id='word_1_381' title='bbox 455 4258 530 4326; x_wconf 90' lang='lat' dir='ltr'>quod</span> <span class='ocrx_word' id='word_1_382' title='bbox 551 4259 579 4311; x_wconf 90' lang='lat' dir='ltr'>in</span> <span class='ocrx_word' id='word_1_383' title='bbox 598 4256 738 4311; x_wconf 84' lang='lat' dir='ltr'>veteribus</span> <span class='ocrx_word' id='word_1_384' title='bbox 761 4256 965 4326; x_wconf 86' lang='lat' dir='ltr'>exemplaribus</span> <span class='ocrx_word' id='word_1_385' title='bbox 983 4256 1110 4311; x_wconf 91' lang='lat' dir='ltr'>omnibus</span> <span class='ocrx_word' id='word_1_386' title='bbox 1133 4256 1265 4326; x_wconf 88' lang='lat' dir='ltr'>scriptum</span> <span class='ocrx_word' id='word_1_387' title='bbox 1287 4255 1372 4310; x_wconf 83' lang='lat' dir='ltr'>fuerit</span> 
     </span>
     <span class='ocr_line' id='line_1_43' title="bbox 65 4340 1371 4412; baseline -0.002 -13"><span class='ocrx_word' id='word_1_388' title='bbox 65 4342 117 4393; x_wconf 72' lang='lat'>1-</span> <span class='ocrx_word' id='word_1_389' title='bbox 136 4351 212 4401; x_wconf 75' lang='lat' dir='ltr'>XXX</span> <span class='ocrx_word' id='word_1_390' title='bbox 229 4352 246 4401; x_wconf 88' lang='lat' dir='ltr'>i.</span> <span class='ocrx_word' id='word_1_391' title='bbox 260 4367 282 4399; x_wconf 83' lang='lat' dir='ltr'>c.</span> <span class='ocrx_word' id='word_1_392' title='bbox 303 4351 341 4399; x_wconf 85' lang='lat' dir='ltr'>uel</span> <span class='ocrx_word' id='word_1_393' title='bbox 357 4349 473 4412; x_wconf 67' lang='lat' dir='ltr'>triginta,</span> <span class='ocrx_word' id='word_1_394' title='bbox 493 4376 522 4382; x_wconf 95' lang='lat'>—</span> <span class='ocrx_word' id='word_1_395' title='bbox 544 4342 645 4397; x_wconf 83' lang='lat' dir='ltr'>Similis</span> <span class='ocrx_word' id='word_1_396' title='bbox 669 4341 806 4410; x_wconf 85' lang='lat' dir='ltr'>quaedam</span> <span class='ocrx_word' id='word_1_397' title='bbox 829 4340 937 4396; x_wconf 85' lang='lat' dir='ltr'>conc-ilii</span> <span class='ocrx_word' id='word_1_398' title='bbox 960 4341 1162 4397; x_wconf 84' lang='lat' dir='ltr'>Suessionensis</span> <span class='ocrx_word' id='word_1_399' title='bbox 1181 4343 1206 4395; x_wconf 94' lang='lat' dir='ltr'>ll</span> <span class='ocrx_word' id='word_1_400' title='bbox 1230 4358 1302 4396; x_wconf 90' lang='lat' dir='ltr'>anno</span> <span class='ocrx_word' id='word_1_401' title='bbox 1320 4346 1371 4396; x_wconf 79' lang='lat'>853</span> 
     </span>
    </p>

    <p class='ocr_par' dir='ltr' id='par_1_13' title="bbox 70 4418 1372 4741">
     <span class='ocr_line' id='line_1_44' title="bbox 72 4418 1372 4498; baseline -0.002 -15"><span class='ocrx_word' id='word_1_402' title='bbox 72 4418 191 4484; x_wconf 76' lang='lat' dir='ltr'>habiti</span> <span class='ocrx_word' id='word_1_403' title='bbox 209 4449 231 4485; x_wconf 92' lang='lat' dir='ltr'>c.</span> <span class='ocrx_word' id='word_1_404' title='bbox 251 4437 267 4484; x_wconf 86' lang='grc'>2</span> <span class='ocrx_word' id='word_1_405' title='bbox 285 4428 424 4485; x_wconf 87' lang='lat' dir='ltr'>sententia</span> <span class='ocrx_word' id='word_1_406' title='bbox 447 4428 511 4495; x_wconf 87' lang='lat' dir='ltr'>fuit,</span> <span class='ocrx_word' id='word_1_407' title='bbox 536 4446 591 4497; x_wconf 88' lang='lat' dir='ltr'>qua</span> <span class='ocrx_word' id='word_1_408' title='bbox 609 4427 718 4483; x_wconf 90' lang='lat' dir='ltr'>Wenilo</span> <span class='ocrx_word' id='word_1_409' title='bbox 738 4425 904 4480; x_wconf 82' lang='lat' dir='ltr'>Sunonensis</span> <span class='ocrx_word' id='word_1_410' title='bbox 922 4427 1153 4498; x_wconf 89' lang='lat' dir='ltr'>metropolitanus</span> <span class='ocrx_word' id='word_1_411' title='bbox 1171 4427 1372 4481; x_wconf 91' lang='lat' dir='ltr'>Herimannum</span> 
     </span>
     <span class='ocr_line' id='line_1_45' title="bbox 70 4502 1372 4584; baseline 0 -18"><span class='ocrx_word' id='word_1_412' title='bbox 70 4502 300 4570; x_wconf 68' lang='lat' dir='ltr'>Nivemensem</span> <span class='ocrx_word' id='word_1_413' title='bbox 318 4514 480 4584; x_wconf 88' lang='lat' dir='ltr'>episcopum</span> <span class='ocrx_word' id='word_1_414' title='bbox 498 4515 617 4569; x_wconf 85' lang='lat' dir='ltr'>molesta</span> <span class='ocrx_word' id='word_1_415' title='bbox 633 4511 794 4567; x_wconf 87' lang='lat' dir='ltr'>infirmitate</span> <span class='ocrx_word' id='word_1_416' title='bbox 813 4515 972 4583; x_wconf 87' lang='lat' dir='ltr'>correptum</span> <span class='ocrx_word' id='word_1_417' title='bbox 985 4514 1059 4583; x_wconf 89' lang='lat' dir='ltr'>apud</span> <span class='ocrx_word' id='word_1_418' title='bbox 1074 4531 1111 4579; x_wconf 86' lang='lat' dir='ltr'>se,</span> <span class='ocrx_word' id='word_1_419' title='bbox 1130 4512 1224 4581; x_wconf 89' lang='lat' dir='ltr'>quoad</span> <span class='ocrx_word' id='word_1_420' title='bbox 1235 4511 1372 4566; x_wconf 85' lang='lat' dir='ltr'>aestivum</span> 
     </span>
     <span class='ocr_line' id='line_1_46' title="bbox 86 4591 1372 4671; baseline 0.001 -19"><span class='ocrx_word' id='word_1_421' title='bbox 86 4591 211 4670; x_wconf 65' lang='lat' dir='ltr'>tempus</span> <span class='ocrx_word' id='word_1_422' title='bbox 228 4599 423 4671; x_wconf 86' lang='lat' dir='ltr'>pertransiret,</span> <span class='ocrx_word' id='word_1_423' title='bbox 443 4599 567 4654; x_wconf 88' lang='lat' dir='ltr'>detinere</span> <span class='ocrx_word' id='word_1_424' title='bbox 585 4616 617 4653; x_wconf 88' lang='lat' dir='ltr'>ac</span> <span class='ocrx_word' id='word_1_425' title='bbox 635 4598 754 4669; x_wconf 70' lang='lat' dir='ltr'>probaro</span> <span class='ocrx_word' id='word_1_426' title='bbox 770 4598 862 4668; x_wconf 87' lang='lat' dir='ltr'>jussus</span> <span class='ocrx_word' id='word_1_427' title='bbox 880 4600 930 4653; x_wconf 86' lang='lat' dir='ltr'>est.</span> <span class='ocrx_word' id='word_1_428' title='bbox 967 4597 1152 4653; x_wconf 85' lang='lat' dir='ltr'>Herimannus</span> <span class='ocrx_word' id='word_1_429' title='bbox 1170 4614 1235 4652; x_wconf 91' lang='lat' dir='ltr'>vero</span> <span class='ocrx_word' id='word_1_430' title='bbox 1253 4597 1292 4651; x_wconf 90' lang='lat' dir='ltr'>sic</span> <span class='ocrx_word' id='word_1_431' title='bbox 1309 4614 1372 4667; x_wconf 88' lang='lat' dir='ltr'>pro-</span> 
     </span>
     <span class='ocr_line' id='line_1_47' title="bbox 88 4674 1369 4741; baseline 0.003 -8"><span class='ocrx_word' id='word_1_432' title='bbox 88 4674 185 4740; x_wconf 79' lang='lat' dir='ltr'>batus</span> <span class='ocrx_word' id='word_1_433' title='bbox 203 4701 276 4741; x_wconf 91' lang='lat' dir='ltr'>anno</span> <span class='ocrx_word' id='word_1_434' title='bbox 294 4685 393 4740; x_wconf 90' lang='lat' dir='ltr'>codem</span> <span class='ocrx_word' id='word_1_435' title='bbox 411 4684 439 4739; x_wconf 89' lang='lat' dir='ltr'>in</span> <span class='ocrx_word' id='word_1_436' title='bbox 458 4684 573 4740; x_wconf 89' lang='lat' dir='ltr'>concilio</span> <span class='ocrx_word' id='word_1_437' title='bbox 592 4684 779 4740; x_wconf 87' lang='lat' dir='ltr'>Vormerieusi</span> <span class='ocrx_word' id='word_1_438' title='bbox 796 4686 822 4740; x_wconf 88' lang='lat' dir='ltr'>H</span> <span class='ocrx_word' id='word_1_439' title='bbox 841 4703 862 4740; x_wconf 89' lang='lat' dir='ltr'>c.</span> <span class='ocrx_word' id='word_1_440' title='bbox 879 4693 891 4739; x_wconf 89' lang='lat'>1</span> <span class='ocrx_word' id='word_1_441' title='bbox 911 4683 1043 4740; x_wconf 89' lang='lat' dir='ltr'>eeclesiae</span> <span class='ocrx_word' id='word_1_442' title='bbox 1062 4700 1127 4738; x_wconf 86' lang='lat' dir='ltr'>suae</span> <span class='ocrx_word' id='word_1_443' title='bbox 1146 4682 1292 4737; x_wconf 86' lang='lat' dir='ltr'>restitutus</span> <span class='ocrx_word' id='word_1_444' title='bbox 1310 4681 1369 4737; x_wconf 82' lang='lat' dir='ltr'>fuit.</span> 
     </span>
    </p>
   </div>
   <div class='ocr_carea' id='block_1_7' title="bbox 0 0 1730 5678">
    <p class='ocr_par' dir='ltr' id='par_1_14' title="bbox 0 0 1730 5678">
     <span class='ocr_line' id='line_1_48' title="bbox 0 0 1730 5678; baseline 0 3"><span class='ocrx_word' id='word_1_445' title='bbox 0 0 1730 5678; x_wconf 95' lang='lat' dir='ltr'> </span> 
     </span>
    </p>
   </div>
  </div>
 </body>
</html>
