3412 5664
589 300 604 316 ‘
707 321 879 371 ιιιιιοιι
902 312 952 371 26.
1225 294 1227 299 ’
1406 311 1465 377 401

191 482 341 555 aarum,
370 473 546 540 secundum
569 475 802 541 ecclesiasticas
824 476 953 561 regulas
980 498 1038 561 pro
1066 477 1128 541 fide
1151 477 1310 543 catholica
1332 484 1366 543 et
1387 502 1470 545 corn-
1483 497 1577 548 ansa.

191 578 347 649 immone
367 577 539 663 prolatam,
563 600 659 663 quani
675 583 792 644 cuncta
806 579 922 663 recipit
936 578 1091 663 Ecclesia,
1115 601 1211 665 quam
1226 583 1365 647 maxime
1380 583 1469 648 sedes

191 680 372 772 pontolica
394 680 625 765 comprobavit,
648 685 685 745 ut
706 681 852 746 debuerit
874 685 906 745 et
925 682 1067 767 potuerit
1089 682 1266 768 immutari;
1289 684 1372 749 bene
1394 708 1469 751 vcro

191 788 321 867 estam
343 782 501 867 synodum
518 783 613 867 juxta
635 784 853 898 supradictum
880 784 1009 849 modum
1036 806 1119 849 nova
1141 785 1262 869 synodo
1284 787 1469 854 nullatcnus

191 886 437 955 mmntandam.
481 885 668 950 Proinde
643 908 670 950 ιι
692 886 758 950 Eut
744 886 862 970 tychen
889 886 938 950 fat
924 890 1034 951 tentur
1061 886 1274 972 haereticum,
1303 889 1388 954 male
1414 913 1469 978 ge·

193 988 387 1073 tamapud
408 987 574 1072 Ephesum
596 987 762 1073 synodum,
787 1011 850 1074 qna
873 992 922 1053 est
944 992 1100 1073 receptus,
1124 989 1246 1074 pariter
1265 938 1466 1079 latabantur,

191 1035 218 1159 tt
243 1090 439 1177 perbenefl)
466 1093 592 1175 gestam
620 1092 777 1175 synodum
800 1077 1108 1176 Calchedonensem,
1143 1113 1205 1176 qua
1227 1091 1293 1156 Eut
1278 1092 1390 1178 tyches
1418 1045 1469 1160 vel

191 1216 270 1261 rum
292 1215 328 1259 eo
353 1193 532 1258 sentientes
559 1193 640 1257 talia
668 1196 745 1258 sunt
772 1193 899 1278 rejecti,
929 1194 1032 1258 velint
1058 1194 1226 1279 nolintque
1249 1198 1468 1283 consentient,

191 1301 296 1382 atque
315 1295 385 1361 ideo
406 1297 489 1361 bene
511 1299 636 1382 gestam
658 1296 815 1381 synodum
832 1297 923 1361 novis
939 1296 1211 1382 exagitationibus
1233 1297 1379 1363 refricari
1401 1323 1468 1366 non

191 1399 322 1465 licuisse
343 1401 552 1485 cognoscant.
575 1397 659 1480 ,Qui
681 1399 708 1463 si
730 1398 868 1463 forsitan
890 1399 1040 1482 dixerint,
1077 1420 1113 1462 eo
1135 1402 1246 1463 tonora
1268 1399 1468 1485 Ephesinam

191 1523 320 1586 quoque
339 1500 496 1587 synodum
518 1492 585 1565 rion
606 1500 734 1566 honisse
756 1503 889 1586 mutari,
911 1524 1020 1567 rursus
1036 1502 1115 1566 haec
1131 1502 1251 1586 eadam,
1275 1526 1356 1589 quac
1371 1527 1468 1591 supra
1534 1570 1537 1577 Δ

192 1602 464 1689 deprompsimus,
502 1603 629 1687 planius
658 1604 795 1688 repetita
817 1605 1073 1689 perpendantur,
1103 1604 1223 1669 idest:
1258 1606 1333 1688 qnia
1355 1611 1468 1672 contra

193 1704 305 1789 idem,
333 1709 446 1771 contra
468 1706 636 1770 veritatem
664 1707 982 1792 communionemque
1006 1706 1196 1772 catholicam
1219 1729 1353 1793 vereque
1376 1709 1467 1775 Ohn'-

193 1806 336 1873 damn
356 1829 423 1872 non
445 1809 532 1872 recte
555 1808 598 1872 sit
619 1810 712 1893 gesta
734 1809 889 1893 synodus,
913 1809 1060 1895 legitima
1080 1811 1201 1894 synodo
1216 1833 1275 1894 pro
1290 1811 1363 1896 fide,
1387 1814 1467 1877 ven'·

193 1912 262 1975 ace
297 1901 573 1995 communioneque
608 1911 767 1976 catholica
801 1933 936 1997 vereque
967 1911 1151 1977 Christiana
1186 1912 1287 1976 modis
1320 1915 1467 1979 omnibus

193 2010 386 2077 secludenda
408 2015 474 2096 est,
504 2015 537 2077 et
565 2013 687 2097 injusta
714 2014 853 2098 synodus
878 2016 967 2098 justa
989 2014 1110 2099 synodo
1131 2014 1359 2080 submovenda.
1403 2017 1467 2081 Pro

193 2112 252 2177 lle
300 2119 399 2179 autem
436 2118 470 2179 et
505 2115 640 2180 veritate
678 2120 711 2180 et
747 2118 969 2182 communione
1007 2116 1165 2182 catholica
1192 2117 1287 2181 bona
1327 2118 1467 2203 synodus

194 2235 332 2301 vereque
357 2215 542 2283 Christiana
574 2217 673 2283 semel
710 2222 783 2282 acta
810 2219 900 2284 nulla
928 2240 987 2284 nec
1016 2221 1123 2303 potest
1152 2239 1213 2282 nec
1242 2218 1337 2284 debet
1363 2242 1467 2285 novae
1557 2267 1566 2275 -

196 2317 314 2401 synodi
330 2318 500 2385 iteratione
524 2318 677 2402 convelli,
699 2320 754 2384 sed
782 2322 956 2386 secundum
983 2322 1064 2386 bene
1091 2322 1218 2406 gestam
1240 2323 1397 2406 synodmn
1419 2345 1466 2388 re-

200 2421 315 2503 alequa
331 2422 516 2507 praefixam,
547 2424 573 2486 si
596 2421 666 2506 quis
690 2422 730 2486 ab
753 2422 821 2506 ejus
844 2424 973 2489 tramite
995 2423 1142 2508 deviarit,
1174 2428 1407 2509 consequenter
1429 2447 1467 2489 ao

203 2518 393 2607 sufficienter
414 2524 483 2608 ejus
506 2525 693 2589 definitione
709 2524 907 2610 plectendus,
931 2526 1107 2611 meritoque
1129 2525 1215 2590 illius
1231 2525 1377 2609 subjacet
1392 2549 1467 2592 con·
1505 2546 1510 2558 ·
1573 2516 1576 2521 ’

208 2618 329 2691 stibrtis.
370 2625 439 2692 Nec
461 2649 540 2711 opus
568 2631 618 2692 est
639 2648 696 2711 per
718 2628 862 2712 singidos
885 2650 1025 2713 quosque
1053 2628 1219 2693 deviantes
1243 2628 1378 2713 jureque
1400 2630 1466 2713 ple·

214 2722 329 2791 ιιειιιιιι
349 2750 447 2793 novas
470 2751 577 2794 rursus
599 2728 736 2814 synodos
754 2729 929 2813 introduci3
952 2752 1049 2815 quum
1066 2752 1103 2794 ex
1119 2730 1204 2793 illius
1219 2730 1360 2813 tramite,
1385 2753 1466 2816 quae

219 2826 358 2895 auctorem
383 2853 455 2896 cum
483 2853 588 2896 errore
615 2830 797 2914 damnavit,
831 2832 973 2916 quisquis
1006 2832 1147 2915 quolibet
1179 2830 1289 2914 modo,
1324 2832 1467 2916 quolibet

225 2922 303 2993 lli-ulo
319 2934 456 3017 complex
479 2934 621 3018 ejusdem
642 2933 741 2998 sumit
762 2934 867 2997 factus
890 2933 1016 3017 erroris,
1046 2938 1082 2997 ut
1110 2934 1178 3016 ejus
1208 2954 1242 2996 se
1271 2933 1465 3018 contagione

230 3022 361 3119 wlucnt,
398 3038 617 3123 competenter
648 3042 682 3101 et
709 3036 870 3121 particeps
904 3036 1044 3119 ejusdem
1073 3035 1289 3100 damnationis
1318 3035 1463 3118 exsistat,

232 3124 330 3217 ejusque
348 3159 450 3229 poena
472 3138 626 3223 puniatur
647 3139 782 3203 obstrict
783 3160 831 3220 ιιι,
856 3139 947 3221 cujus
969 3137 1112 3202 maluit
1103 3137 1186 3201 inire
1209 3137 1413 3201 consortium.

295 3234 403 3313 baro
426 3261 503 3326 ergo
526 3240 568 3304 ab
589 3241 649 3324 his,
673 3240 748 3325 quid
772 3239 811 3303 de
833 3239 899 3304 Eut
885 3238 979 3323 tyche
1002 3239 1161 3304 sentiant:
1192 3238 1332 3302 fuissene
1354 3236 1464 3303 haere-

228 3334 349 3426 redeam,
376 3364 419 3407 an
442 3346 590 3425 assennrt
611 3364 677 3407 non
698 3341 822 3406 luisse?
866 3341 900 3407 Si
929 3364 994 3406 non
1021 3341 1120 3405 fuisse
1143 3339 1359 3439 ιιοιιιιιιιιιιιιι,
1389 3341 1465 3426 quid

227 3392 385 3527 magilus
412 3447 531 3531 agunt,
561 3443 636 3530 quid
665 3444 905 3509 circuitionibus
932 3443 1178 3529 praestigiisque
1206 3465 1240 3509 se
1263 3442 1465 3528 contagrmt?

219 3538 317 3609 Pam
332 3568 364 3611 se
383 3546 604 3631 Eutychianos
627 3568 695 3612 esse
717 3548 995 3631 pronuntient,u
974 3546 1040 3610 ut
1031 3568 1067 3610 ιιι
1089 3546 1156 3630 ejus
1179 3545 1336 3631 sacrilego
1357 3545 1464 3611 furore

216 3644 352 3731 mnus,
383 3649 530 3713 veritatis
562 3648 697 3714 mohbus
723 3649 862 3713 obruant
848 3653 914 3732 tur,
950 3652 1122 3733 aperteque
1151 3651 1363 3733 cognoscant,
1398 3670 1465 3713 nou

209 3746 307 3815 solnm
324 3748 398 3816 haec
419 3749 490 3836 ipsa
512 3752 611 3835 pestis
625 3750 829 3834 Eutychiana
851 3754 1005 3835 quantum
1022 3749 1206 3816 Christiano
1228 3750 1372 3834 dogmati
1394 3773 1465 3835 pro·

208 3852 300 3919 aar
316 3851 450 3937 inimica,
474 3852 529 3917 sed
552 3855 689 3938 quantas
713 3850 793 3916 alias
815 3852 963 3917 haereses
986 3873 1102 3937 easque
1120 3852 1326 3938 gravissimas
1348 3854 1383 3917 in
1405 3874 1464 3918 sua

202 3955 356 4043 pravitate
375 3955 557 4022 contineat:
580 3954 673 4021 utin
695 3954 809 4040 quibus
830 3954 931 4019 foveis
954 3953 1147 4037 volutentur,
1171 3956 1204 4018 et
1226 3954 1260 4018 in
1275 3954 1359 4041 quod
1374 3977 1464 4039 prae·

200 4056 343 4143 eipifiurn
362 4057 612 4142 barathrumque
633 4060 832 4142 mergantur,
856 4057 1052 4142 intelligant.
1099 4056 1200 4121 Simul
1222 4059 1329 4121 autem
1351 4057 1378 4120 si
1400 4056 1464 4122 Eu·

197 4157 319 4249 tychea
349 4160 543 4226 haereticum
573 4163 712 4245 negant,
749 4159 938 4224 omnimodis
971 4158 1168 4242 publicatur,
1207 4158 1289 4242 quod
1321 4158 1393 4223 ideo
1426 4159 1464 4221 dc

192 4260 344 4331 omnibus
372 4262 594 4348 Eutychianae
621 4262 705 4345 pesti
738 4260 1047 4326 communicantibus
1080 4281 1249 4344 suppresso
1277 4261 1374 4324 veluti
1403 4257 1464 4322 hoc

191 4368 271 4455 ipo
290 4386 392 4431 errore
415 4353 625 4448 contendunt,
653 4366 690 4428 ut
711 4386 769 4428 nos
791 4385 848 4448 per
869 4363 982 4428 talium
1004 4362 1230 4447 riominum⁴⁸),
1260 4362 1344 4446 quod
1366 4359 1462 4443 absit,

191 4464 331 4537 insidias
352 4469 572 4553 captiosasque
593 4465 773 4531 tendicrdas
795 4466 830 4529 in
851 4463 1041 4549 Eutychetis
1064 4464 1225 4529 insaniam
1247 4463 1394 4528 nitantur
1415 4461 1463 4525 in-

265 4728 296 4793 ‘VJ
315 4724 388 4781 Editi
406 4737 432 4781 ct
447 4729 577 4796 perbene
593 4739 702 4795 pectam,
776 4733 845 4797 quod
864 4728 1005 4796 Eutyches,-
1023 4724 1195 4796 castigantur
1213 4741 1247 4778 ex
1264 4740 1328 4777 mss.

262 4813 295 4877 “J
315 4812 349 4864 (ι’
363 4810 395 4876 Q'
409 4808 445 4876 Q²
467 4816 601 4876 nominum,
625 4811 693 4867 editi
715 4817 843 4867 donatarum.
884 4811 1003 4880 Moxque
1025 4814 1054 4865 ιι*
1071 4814 1247 4881 computantur
1269 4805 1464 4876 corrigendum

191 4896 281 4954 inxit.

223 4999 386 5039 urrerem
400 5001 503 5041 ιιοιιιιι.
517 5002 632 5041 servir.
651 4989 672 5042 1.
1220 4988 1260 5047 26
