3412 5664
356 264 418 328 982
796 285 1048 333 anonumum
1070 285 1184 332 aaran

226 447 260 511 (a.
272 450 341 509 5³3¹.)
355 463 425 505 mus
448 438 486 501 de
509 437 574 518 his,
604 460 685 520 quae
712 440 844 501 fuerumt
871 438 1022 521 dicenda,
1054 440 1290 523 compendimn‚
1320 443 1422 527 ipsassp
1448 447 1529 527 potius
1548 453 1574 515 al

233 551 340 615 open.
356 539 576 606 instruendam
600 539 749 602 notitiam
772 544 926 623 vestram,
958 541 1074 625 quael)
1103 565 1122 604 a
1150 543 1242 620 nobis
1270 547 1347 607 sunt
1374 567 1506 628 respousa
1526 551 1575 615 diri·

357 648 481 727 gentes‘‚
506 664 546 704 ne
569 641 644 724 quid
668 641 728 704 sibi
751 643 809 705 sula
832 644 937 727 spatio
960 643 1168 725 prolixiorum
1184 648 1344 708 terrarum
1359 651 1414 710 aut
1427 650 1516 730 opinio
1531 654 1576 716 riu·

356 747 440 810 dicet
463 747 519 807 aut
541 765 628 806 error
651 747 803 826 assumat,
827 767 923 827 quum
947 745 1107 809 adrerum
1131 747 1224 809 tidem
1244 748 1347 830 ipsam
1363 753 1576 819 teneresulliciat

358 849 534 912 veritatem.

441 952 471 1011 33.
508 947 596 1022 (tried
621 952 727 1010 autern
750 949 790 1010 ad
814 949 1045 1011 continentiam
1068 952 1246 1013 vestrarum
1270 953 1410 1035 pertinet
1435 953 1576 1039 litteranm,

357 1050 499 1135 oportuit
521 1049 648 1132 quidem
671 1049 826 1113 ‹lesideria
849 1048 1010 1133 planiusss)
1034 1052 1191 1135 expediri,
1223 1056 1259 1116 ut
1282 1054 1455 1117 aestimatis
1473 1058 1577 1121 omnlm

358 1175 544 1236 responsum
576 1152 694 1215 rationi
731 1173 907 1235 congruum
940 1152 1134 1217 redderetur.
1187 1154 1250 1218 Sed
1283 1156 1359 1239 quia
1391 1157 1577 1242 privilegiorum

358 1260 500 1319 interum
523 1258 556 1317 et
578 1256 769 1316 statutorum
799 1255 1005 1335 paternorum
1033 1256 1194 1319 indidistis
1217 1256 1331 1320 iisdem
1354 1257 1464 1321 litteris
1488 1262 1579 1324 mentio·

359 1381 446 1437 nem,
484 1356 522 1418 ad
552 1354 724 1419 Salustium
753 1355 886 1418 fratrem
915 1359 947 1419 et
975 1358 1197 1441 coepiscopum
1230 1361 1376 1422 nostmm
1408 1362 1515 1443 superl)
1538 1363 1578 1425 hae

359 1463 448 1542 parte
488 1457 725 1540 1·cscripsimuS‚
773 1458 861 1521 vobis
900 1480 1023 1542 quoque
1062 1459 1216 1541 strictim,
1258 1482 1340 1543 quae
1378 1461 1460 1524 dicta
1491 1465 1578 1527 sunll'l

358 1561 464 1641 latine,
488 1559 681 1640 indicantes,
705 1581 764 1621 nec
787 1560 956 1643 privilegia
980 1584 1037 1624 nos
1059 1561 1186 1624 indulta
1209 1561 1389 1625 convellere
1410 1566 1440 1625 et
1460 1563 1521 1625 nihil
1534 1570 1578 1626 tan

358 1665 552 1725 couveniens
575 1660 647 1723 tidei
666 1660 822 1744 judicare,
846 1684 941 1745 quam
963 1665 1000 1725 ut
1022 1662 1056 1725 in
1079 1661 1200 1725 honere
1223 1685 1280 1726 suo
1302 1688 1322 1726 a
1341 1664 1578 1747 patribusdccnta

358 1766 534 1827 serventur.
580 1762 666 1826 Deus
689 1766 795 1826 autem
817 1785 872 1827 vos
893 1763 1069 1827 incolumes
1092 1764 1261 1846 custodiat,
1286 1765 1404 1829 fratres
1427 1767 1559 1829 carissimi!

788 1911 795 1924 ’
846 1933 1027 2036 Epistola
1055 1933 1133 2016 144.

207 2088 344 2218 ‹eph-'rtipp
418 2085 627 2152 llormisdae
652 2103 761 2169 papae
784 2087 826 2150 ud
849 2085 1093 2170 Epiphaniam
1117 2086 1537 2170 Corrstantinopolitanun.

395 2228 425 2276 In
448 2227 535 2288 Elide,
559 2226 665 2275 ‘I'lrornnc
683 2235 708 2275 el
728 2227 870 2276 Nicostrati
885 2227 1048 2289 serscipienda
1067 2227 1236 2276 conmunione
1255 2243 1286 2275 ne
1304 2243 1398 2277 neuram
1416 2229 1480 2275 ullane
1494 2235 1555 2291 prael.
1584 2245 1595 2293 p
1608 2232 1631 2277 12⁴

511 2357 719 2422 llormisda
756 2356 984 2441 Epiphanio
1028 2358 1214 2443 episeopo
1251 2356 1580 2443 Constantinopoli·

605 2462 707 2524 tane.

444 2563 638 2645 Oportuerat
665 2561 792 2645 quidem
824 2562 1062 2626 fraternitatem
1095 2566 1186 2626 tuam
1223 2562 1324 2626 divim
1361 2563 1581 2648 contemplat-ione

355 2664 468 2748 judicii
492 2668 586 2747 atque
610 2664 754 2728 caritatis
777 2668 906 2728 nestrae
927 2667 1073 2747 respectu
1096 2664 1213 2743 Ehem,
1241 2664 1399 2729 'l'lromam
1420 2670 1503 2750 atque
1519 2662 1581 2728 lira

360 2770 496 2829 stratum
518 2767 634 2829 fratres
658 2769 690 2829 ot
713 2766 915 2850 coepiscopos
937 2770 1074 2850 nostros,
1099 2770 1268 2851 postquam
1287 2767 1318 2830 in
1337 2768 1582 2836 consortimnceu·

362 2868 522 2931 numionis
539 2870 667 2931 nostrae
683 2868 870 2950 recepimus
895 2869 934 2932 ad
951 2868 1059 2932 divina
1073 2873 1180 2933 tecum
1191 2870 1214 2953 ¹)
1238 2870 1392 2952 mysteria
1406 2870 1584 2933 incunctanter

361 2970 544 3052 admittere,
578 2973 673 3053 atque
703 2970 743 3032 ad
771 2969 920 3033 ecelesias
949 2992 1039 3053 suaS,
1070 2993 1089 3034 a
1116 2971 1231 3055 quibus
1259 2993 1313 3034 eos
1341 2971 1506 3035 discordiae
1527 2987 1586 3032 error

361 3072 556 3155 excluserat,
579 3094 637 3154 pro
659 3071 747 3154 pacis
770 3075 898 3135 nostrae
920 3072 1120 3156 plenitudine
1142 3093 1307 3136 revocare:
1330 3077 1367 3136 ut
1389 3073 1504 3155 unitas,
1522 3090 1588 3154 quau

363 3179 434 3257 post
457 3195 613 3236 annorum
636 3175 736 3236 multa
760 3174 916 3237 curricula
938 3196 995 3258 per
1017 3177 1120 3238 tetum
1143 3174 1251 3239 orbem
1274 3174 1340 3238 suis
1363 3174 1449 3238 Deus
1472 3175 1591 3237 restaure-

364 3276 409 3338 eit
431 3276 590 3357 eeclesiis,
621 3274 709 3339 nulla
731 3276 932 3339 volmrtaturn
955 3278 1136 3340 nostranmr
1159 3276 1313 3340 distantia
1336 3277 1517 3340 laederetur.
1553 3270 1595 3335 sel

362 3378 436 3460 (pria
458 3400 524 3441 rem
547 3381 614 3440 tam
637 3381 765 3460 gratam
787 3381 820 3441 et
841 3380 970 3460 patrum
992 3378 1122 3441 statutis
1145 3377 1382 3442 venerabilibus
1403 3380 1600 3463 congruentem

361 3479 550 3563 quibusdam
572 3479 778 3542 tarditatibus
802 3479 938 3562 contigit
961 3500 1167 3563 nuncusque
1190 3480 1326 3562 differri,
1357 3480 1442 3545 unde
1469 3476 1605 3544 etiamad

235 3613 276 3664 pp.
297 3602 349 3646 roes
365 3583 559 3645 decessorem
583 3581 797 3644 fraternitatis
825 3584 899 3643 tuae
928 3603 986 3644 nos
1015 3580 1179 3664 scripsisse
1210 3581 1431 3646 meminimus:
1460 3583 1610 3659 hortamen,

429 3738 450 3800 s¹)
469 3735 512 3787 Ita
529 3734 555 3786 J¹
568 3734 604 3787 ΚἹ
618 3738 643 3788 Γ
654 3734 700 3786 0¹⁰
712 3732 740 3785 il.
772 3735 788 3801 β
806 3739 899 3800 ipsum,
918 3732 945 3785 J²
959 3749 993 3785 ec
1011 3739 1068 3800 ipsi.
1099 3732 1163 3787 Mox
1181 3732 1217 3786 Κ3
1232 3738 1257 3787 Γ
1267 3734 1314 3786 0¹¹¹
1332 3739 1370 3786 ad
1386 3741 1537 3788 struendam,

430 3822 450 3881 ⁷)
468 3818 509 3870 Ex
528 3817 656 3887 epistola,
680 3835 764 3885 quarn
787 3816 907 3871 Isidorus
926 3817 1079 3871 Marcellini
1096 3817 1207 3872 nomine
1225 3819 1371 3880 confinxit,
1391 3837 1457 3873 curn
1475 3819 1520 3873 lrio
1536 3820 1623 3889 legiss-

364 3901 502 3971 colligitur
521 3923 585 3971 pnoe
604 3906 687 3963 notis,
711 3903 743 3954 ut
764 3901 792 3954 in
811 3904 827 3970 β
845 3901 936 3971 prima
954 3919 1045 3955 manu.
1082 3902 1123 3956 Ex
1143 3902 1284 3957 veteribus
1302 3903 1480 3958 collectionis
1500 3906 1627 3976 Hispanae

365 3994 394 4040 ut
412 3990 440 4040 ct
457 3987 555 4042 Isidori
573 3986 662 4051 libris,
685 3986 713 4039 in
737 3986 837 4054 quibus
861 3985 987 4055 superior
1004 3986 1169 4041 Hormisdae
1186 3987 1223 4041 ad
1239 3987 1434 4056 Epiphaniam
1457 3991 1572 4059 epistola
1592 3999 1630 4044 ru

365 4071 505 4139 proximae
525 4071 648 4139 ejusdem
667 4072 704 4124 ad
721 4071 871 4125 Salustium
889 4071 1091 4140 praemittitur,
1114 4072 1187 4125 hunc
1205 4090 1309 4140 papam
1334 4073 1364 4125 id
1388 4075 1469 4141 quod
1488 4076 1627 4146 Epiphani‘

365 4158 419 4210 illic
438 4156 587 4225 respondet
605 4159 715 4222 notare,
737 4174 769 4210 ae
788 4156 948 4225 praedictae
971 4156 1106 4225 epistolae
1126 4163 1170 4209 141
1191 4157 1335 4225 exemplar
1355 4158 1393 4212 ad
1412 4160 1548 4215 Baeticos
1565 4163 1628 4215 desti

364 4260 443 4294 ncesse
466 4241 662 4309 conjectamus.
702 4241 783 4296 Unde
806 4257 975 4309 consequens
998 4245 1052 4304 est,
1077 4244 1108 4295 ut
1130 4241 1200 4296 haee
1216 4242 1253 4295 ad
1271 4242 1407 4298 Baeticos
1428 4249 1460 4300 et
1478 4247 1528 4301 illa
1547 4248 1583 4303 ad
1598 4248 1631 4301 Sa

364 4327 477 4381 lustimn
495 4344 551 4380 non
570 4324 650 4378 eitius
668 4342 763 4379 mense
781 4325 870 4394 Aprili
888 4325 954 4380 anni
972 4333 1018 4379 521
1040 4326 1197 4396 conscripta
1213 4325 1276 4380 sint.

432 4415 451 4477 ⁸)
471 4411 514 4464 lta
532 4413 549 4478 β
564 4415 588 4464 Γ
598 4411 644 4463 0¹¹⁵
655 4410 683 4463 i².
714 4411 756 4464 Al.
775 4416 874 4478 plenius
892 4416 1018 4479 expedire
1037 4411 1072 4477 (Μ
1092 4414 1232 4481 expediri).

432 4500 452 4557 υ)
470 4496 496 4547 .l¹
511 4496 538 4547 ,Ι2
551 4500 573 4547 e¹
594 4512 650 4561 seq.
670 4500 714 4547 sut
732 4501 780 4549 dcc
797 4506 887 4564 porta·
907 4492 1085 4564 corriguntur
1104 4514 1137 4550 ex
1154 4495 1253 4552 iisdem
1271 4513 1339 4550 mss.
1360 4501 1392 4552 et
1411 4499 1444 4553 i².

435 4585 464 4646 ¹⁴¹)
483 4582 526 4634 lta
543 4582 568 4634 d'
584 4583 600 4649 β
615 4579 683 4647 FF,
702 4580 753 4633 nisi
771 4581 846 4648 quod
864 4580 884 4633 l*²
903 4586 973 4635 erotis·
991 4584 1097 4643 indulta.
1134 4580 1175 4634 Al.
1194 4592 1252 4634 aunt
1270 4587 1323 4635 illis
1342 4590 1425 4637 larius
1444 4593 1526 4642 iuriic.
1542 4611 1572 4643 ne
1590 4598 1629 4657 pri

366 4671 436 4718 nolas
456 4666 561 4732 (..1²no.s)
581 4670 632 4718 tad.
652 4673 828 4719 concederent.
858 4668 898 4719 Ac
916 4683 981 4720 vero
1000 4664 1149 4719 Hormisda
1166 4664 1194 4717 in
1206 4665 1331 4735 epistola
1350 4672 1500 4739 superiori
1519 4692 1575 4728 uon
1595 4694 1631 4744 pn

367 4752 427 4818 pria
444 4751 492 4802 sed
512 4749 628 4803 aliorum
646 4749 794 4820 privilegia
811 4749 915 4804 serrari
934 4752 1019 4805 curat.

369 4842 415 4887 l-ll
454 4839 472 4902 ¹)
492 4835 557 4888 bec
576 4834 663 4889 omitt.
684 4847 775 4905 tecam,
800 4851 918 4904 moxque
937 4835 970 4888 G¹
995 4846 1053 4903 post
1077 4856 1148 4905 parcen
1167 4856 1290 4890 ursaonae
1381 4848 1457 4896 rende
1483 4865 1551 4899 nunc
1574 4853 1631 4899 σόα
