3412 5664
294 285 335 350 78
660 300 795 348 monins
818 299 972 346 euasura
993 299 1030 345 ru
1052 297 1192 347 onnasrr

294 460 510 534 llierapolitanus
534 460 567 515 ad
587 461 711 515 Acacium
731 460 905 517 Benacensem
927 461 1082 534 episcopum
1104 457 1225 514 scribens
1247 457 1317 532 apud
1338 457 1476 513 baluzium
1496 473 1554 514 nov.

294 546 356 603 coll.
374 563 449 602 cone.
466 563 528 621 pag.
539 546 599 603 763
615 545 650 607 id,
666 545 739 619 quod
754 547 841 620 primo
856 544 1045 618 allegationem
1057 552 1173 607 vocarat,
1188 551 1284 618 postea
1294 551 1399 601 tomam
1409 550 1554 617 nuncupat.

294 631 348 688 Nec
363 631 414 687 alio
435 632 548 688 forsitan
567 631 707 687 intellectu
728 630 842 705 cyrillus
858 629 928 704 apud
943 630 1125 686 coelestinum
1142 628 1248 703 epist.8
1264 628 1319 686 n.9
1343 635 1433 686 tomos
1452 629 1557 684 misisse

294 733 324 772 se
345 718 464 779 nuntiat,
486 715 582 790 quibus
602 725 726 789 excerpta
746 716 918 772 Nestorianae
939 714 1076 771 docuinae
1097 713 1213 789 capitula
1238 713 1456 771 continebantur.
1501 712 1560 769 lluc

294 810 411 876 spectat,
433 801 506 876 quod
527 803 555 859 in
570 801 780 858 calchedonensi
801 801 915 857 coneilio
930 810 981 857 act.
997 800 1036 858 16
1048 799 1140 873 (Hand.
1157 799 1176 856 l.
1193 818 1217 856 c.
1233 799 1264 862 ll.
1281 797 1354 872 639)
1375 808 1403 856 ct
1418 799 1560 855 decretum

294 890 322 943 in
338 889 450 962 gratiam
465 889 556 960 regiae
572 885 644 942 urbis
660 889 781 960 proniore
796 886 897 942 editum
913 893 1004 943 tomus
1018 886 1179 960 appellatur.
1215 885 1368 941 Generatim
1389 892 1480 941 autem
1496 882 1560 941 Plri-

296 973 381 1029 lotlrei
401 973 566 1046 patriarchae
585 973 720 1028 sententia
740 989 771 1028 ac
790 970 948 1027 definitione
969 970 1069 1046 aliquid
1089 964 1199 1042 τόμος
1221 977 1357 1041 uocatur,
1379 971 1459 1044 quod
1475 973 1506 1026 in
1526 984 1561 1025 re

295 1051 532 1131 συντετμημένως
554 1058 585 1114 id
609 1065 651 1114 est
674 1061 780 1129 paneis
806 1057 901 1114 verbis
920 1063 1088 1113 enarretur.
1128 1054 1199 1124 Quae
1226 1064 1363 1130 postrema
1391 1056 1469 1112 notio
1496 1054 1562 1111 huic

294 1145 405 1218 scripto,
421 1151 517 1217 utpote
532 1144 698 1218 argumentis
714 1143 828 1199 concisis
843 1143 987 1204 constanti,
1003 1159 1058 1199 nou
1074 1142 1142 1198 male
1153 1142 1290 1216 congruit.
1312 1140 1353 1196 Ad
1364 1140 1485 1197 litteram
1495 1156 1562 1197 vero

295 1228 365 1285 idenr
381 1236 424 1285 est
439 1237 543 1291 tomus.
559 1227 632 1303 quod
648 1232 745 1285 sectio.

381 1331 409 1388 3.
432 1329 509 1398 Quod
525 1340 613 1387 autem
629 1332 701 1387 hunc
717 1337 858 1386 tractatum
868 1329 992 1387 Nicolaus
1004 1329 1015 1384 l
1029 1331 1057 1386 in
1072 1330 1152 1385 citata
1166 1327 1281 1404 epistola
1296 1335 1400 1387 tomum
1414 1330 1457 1386 ad
1465 1331 1564 1386 orien-

297 1421 370 1474 tales
384 1420 535 1489 episcopos
550 1424 647 1478 uocat.
665 1416 716 1472 hoe
730 1417 766 1472 ita
781 1424 823 1471 est
838 1414 1058 1490 intelligendum,
1081 1421 1181 1471 utnon
1197 1413 1229 1470 ad
1245 1413 1395 1471 orientales
1410 1415 1497 1489 ipsos,
1512 1413 1564 1471 sed

296 1510 408 1578 propter
423 1501 567 1558 orientales
582 1503 751 1574 conscriptus
766 1502 811 1557 sit.
843 1499 1046 1557 Commonitorii
1061 1501 1162 1573 potius.
1179 1499 1252 1575 quod
1267 1499 1363 1574 legatis
1378 1501 1406 1556 in
1421 1498 1563 1556 Oriente·

297 1589 385 1644 missis
400 1587 514 1650 dederit.
526 1589 642 1663 speeiem
656 1603 721 1661 prae
735 1603 765 1641 se
780 1585 843 1642 lert.
881 1582 966 1643 llietio
981 1585 1039 1656 ejus
1055 1602 1110 1641 uon
1125 1587 1191 1641 satis
1206 1592 1337 1648 accurata,
1353 1592 1450 1659 utpote
1465 1586 1493 1641 in
1509 1600 1565 1659 qua

297 1690 352 1730 uon
372 1672 438 1728 nilril
458 1672 594 1729 interdum
615 1681 660 1728 aut
681 1670 816 1727 abundare
831 1681 877 1728 aut
892 1671 988 1727 deesse
1003 1671 1138 1734 videatur,
1160 1671 1288 1727 lestinato
1308 1670 1437 1727 dictatum
1458 1670 1563 1745 arguit

297 1757 336 1812 Ob
351 1765 572 1832 argumentorum
588 1766 676 1815 tamen
690 1772 802 1813 acumen
817 1756 982 1813 elaboratum
998 1773 1066 1831 opus
1082 1756 1161 1813 fateri
1175 1772 1345 1831 cogeremur.
1361 1757 1413 1812 nisi
1424 1754 1565 1812 Gelasium

296 1845 323 1900 in
339 1860 372 1899 eo
388 1845 513 1918 negotio,
536 1842 609 1917 quod
625 1850 735 1904 tractat.
755 1841 863 1898 assiduo
884 1841 977 1915 labore
989 1841 1044 1914 jam
1059 1843 1233 1898 exercitatum
1249 1843 1388 1898 sciremus.
1419 1839 1566 1917 lntegrum

297 1946 351 1985 non
368 1945 428 1985 esse
443 1930 600 2002 praesertim
614 1930 642 1984 iu
657 1928 734 1984 initio
750 1927 851 1983 num2
868 1927 1016 2002 colligitur.

380 2030 410 2086 4.
438 2030 545 2105 Triplex
559 2031 587 2086 in
603 2046 636 2086 eo
649 2028 822 2086 Orientalium
834 2028 969 2100 objectum
985 2029 1108 2085 diluitur.
1135 2029 1220 2086 Antea
1235 2028 1344 2104 quidem
1360 2030 1387 2085 lri
1403 2027 1566 2101 objecerant

297 2117 419 2172 Acacium
440 2115 541 2189 absque
560 2116 665 2190 synodo
686 2115 804 2171 damnari
824 2115 897 2171 nulla
918 2116 1021 2171 ratione
1040 2115 1172 2189 potuisse.
1204 2113 1258 2171 Sed
1278 2122 1421 2189 postquam
1438 2114 1567 2171 Gelasius

296 2203 375 2275 epist.
389 2200 429 2258 26
444 2202 568 2257 Acacium
583 2199 806 2258 Calchedoneusis
821 2201 918 2275 synodi
932 2202 1066 2256 sententia
1082 2197 1227 2256 obnoxium
1243 2201 1388 2265 exstitisse,
1403 2208 1487 2275 atque
1498 2216 1568 2275 apo·

295 2287 417 2343 stolicun
439 2286 529 2342 sedern
552 2295 654 2342 tantuna
674 2286 771 2360 synodi
792 2286 871 2358 liujus
893 2286 1084 2342 exsecutricem
1106 2284 1189 2341 luisse
1204 2284 1431 2349 demonstrasset.
1459 2286 1567 2343 instare

295 2381 457 2446 coeperunt,
474 2371 573 2428 irustra
588 2371 761 2446 apostolicam
777 2372 869 2428 sedem
883 2389 944 2427 sese
959 2369 1184 2427 Galclredonensis
1199 2370 1297 2445 synodi
1308 2370 1441 2427 vindicem
1448 2369 1567 2442 jactare,

296 2474 376 2531 quam
391 2475 423 2513 er
438 2463 514 2532 parte
528 2465 683 2531 respueret:
704 2465 750 2513 aut
765 2459 835 2513 enim
851 2474 908 2514 earn
920 2474 952 2512 en
964 2465 1023 2513 toto
1036 2464 1081 2512 aut
1093 2455 1169 2512 nullo
1183 2465 1263 2530 pacto
1278 2455 1471 2513 admittendam
1486 2472 1566 2519 essm

296 2542 375 2598 simul
392 2544 471 2599 etiam
486 2541 519 2598 de
533 2543 674 2616 iniquitate
689 2543 839 2599 sententiae
855 2542 982 2598 adversus
998 2543 1121 2599 Acacium
1137 2540 1273 2616 prolatae,
1295 2558 1348 2616 qua
1368 2557 1510 2616 nunquam
1531 2539 1567 2597 ab

296 2628 463 2685 anathemate
484 2628 622 2684 eruendus
643 2627 794 2689 dicebatur.
815 2629 1032 2702 expostularunt.
1068 2627 1177 2683 llemum
1198 2627 1267 2705 hanc
1281 2628 1443 2683 sententiam
1459 2625 1566 2683 nullam

296 2730 356 2770 csse
371 2713 529 2778 voluerunt,
551 2721 647 2787 utpote
662 2730 715 2787 qua
729 2714 840 2769 Aeacius
856 2713 890 2769 ob
904 2714 997 2768 initam
1020 2730 1081 2769 eum
1095 2711 1176 2768 Petro
1191 2712 1326 2791 haeretico
1341 2713 1565 2769 communionem

297 2799 436 2856 damnatus
452 2799 547 2863 luerit,
570 2815 650 2873 quem
670 2816 730 2854 eum
752 2797 846 2855 eodem
861 2797 942 2855 l‘etro
957 2800 1066 2854 nonnisi
1080 2806 1223 2872 postquam
1238 2797 1436 2854 ahsolutionem
1451 2798 1566 2871 praesia

297 2885 463 2958 poenitentia
476 2886 633 2947 meruisset.
650 2885 861 2941 communicasse
877 2883 1084 2941 contendebant.
1116 2882 1202 2939 Porro
1218 2900 1251 2940 es
1266 2884 1308 2940 liis
1324 2882 1418 2954 tribus,
1436 2899 1508 2958 quae
1523 2882 1565 2939 illi

297 2969 500 3041 objiciebantur,
516 2971 632 3044 primurn
647 2978 854 3044 acpostremum
866 2971 968 3045 paucis,
984 2969 1101 3026 medium
1116 2985 1179 3025 vero
1194 2968 1317 3043 pluribus
1332 2970 1360 3024 iu
1375 2969 1427 3024 lroc
1442 2975 1565 3025 tractatu

296 3055 410 3121 refellit,
427 3056 543 3131 indeque
558 3054 632 3112 velut
647 3073 661 3111 a
677 3057 818 3129 praecipua
833 3065 909 3130 parte
925 3055 1021 3112 titulus
1036 3056 1061 3111 ei
1076 3056 1111 3112 de
1123 3056 1315 3111 anathematis
1329 3056 1442 3111 uinculo
1456 3052 1565 3110 inditus

297 3151 347 3197 est.
378 3141 450 3198 ldem
466 3150 654 3216 argumentum
669 3141 789 3198 Gelasius
804 3141 854 3198 sub
870 3140 971 3205 Felice,
993 3148 1024 3196 ut
1045 3139 1114 3215 apud
1131 3157 1193 3196 eum
1208 3142 1287 3215 epist.
1302 3138 1342 3196 14
1356 3139 1485 3203 vidimus,
1504 3137 1565 3211 jam

298 3234 437 3291 tractarat;
453 3227 593 3283 decadem
609 3227 680 3283 rein
695 3228 779 3301 ipsius
795 3227 920 3300 epist.18
936 3243 1043 3282 rursum
1059 3225 1209 3282 disseritur.

208 3337 284 3408 [Ed]
383 3328 412 3385 5.
432 3328 485 3385 Sed
500 3328 628 3386 hocloco
644 3329 722 3384 ctiam
736 3329 850 3385 aliorum
866 3330 983 3385 virorum
998 3328 1142 3385 doctorum
1156 3330 1303 3385 sententias
1315 3327 1348 3396 de
1358 3329 1414 3385 isto
1425 3328 1565 3403 opusculo

298 3412 411 3484 adjicere
426 3431 481 3470 non
497 3430 722 3486 supervacaneum
738 3415 798 3470 erit.
821 3412 907 3482 Quum
922 3417 1006 3490 igitur
1021 3414 1208 3471 Tillemoutius
1223 3415 1251 3471 in
1267 3415 1318 3470 vita
1335 3412 1474 3487 Euplremii
1488 3414 1565 3471 Gou-

297 3499 528 3571 stantinopolitani
542 3498 609 3554 illud
625 3500 651 3555 in
667 3498 776 3555 dubium
792 3508 882 3564 vocat,
904 3510 962 3557 turn
977 3500 1094 3556 marchio
1109 3499 1227 3570 llallejus
1242 3501 1271 3556 in
1285 3498 1476 3574 supplemento
1491 3501 1564 3556 Aca·

297 3585 373 3639 ciano
388 3583 458 3639 idem
473 3585 543 3640 nihil
560 3584 655 3657 ferme
670 3587 826 3642 aliudesse
840 3587 890 3648 ait.
912 3605 998 3660 qnam
1019 3593 1167 3644 centonem
1187 3601 1227 3643 ea
1246 3588 1368 3643 dicerem
1384 3584 1566 3659 fragmentis

295 3671 482 3726 librariorum
498 3673 562 3727 uitio
578 3676 756 3742 contentum,
777 3688 827 3727 nec
846 3672 904 3745 ipsa
925 3673 989 3728 lraec
1003 3672 1153 3747 fragmenta
1168 3670 1266 3727 Gelasii
1281 3687 1342 3727 esse
1357 3669 1428 3728 haud
1443 3669 1563 3727 obscure

297 3756 393 3811 innuit.
416 3755 530 3812 Sensum
545 3756 617 3811 enim
632 3763 712 3829 urget
726 3755 871 3812 identidem
888 3774 947 3813 esse
963 3756 1114 3831 abruptum,
1129 3756 1179 3812 alia
1194 3754 1230 3812 ibi
1245 3756 1278 3812 ad
1293 3756 1351 3827 ejus
1367 3764 1562 3831 argumentum

298 3841 405 3896 minime
425 3842 562 3915 pertinere
584 3849 612 3897 et
631 3841 718 3897 lrusta
737 3841 848 3898 alterius
868 3844 962 3917 scripti
982 3843 1093 3899 dicenda
1114 3858 1184 3899 esse.
1219 3840 1320 3898 beinde
1339 3840 1412 3897 illam
1433 3840 1562 3915 opusculi

297 3926 373 3999 quasi
388 3942 517 3982 summam
532 3928 661 4000 arripiens
677 3945 881 4002 nunquamque
899 3928 1091 3985 anathematis
1108 3930 1230 3985 maculis
1246 3928 1409 3984 exuendam
1423 3927 1562 3989 Acacium.

296 4028 354 4067 eam
365 4011 531 4085 superfluam
547 4014 656 4068 omnino
671 4013 768 4073 Gelasii
783 4030 873 4069 curam
888 4015 1004 4070 laturam
1020 4014 1103 4070 luisse
1118 4013 1240 4075 advertit.
1255 4021 1400 4087 postquam
1411 4010 1485 4067 rem
1499 4013 1562 4087 ipsc

295 4098 322 4153 io
338 4098 450 4171 epistola
465 4115 514 4153 sua
528 4097 634 4170 (Golasii
646 4099 786 4181 vistulam
800 4099 816 4155 1
834 4098 908 4172 dicit)
923 4099 950 4155 id
962 4098 1017 4170 ianr
1032 4099 1137 4156 abunde
1148 4100 1293 4172 praestitit.
1323 4098 1378 4154 Nee
1391 4095 1576 4163 credendum.

259 4231 263 4243 .
296 4182 382 4246 aldit,
399 4182 533 4239 Gelasium
548 4184 617 4239 lianc
631 4183 815 4241 delensionem
830 4184 988 4249 adornasse,
1011 4185 1173 4241 validissimo
1189 4176 1349 4259 argumento
1364 4199 1380 4238 a
1394 4181 1489 4239 Felicis
1505 4183 1561 4239 sci·

296 4268 358 4325 licot
377 4270 511 4325 sententia
530 4270 567 4325 ita
585 4271 758 4342 pronuntiata
778 4279 869 4326 sumto
883 4287 1021 4345 nunquam
1036 4270 1161 4327 adducto.
1191 4269 1320 4326 Similiter
1334 4267 1404 4325 leand
1419 4265 1560 4333 credibile,

296 4353 389 4411 abillo
412 4353 516 4410 easdem
530 4355 659 4428 loquendi
674 4355 803 4413 formulas
819 4364 995 4430 tenoremque
1010 4356 1140 4413 orationis
1155 4373 1186 4411 ae
1199 4356 1255 4412 stili
1269 4354 1394 4412 eumdem
1407 4351 1560 4411 adhibitum

295 4457 370 4506 esse,
386 4439 460 4496 nulla
476 4457 593 4515 unquam
608 4439 703 4497 Felicis
719 4443 855 4498 mentione
870 4442 948 4499 iacta.

381 4527 410 4584 6.
440 4525 480 4581 Ad
494 4528 609 4600 primum
625 4526 732 4600 quidem
743 4525 799 4597 jam
815 4527 947 4584 ballerinii
962 4527 996 4584 do
1010 4529 1112 4603 antiqu.
1128 4527 1235 4585 collect.
1252 4526 1327 4583 latin.
1343 4524 1400 4601 p.Il
1415 4541 1439 4582 c.
1449 4525 1485 4581 11
1504 4525 1559 4598 34

295 4613 466 4687 sagacissime
481 4612 693 4687 responderunt,
710 4612 782 4685 quod
798 4613 842 4669 lrie
856 4630 992 4688 apponere
1002 4612 1089 4685 juvat.
1117 4615 1229 4687 Nepari
1241 4615 1354 4687 quidem
1363 4615 1469 4687 nequit,
1484 4616 1560 4685 qnia

295 4700 350 4755 hoe
365 4701 534 4772 opuseulum
545 4705 667 4771 practer
681 4699 835 4770 abruptum
849 4703 958 4756 initium
972 4702 1114 4774 quaedam
1129 4705 1283 4771 contineat,
1299 4714 1376 4773 perae
1386 4713 1479 4772 acqua
1489 4714 1560 4755 cam

297 4787 376 4841 titudo
391 4787 426 4841 de
441 4786 633 4842 anathematis
646 4788 758 4841 uinculo
773 4800 866 4858 nepae
881 4804 945 4844 cnm
960 4789 1073 4860 reliqna
1089 4790 1220 4844 oratione
1235 4787 1395 4843 cohaerere
1410 4785 1558 4842 videntur.

297 4870 423 4928 Narraero
442 4875 493 4929 let
508 4876 525 4926 2
538 4873 573 4928 de
588 4872 711 4928 decretis
723 4871 1001 4929 Calchedonensibas
1015 4877 1119 4947 agitor,
1135 4890 1211 4947 qaae
1226 4875 1269 4930 aei
1285 4875 1378 4929 onmia
1390 4871 1559 4947 probanda,
