3412 5664
642 325 836 378 1111111111
861 315 932 374 121.
958 316 1028 374 122.
1407 311 1470 380 925

203 480 379 568 apostolica
399 480 489 546 sedes
512 480 728 546 condemnans
754 482 789 545 in
811 481 910 546 sacris
932 479 1092 567 diptychis
1114 502 1180 544 non
1202 480 1336 545 recitare
1359 481 1467 567 jussit,
1482 497 1574 548 1520.

203 605 258 650 111
279 606 341 650 nec
363 605 423 670 ego
444 584 531 649 inter
558 605 648 648 sacra
675 583 759 649 facio
780 583 940 649 nominari
966 583 1127 669 mysteria.
1172 580 1242 647 Hoc
1270 587 1377 649 autem
1404 587 1470 672 etl)

200 685 254 752 his
275 688 389 752 notum
411 689 475 770 est,
504 685 558 771 qui
580 707 599 749 1
625 685 715 750 vobi‘s
743 689 820 751 sunt
842 685 956 754 directi
983 686 1042 751 1111
1069 686 1339 770 reverendissimi,
1367 686 1472 752 idest

202 787 364 855 Germano
386 788 587 854 sanctissimo
610 788 758 873 episcopo
767 789 823 874 ¹⁰),
852 787 951 854 Felici
977 792 1011 854 et
1032 788 1184 854 Dioscoro
1206 788 1407 873 diaconibus,
1439 792 1472 854 et

199 889 330 959 Blando
352 891 548 976 presbytero,
572 890 626 976 qui
649 889 822 955 efficaciter
845 891 1030 977 exsecuti¹¹)
1053 894 1130 955 sunt
1151 913 1197 975 ea,
1224 913 1305 976 quae
1327 891 1373 956 eis
1395 896 1472 955 sunt

200 1015 222 1060 a
244 993 335 1060 vobis
356 993 514 1078 injuncta.
552 992 631 1058 Oret
644 992 745 1077 igitur
766 996 872 1058 vestra
894 993 1050 1058 sanctitas
1065 996 1133 1058 tam
1154 1014 1212 1080 pro
1233 1015 1284 1058 me
1302 1014 1399 1077 quam
1413 1015 1471 1077 pro

200 1095 358 1181 subjectis
384 1095 464 1160 meis
492 1094 726 1178 sacerdotibus,
757 1098 793 1159 11
820 1100 974 1180 perpetue
1001 1096 1233 1179 custodiamur,
1261 1099 1383 1159 rectam
1410 1094 1471 1159 Dei

199 1200 351 1263 tenentes
375 1197 622 1281 confessionem
651 1196 798 1262 similiter
819 1201 852 1263 et
873 1218 931 1282 pro
958 1197 1160 1264 serenissimo
1186 1198 1333 1283 principe
1360 1200 1471 1262 nostro

201 1301 236 1365 et
257 1321 317 1384 pro
339 1286 613 1366 0111111111111111111
627 1298 787 1384 Augusta,
811 1300 885 1385 quia
907 1321 1016 1364 eorum
1038 1299 1123 1365 salus
1146 1300 1322 1365 communis
1344 1301 1471 1364 sancta·

200 1422 274 1466 rum
296 1401 412 1486 ubique
434 1405 484 1467 est
505 1401 707 1467 ecclesiarum
730 1401 933 1486 profuturum
960 1402 1205 1467 firmamentum.
1250 1400 1350 1466 Istam
1370 1400 1472 1486 igitur

200 1502 345 1590 nobis¹²)
367 1502 560 1569 habentibus
576 1502 800 1587 intentionem,
823 1503 912 1569 nullo
926 1504 1020 1569 modo
1037 1504 1107 1589 jam
1125 1504 1236 1569 licebit
1250 1506 1396 1568 sanctam
1411 1501 1471 1568 Dei

201 1604 373 1671 dilacerari
399 1604 593 1690 Ecclesiam,
623 1605 844 1691 pergratiam
872 1606 975 1671 sancti
1001 1604 1139 1690 Spiritus
1168 1609 1200 1670 et
1226 1605 1471 1671 intercessiones

202 1709 337 1773 11111111
358 1729 396 1773 11
417 1707 575 1794 gloriosae
597 1707 657 1772 Dei
680 1708 848 1794 genitricis
869 1707 1004 1794 virginis
1026 1706 1158 1773 Mariae.
1204 1707 1341 1773 Omnem
1362 1729 1470 1792 quam-

203 1831 330 1895 cunque
351 1813 493 1875 vestram
512 1810 751 1875 fraternitatem
773 1832 833 1897 ego
855 1831 978 1896 quoque
1006 1813 1039 1874 et
1063 1809 1126 1876 mei
1152 1810 1326 1894 plurimum
1353 1808 1471 1874 saluta-

202 1932 282 1977 mua
320 1916 362 1976 Et
382 1919 446 1977 alic
468 1932 577 1977 mona:
599 1910 772 1977 Incolumis
793 1912 829 1977 in
843 1911 981 1977 Domino
1003 1932 1058 1976 ora
1072 1933 1131 1997 pro
1145 1911 1248 1996 nobis,
1257 1909 1333 1976 'Dei
1348 1914 1472 1975 amator

202 2013 407 2079 1111111111111
428 2013 544 2113 irater!
579 2013 725 2099 Accepta
745 2011 807 2080 XV
822 2013 979 2080 Calendas
995 2013 1154 2098 Octobris,
1177 2013 1311 2079 Rustico
1326 2014 1393 2079 1111
1409 2013 1471 2079 cla

201 2113 330 2181 rissimo
352 2115 490 2182 consule.

699 2253 882 2357 Epistola
907 2254 983 2338 122.

491 2403 703 2473 Hormisdac
725 2422 836 2490 papae
858 2405 902 2471 ad
923 2405 1061 2489 legatos
1082 2421 1176 2471 suos.
1483 2404 1605 2529 qpapup.

295 2545 336 2595 Ile
353 2548 549 2605 consauciare,
567 2546 738 2613 reintegratis
755 2563 786 2597 ac
804 2562 874 2598 mora
891 2562 961 2596 suam
979 2547 1017 2596 eis
1033 2546 1225 2597 solicitudinem
1241 2546 1377 2610 significat.

358 2660 567 2727 Hormisda
587 2661 770 2748 legatis¹)
793 2662 884 2726 suis.

290 2779 354 2845 Ita'
367 2801 425 2845 nos
452 2780 682 2846 incolumitatis
711 2783 743 2845 et
769 2785 898 2846 actuum
924 2783 1101 2846 vestrorum
1133 2802 1208 2846 cura
1234 2780 1401 2865 sollicitat,
1434 2783 1471 2845 ut

202 2882 350 2967 quamvis
370 2882 591 2968 frequentibus
614 2882 832 2949 occasionibus
853 2904 919 2948 non
939 2883 1231 2969 praetermittamus
1250 2881 1381 2968 hortari,
1405 2904 1470 2947 cer·

203 2984 303 3049 tiores
325 2984 419 3069 nos²)
441 2985 480 3050 de
504 2984 571 3068 his,
595 3006 675 3069 quae
699 2985 783 3050 circa
803 3007 859 3050 vos
882 2989 1037 3071 aguntur,
1061 2985 1131 3050 fieri
1151 2984 1269 3050 litteris
1291 2983 1469 3050 destinatis.

202 3083 292 3150 Nam
313 3089 346 3151 et
367 3108 464 3171 quum
485 3109 543 3172 per
563 3086 726 3152 hominem
747 3087 880 3152 illustris
901 3087 962 3151 viri
983 3091 1078 3173 atque
1091 3087 1255 3174 magnifici
1270 3086 1397 3172 patricii
1412 3086 1471 3151 lilii

203 3188 308 3252 nostri
322 3189 456 3274 Agapiti
478 3188 641 3254 desideriis
656 3189 775 3254 nostris
791 3210 949 3275 congruos
962 3188 1141 3254 miserimus
1155 3189 1268 3253 affatus
1276 3187 1313 3276 ³),
1337 3191 1371 3253 et
1383 3210 1471 3253 nunc

204 3311 331 3375 quoque
351 3291 522 3356 anxietatis
543 3295 672 3356 nostrae
698 3290 888 3357 credidimus
909 3290 1072 3375 solatium,
1102 3292 1129 3356 si
1151 3291 1268 3356 advos
1290 3291 1471 3375 praesentia

204 3392 328 3477 scripta
348 3392 561 3458 mitteremus:
583 3396 711 3458 tantum
732 3397 791 3479 est,
814 3397 852 3458 ut
873 3394 911 3458 de
933 3394 1055 3460 actibus
1077 3397 1171 3479 atque
1193 3392 1346 3478 sospitate
1365 3396 1471 3458 vestra

204 3514 267 3559 nec
288 3515 355 3559 non
378 3494 470 3559 etde
491 3516 589 3578 mora,
613 3516 671 3579 per
685 3517 779 3580 quam
793 3517 849 3561 vos
870 3495 1006 3561 detineri
1025 3495 1196 3581 plurimum
1217 3495 1369 3580 dolemus,
1393 3495 1470 3560 rele-

204 3595 289 3662 vetis
309 3618 370 3661 nos
391 3595 536 3682 alloquiis
558 3596 616 3661 sub
639 3598 803 3663 occasione
825 3598 939 3664 idonea
953 3598 1128 3685 portitoris.
1164 3596 1249 3663 Data
1262 3597 1310 3664 VI
1324 3597 1400 3664 Idus
1414 3599 1470 3664 Ju-

204 3698 277 3782 liss,
299 3696 433 3765 Rustico
454 3698 523 3764 viro
546 3698 720 3764 clarissimo
743 3700 882 3766 consula.

204 3869 262 3923 estc
280 3883 377 3924 omnes
394 3867 442 3939 qui
459 3868 495 3924 ab
513 3868 614 3924 Acacio
631 3869 723 3940 ipsum
736 3870 923 3942 Epiphanium
939 3872 1162 3942 praecesserunt,
1179 3869 1344 3928 Hormisdac
1360 3872 1470 3941 jussus

204 3951 347 4024 diptychis
363 3955 428 4009 sunt
445 3954 582 4025 expuncti

273 4042 295 4109 ⁸)
313 4041 341 4094 α’
360 4045 392 4094 de
410 4043 457 4094 iis.

274 4125 306 4194 ¹⁰)
323 4125 368 4180 lta
385 4123 419 4179 G¹
433 4126 469 4180 a¹.
509 4124 576 4180 bcc
598 4136 623 4179 et
644 4130 760 4182 iotanae
783 4133 920 4198 episcopis.
959 4128 1116 4184 Johannem
1138 4130 1233 4183 autem
1253 4130 1330 4184 tacet
1350 4129 1471 4199 Epipha-

200 4208 279 4277 nius,
297 4208 364 4277 quia
379 4208 457 4263 illum
475 4226 538 4264 cum
556 4209 616 4265 aliis
633 4211 734 4282 legatis
753 4212 865 4283 regredi
881 4213 1012 4269 valetudo
1029 4231 1085 4269 non
1102 4213 1220 4270 sinebat.

274 4295 305 4363 ¹¹)
323 4292 342 4348 b
355 4310 390 4350 ec
406 4300 487 4351 secuti
501 4309 566 4350 sunt.

273 4380 306 4449 ¹¹)
323 4378 374 4436 Ed.
392 4385 474 4445 10111,
493 4380 593 4436 deinde
611 4382 644 4437 G¹
660 4366 860 4453 esurrentibus,
878 4401 998 4453 moxque
1016 4384 1059 4441 ed.
1078 4384 1169 4441 omitt.
1188 4406 1226 4440 oe.

200 4470 253 4521 122
291 4465 312 4534 ¹)
330 4463 428 4535 1nG¹,
449 4466 479 4521 in
495 4484 550 4536 quo
569 4468 716 4538 epistolam
735 4477 783 4525 103
803 4475 927 4525 Germano
949 4480 975 4525 et
995 4474 1107 4527 Joianni
1127 4477 1202 4540 cppis
1223 4481 1250 4525 11
1266 4473 1368 4526 Blando
1387 4474 1469 4540 petro

195 4548 369 4620 inscriptam
385 4549 456 4607 heco
474 4551 587 4623 excipit,
605 4553 651 4608 hic
667 4554 761 4624 legere
779 4556 823 4610 est
840 4560 981 4611 Hormisda
999 4560 1087 4626 quibus
1104 4576 1192 4626 supra.

271 4637 294 4706 ¹)
312 4634 344 4690 In
360 4635 435 4706 vulg
455 4643 578 4693 certiores
596 4659 639 4694 aas
695 4645 831 4695 decideriis
844 4647 936 4696 vestris
993 4647 1122 4696 emeleri
1131 4652 1231 4697 1111111
1287 4647 1405 4696 relevetis
1416 4661 1469 4698 vos.

271 4721 348 4791 ⁸)Hi
366 4721 403 4777 ad
419 4738 470 4776 nos
488 4721 600 4779 minime
618 4727 811 4794 pervenerunt
847 4725 944 4795 Neque
961 4742 1028 4782 1111
1046 4726 1116 4782 ullas
1127 4726 1262 4782 babemus
1273 4727 1310 4782 ab
1322 4726 1471 4783 Hormisda

192 4808 236 4866 ad
254 4806 369 4879 legatos
386 4806 493 4863 litteras
511 4809 634 4881 epistolis
647 4817 695 4866 103
714 4813 742 4866 et
760 4817 809 4866 101
826 4810 852 4865 d.
872 4810 974 4866 111111.
994 4829 1020 4868 a.
1039 4819 1089 4868 119
1107 4812 1180 4868 datis
1196 4813 1378 4882 recentiores,
1397 4814 1468 4868 coni.

191 4895 259 4950 not
279 4891 362 4963 epist
379 4891 474 4954 Horm.
493 4911 549 4950 non
567 4897 634 4951 exst.
653 4914 681 4951 n.
699 4896 794 4951 XXXI.
