3450 5678
586 296 780 396 sersroasa
803 335 854 395 25.
878 335 929 395 26.
1329 329 1391 396 793

126 498 247 584 inquit:
277 498 352 584 quia
374 498 402 564 si
424 499 569 564 fidelibus
592 500 672 564 citra
693 500 963 566 intermissionem
985 499 1199 565 incumbimus
1220 500 1388 585 institutis,
1403 527 1427 564 a.
1439 515 1495 564 517.

125 623 311 685 separamur
334 624 352 665 a
375 603 477 684 vitiis,
507 603 581 666 dum
607 604 753 686 impensa
781 625 856 667 eura
879 603 986 667 divino
1008 603 1098 686 operi
1123 604 1265 667 humano
1286 603 1391 668 locum

52 716 59 728 “
124 725 191 768 non
220 704 374 788 relinquit
404 705 513 768 errori.
559 703 644 769 Data
666 705 713 769 IV
733 705 843 770 Nonas
867 705 1004 788 Aprilis,
1034 705 1224 791 principes)
1247 705 1391 791 Agapito

127 805 194 870 viro
217 804 401 871 carissimo.
446 806 513 872 ura
535 806 650 872 aava
1371 795 1377 804 '

628 995 810 1100 Epistola
835 997 892 1079 26.

263 1149 473 1215 Hormisdou
496 1167 607 1234 papae
630 1149 672 1215 ad
695 1166 815 1216 omnes
838 1151 1018 1233 episcopos
1040 1101 1247 1232 Hispaniae.
1402 1140 1532 1278 (gffig

10 1311 33 1362 p·
49 1296 109 1345 107,
160 1288 213 1351 Quo
236 1290 325 1340 ordine
345 1291 438 1341 Graeci
458 1293 495 1340 ad
512 1290 643 1340 Ecclesiae
667 1292 857 1341 communionem
881 1292 980 1354 recepti
1000 1291 1273 1355 recipiendique‘aiat‚
1300 1292 1357 1355 ipsu

569 1377 679 1438 formula
697 1377 802 1439 adjecta
818 1377 952 1440 significat.

278 1508 567 1574 Dilectissimis
603 1509 800 1574 fratribus
842 1508 1041 1573 universis
1083 1509 1281 1593 episcopis
1322 1530 1391 1593 per

370 1610 606 1695 Hispaniam
629 1611 866 1676 constitutis
888 1610 1106 1676 Hormisda.

212 1733 240 1794 1.
278 1730 368 1795 lnter
390 1754 437 1813 ea,
461 1753 541 1815 quae
563 1731 699 1795 notitiae
721 1734 850 1795 nostrae
865 1729 1032 1794 Johannes
1054 1730 1155 1794 frater
1177 1733 1210 1794 et
1232 1732 1391 1815 coepisco-

124 1854 185 1917 pus
206 1835 316 1897 noster
337 1833 442 1897 studio
471 1833 705 1897 ecclesiasticae
731 1832 882 1896 utilitatis
909 1831 1061 1916 ingessit,
1095 1831 1156 1895 hoc
1182 1854 1305 1918 quoque
1332 1856 1391 1917 pro

125 1934 242 1999 affectu
265 1934 440 1999 catholicae
462 1935 536 1998 fidei
558 1938 591 1998 et
605 1934 800 2018 apostolicae
815 1934 898 1998 sedis
914 1934 1119 1998 veneratione
1135 1935 1304 2018 consuluit,
1328 1958 1391 2020 quo

125 2035 236 2100 ordine
265 2058 302 2100 ex
327 2037 410 2100 clero
433 2025 627 2101 Graecorum
654 2036 857 2101 venientibus
884 2035 983 2100 tribui
1011 2036 1140 2100 deberet
1167 2040 1280 2101 sancta
1308 2059 1391 2102 eom-

51 2186 56 2200 .
125 2137 249 2220 munio,
277 2142 408 2222 propter
436 2161 564 2203 causam
592 2138 714 2203 scilieet
736 2139 863 2221 Aeacii,
902 2160 921 2202 a
949 2138 1165 2202 decessoribus
1192 2139 1311 2203 nostris
1332 2162 1390 2224 pro

125 2239 357 2304 haeretieorum
379 2241 600 2313 communione
622 2241 781 2323 damnati,
811 2241 930 2325 inqua
958 2239 1014 2324 ii¹)
1037 2260 1176 2323 quoque,-
1205 2241 1259 2324 qui
1288 2262 1321 2305 se
1350 2241 1391 2306 ab

43 2395 45 2399 r
125 2340 193 2424 ejus
216 2343 408 2426 contagione
430 2364 496 2406 non
519 2342 680 2424 dividunt,
713 2344 863 2405 anostra
887 2341 1108 2406 communione
1135 2341 1316 2408 habeantur
1338 2365 1389 2407 ex-

125 2443 221 2528 cepti.
265 2444 446 2508 Laudamus
468 2446 666 2529 propositum
688 2443 750 2508 viri
771 2443 832 2507 hoc
855 2444 922 2507 zelo
946 2443 1030 2507 circa
1045 2444 1140 2507 fidem
1163 2446 1195 2506 et
1216 2444 1390 2528 apostolica

124 2545 273 2610 instituta
295 2546 460 2629 ferventia
484 2549 521 2609 ut
543 2568 602 2610 nec
624 2568 681 2629 per
704 2546 922 2630 ignorantiam
937 2544 1064 2629 quidem
1079 2566 1270 2630 quemquam
1292 2568 1390 2611 coeno

124 2647 240 2711 erroris
263 2647 358 2711 alieni
381 2652 544 2731 pateretur
566 2649 723 2732 immergi.
763 2646 871 2732 Digna
893 2646 973 2710 haec
996 2668 1072 2710 cura
1093 2645 1251 2730 fidelibus,
1274 2652 1311 2712 ut
1331 2648 1391 2713 sol-

124 2748 213 2813 licito
235 2749 339 2814 studio
361 2771 486 2833 semper
507 2750 694 2835 invigilent,
723 2753 755 2814 et
784 2749 964 2833 inculpatos
991 2769 1025 2811 sc
1053 2750 1094 2812 ab
1122 2749 1208 2812 omni
1234 2753 1389 2834 perversi-

124 2853 192 2914 tate
215 2855 414 2915 eonservent.
456 2852 531 2935 Ipsa
554 2855 603 2915 est
625 2851 711 2914 enim
733 2851 806 2916 fidei
828 2849 1030 2932 innocentia,
1059 2853 1096 2914 ut
1118 2850 1318 2936 praevideat,
1349 2875 1390 2917 ne

124 2952 175 3016 vel
198 2975 274 3017 casu
295 2954 398 3037 possit
420 2976 535 3018 errare.

209 3055 239 3118 2.
274 3054 518 3119 Satisl'acientes
540 3055 641 3139 igitur
664 3059 696 3118 et
719 3054 930 3119 laudabilibus
949 3053 1114 3118 desideriis
1136 3056 1303 3119 memorati
1320 3056 1389 3139 viri,

124 3159 157 3219 et
178 3177 333 3220 memores
356 3158 459 3221 nostri
481 3157 564 3220 sicut
579 3160 705 3240 oportet
720 3156 834 3237 officii,
859 3156 1048 3219 documenta
1063 3157 1220 3242 quoque²)
1238 3158 1277 3222 de
1292 3157 1390 3223 eccle-

124 3259 190 3322 siae
212 3258 337 3322 scriniis
361 3263 574 3339 assumentes,
604 3259 642 3321 ad
666 3258 834 3322 concilium
857 3261 997 3321 vestrum
1018 3279 1077 3341 pro
1098 3259 1321 3343 generalitatis
1342 3260 1391 3325 in·

123 3360 300 3424 structione
322 3361 505 3444 (laesimus,
529 3365 565 3423 ut
587 3383 624 3424 ex
646 3360 711 3424 illis
732 3359 859 3444 plenius
874 3380 954 3444 quae
977 3362 1053 3422 sunt
1068 3362 1141 3423 aeta
1156 3360 1326 3444 discentes,
1350 3364 1391 3427 ab

123 3462 210 3525 omni
234 3484 289 3525 vos
313 3463 490 3526 errantium
513 3463 737 3548 cognationel)
761 3461 925 3546 separetis.
970 3460 1081 3545 Neque
1104 3463 1189 3526 enim
1212 3466 1261 3526 est
1283 3485 1390 3547 perso-

123 3564 207 3628 nalis
230 3564 295 3628 odii
317 3586 428 3645 causa,
458 3566 512 3628 scil
539 3567 574 3629 in
597 3566 711 3649 impios
738 3568 992 3649 transgressores
1014 3563 1100 3628 dicta
1123 3563 1190 3628 Deo
1212 3564 1391 3649 inspirante

122 3667 300 3748 sententia3
325 3666 360 3730 in
383 3689 447 3750 qua
469 3667 596 3751 quidem
620 3689 715 3731 causa
737 3669 874 3753 neque⁴)
897 3665 1134 3750 praedicatione
1156 3688 1259 3751 neque
1282 3666 1391 3752 depre-

191 3890 224 3956 24)
241 3886 330 3941 lisia
371 3889 409 3940 At
427 3890 483 3956 βΓ
500 3893 551 3941 Pas
571 3893 678 3957 Apupili
699 3910 719 3943 u.
737 3908 759 3945 c.
781 3907 827 3941 era
847 3891 943 3940 LXVI
972 3891 1010 3953 (Γ
1028 3888 1145 3955 usV1);
1168 3888 1194 3941 J¹
1218 3910 1252 3956 pc
1271 3907 1322 3957 per
1341 3909 1392 3957 per

122 3978 266 4043 agapelium
283 3993 319 4026 oc.
362 3977 416 4027 Era
435 3977 544 4033 ualli.-
562 3973 596 4026 F‘¹
619 3978 677 4042 apii
696 3986 755 4042 post
778 3981 930 4027 consolatum
947 3971 991 4026 ic*
1007 3979 1076 4028 coris.
1113 3970 1205 4026 Ceteri
1227 3994 1277 4042 per
1295 3979 1392 4044 Aqopi·

123 4071 174 4113 ram
191 4060 227 4126 (θ’
247 4061 365 4127 Apapeeo
386 4062 418 4112 II
436 4062 562 4126 consule),
584 4063 669 4126 atque
688 4058 730 4111 his
748 4057 839 4112 verbis
857 4058 1003 4126 epistolam
1022 4057 1161 4112 claudunt.
1195 4058 1232 4113 Ut
1249 4059 1318 4114 haec
1336 4059 1392 4129 epi·

123 4144 197 4199 stola
214 4143 242 4196 in
259 4142 395 4212 superiori
412 4142 563 4209 indicatur,
585 4143 627 4197 ita
644 4142 770 4213 superior
787 4143 815 4195 in
834 4143 887 4197 hac
904 4145 1085 4209 memoratur,
1109 4142 1180 4197 adeo
1198 4149 1230 4197 ut
1246 4143 1337 4199 nullus
1355 4144 1392 4198 sit

122 4226 272 4283 dubitandi
288 4227 377 4295 locus,
396 4227 463 4296 quin
481 4228 580 4282 eodem
598 4228 707 4283 consule
726 4230 843 4296 utraque
857 4227 1046 4296 consignanda
1057 4227 1106 4291 sit,
1124 4228 1250 4297 adeoque
1268 4227 1391 4284 ineram

122 4312 197 4368 DLV
216 4312 369 4367 conveniat.

122 4405 157 4454 26
193 4399 213 4465 ¹)
232 4398 276 4452 Ita
293 4398 369 4451 J0¹⁰
381 4400 397 4466 β
409 4397 438 4450 i².
475 4397 516 4451 Al.
537 4398 597 4452 00¹
617 4416 658 4467 sq.
678 4397 767 4451 omitt.
787 4402 806 4451 ii
823 4419 935 4468 quoque,
955 4413 1073 4465 moxque
1094 4403 1193 4455 Laudo.

191 4485 213 4552 ²)
231 4481 277 4537 Sic
299 4482 360 4536 Ji².
400 4483 443 4536 Al.
467 4504 589 4552 quaeque.
628 4483 704 4536 Haec
727 4483 894 4537 documenta
915 4500 930 4537 c
948 4481 1054 4537 scriniis
1078 4481 1268 4538 ecclesiasticis
1291 4484 1392 4538 educta

123 4568 230 4640 pariter
248 4575 439 4623 memorantur
457 4567 537 4638 epist.
551 4574 584 4620 ‘34
602 4586 628 4625 n.
642 4574 664 4620 1.

191 4657 212 4722 ³)
232 4653 267 4707 0²
279 4655 303 4707 c¹
317 4656 343 4707 οἵ
355 4656 393 4706 0¹⁰
411 4659 590 4714 communione,
614 4656 640 4706 ο2
657 4661 814 4722 contagione.
857 4653 1041 4709 Praeferimus
1064 4674 1126 4709 curn
1143 4654 1193 4707 Ji²
1206 4657 1223 4725 β
1235 4654 1282 4708 0¹⁰
1298 4674 1392 4724 cogna-

124 4747 204 4802 tione,
222 4737 387 4808 praesertim
406 4755 490 4806 quum
509 4738 622 4792 faveant
640 4737 737 4805 ceteri,
754 4738 783 4791 in
802 4739 902 4807 quibus
919 4741 1012 4794 exstat
1028 4747 1170 4808 caprinoue
1183 4741 1209 4808 (J
1213 4743 1244 4808 ¹),
1262 4740 1306 4794 vel
1323 4746 1392 4810 copi-

123 4830 220 4879 latlone
236 4823 302 4893 (0³).

192 4911 213 4977 ⁴)
231 4909 276 4962 lta
292 4907 349 4966 li&
385 4909 428 4963 Al.
448 4909 491 4963 cd.
510 4929 666 4979 nequaquam
683 4930 700 4964 a
715 4915 918 4979 praedieatione.
