3450 5678
616 347 816 398 catenarus
840 349 873 397 V.
1318 337 1380 406 577

138 502 224 569 andi
245 503 382 568 formam
404 502 470 566 suis
493 502 657 587 discipulis
681 502 884 587 condidisset,
914 504 949 566 in
971 526 1034 588 qua
1056 503 1106 568 vel
1129 506 1308 589 quotidiani
1330 510 1381 574 de-

138 608 169 672 {ti
192 605 348 671 relaxatio
369 605 564 690 proveniret,
594 609 626 669 et
636 605 674 687 ¹⁸)
703 626 744 669 ue
766 605 801 668 in
823 605 1039 670 tentationem
1061 606 1242 672 inciderent
1270 608 1381 694 implo-

138 711 231 792 irent,
255 708 306 773 vel
328 711 365 771 ut
387 705 506 770 amalo
520 706 734 771 liberarentur
750 710 974 792 exposcerent3
996 708 1024 772 si
1043 709 1124 773 nihil
1140 715 1225 776 esset
1239 713 1380 796 omnino,

138 811 195 877 rod
217 814 274 875 aut
295 808 438 874 debitum
460 813 691 895 praegravaret
712 809 844 874 minime
866 809 1056 896 relaxatum,
1081 816 1137 876 aut
1151 815 1290 878 tentatio
1311 838 1382 900 pos-

138 917 159 978 t
180 912 350 997 inferre¹⁹)
378 912 515 996 peceati,
540 915 596 976 aut
616 912 740 976 nullum
763 934 860 996 aquo
875 912 1089 978 liberarentur
1110 915 1230 979 malum
1252 939 1382 1001 prorsus

138 1014 305 1080 ‹sisteret‘l

195 1120 226 1183 5.
272 1115 324 1182 Sic
347 1120 455 1181 autem
484 1116 637 1202 quosdam
664 1121 771 1182 movet
799 1118 974 1202 surripiens
1006 1119 1112 1183 illusio
1144 1119 1381 1207 dormientium,

138 1220 202 1285 ussi
231 1241 296 1284 non
325 1221 454 1304 gravior
477 1220 647 1284 aestimata
670 1220 713 1284 sit
735 1221 997 1304 concupiscentia
1020 1221 1236 1307 vigilantium.
1266 1224 1382 1300 Quam-

138 1325 158 1387 is
193 1323 279 1387 enim
313 1325 346 1386 et
378 1322 551 1386 insolentia
584 1323 758 1407 corporalis
791 1323 993 1407 frequentius
1026 1324 1220 1389 refrenanda
1254 1327 1297 1389 sit
1332 1328 1382 1391 vel

138 1424 326 1510 sstigatione
354 1425 470 1509 jejunii
499 1423 550 1489 vel
574 1423 716 1488 ciborum
738 1424 926 1510 frugalitate
949 1430 1158 1511 sumptorum,
1185 1450 1227 1492 ne
1248 1428 1383 1492 materia

138 1528 305 1592 racbeatur
336 1525 486 1591 humanis
514 1526 660 1591 sensibus
688 1527 914 1612 phantasticae
947 1528 1122 1613 voluptatis
1150 1529 1383 1615 imaginatione

138 1629 273 1713 illendis,
303 1629 354 1694 vel
376 1629 505 1714 magnis
527 1629 588 1694 hoc
617 1630 656 1693 de
677 1629 884 1693 miseratione
906 1629 1015 1695 divina
1038 1631 1081 1695 sit
1103 1632 1250 1716 precibus
1272 1632 1383 1718 implo-

138 1733 258 1815 sndum,
287 1735 324 1795 ut
351 1730 392 1795 ab
414 1731 609 1796 illecebrosis
639 1731 815 1795 visionibus
838 1733 961 1817 sopitae
983 1736 1108 1797 mentes
1129 1733 1304 1799 reddantur
1325 1736 1383 1799 im·

138 1856 241 1899 mnes:
274 1837 383 1898 tamen
419 1835 485 1899 sive
519 1834 599 1899 haee
629 1833 872 1899 incontinenter
900 1834 1071 1918 agentibus
1105 1835 1171 1900 sive
1203 1837 1383 1902 viventibus

138 1936 318 2001 intinenter
340 1937 501 2019 eveniant,
527 1940 612 2000 certe
635 1936 748 2022 siquis
771 1940 830 2020 est,
855 1936 960 2001 minor
974 1941 1081 2002 reatus
1097 1942 1147 2003 est
1161 1940 1382 2023 nescientium,

138 2062 208 2104 uam
231 2038 368 2103 carnalis
390 2039 496 2124 operis
512 2040 657 2124 appetitu
674 2039 781 2124 palam
797 2041 969 2124 aperteque
993 2041 1200 2125 cupientium.
1239 2041 1384 2127 Denique

138 2146 189 2207 cet
211 2163 277 2207 uon
298 2162 398 2226 parvo
421 2141 480 2205 Dei
504 2163 635 2206 munere
658 2141 811 2230 potiatur,
836 2141 979 2226 quisquis
1002 2145 1058 2206 aut
1080 2143 1177 2208 nullis
1199 2143 1329 2229 talibus,
1357 2146 1384 2209 si

138 2245 182 2309 eri
205 2247 322 2329 potest,
352 2247 409 2307 aut
430 2243 569 2328 perraris
596 2243 744 2328 pulsatur
765 2243 901 2327 insidiis,
926 2266 1083 2329 nusquam
1105 2244 1241 2361 legimus
1263 2247 1297 2311 in
1321 2247 1384 2311 cul·

138 2368 188 2412 um
216 2346 371 2431 uocari²⁰)
402 2345 632 2430 phantasmata
659 2346 865 2410 somniorum
911 2344 970 2410 Sed
1005 2347 1137 2431 plane
1128 2348 1227 2432 ipsius
1254 2348 1384 2414 Domini

138 2469 190 2514 oce
213 2471 279 2514 non
300 2449 487 2534 ignoramus
503 2471 571 2513 esse
587 2448 822 2533 depromptum,
846 2448 929 2533 quod
953 2456 1086 2529 quisquis
1100 2457 1252 2515 mulierem
1275 2441 1496 2516 „JdeMattlr

138 2558 157 2616 d
176 2557 457 2632 concupiscendum,
481 2557 614 2616 eumdem
630 2558 669 2615 sit
682 2573 737 2616 seco
751 2557 845 2616 corde
859 2557 1051 2615 maechatus:
1074 2552 1128 2616 ubi
1153 2533 1437 2637 consequenter’
1413 2515 1484 2577 ⁰’2'8

138 2657 238 2719 satum
266 2654 395 2719 subesse
428 2676 494 2718 non
522 2653 731 2718 dubiumt
682 2657 731 2718 est
738 2653 917 2737 ,ideoque
950 2653 1050 2736 tamj
1036 2655 1109 2739 Jugi
1138 2655 1383 2739 supplicatione,

138 2779 210 2821 uam
232 2757 440 2840 eleemosynis
470 2757 646 2841 ceterisque
667 2705 761 2821 bonis
784 2755 964 2820 actionibus
986 2756 1180 2841 expiandum
1207 2761 1265 2821 est.
1311 2757 1385 2822 Nou

138 2859 201 2923 uim
223 2860 375 2942 vacat²¹),
399 2858 483 2944 quod
505 2859 627 2923 dictum
651 2863 710 2942 est,
734 2857 842 2921 omnia
864 2879 922 2942 per
937 2858 1172 2942 eleemosynam
1186 2879 1279 2941 posse
1295 2881 1385 2923 muu-

138 2961 199 3043 ari,
230 2982 329 3045 quum
358 2961 403 3025 ait
435 2960 610 3045 Dominus,
641 2961 716 3024 dum
750 2960 789 3023 dc
811 2960 949 3024 internis
972 2961 1175 3045 externisque
1207 2960 1387 3045 figuraliter

138 3062 392 3128 uriticationibus
413 3063 612 3149 loqueretur:
641 3070 851 3128 lerumlomcn
874 3070 957 3142 quod
976 3075 1121 3144 superest,
1144 3068 1216 3126 date
1230 3069 1363 3128 eleemos
1353 3086 1385 3143 J
1399 3039 1485 3172 ,Ἣ

138 3187 196 3245 um,
223 3177 253 3229 el
275 3187 344 3230 ecce
366 3173 467 3231 omnio
482 3173 596 3230 munda
611 3178 680 3230 sunt
696 3170 786 3230 uobis
821 3165 882 3229 Sed
904 3166 1001 3229 etiam
1022 3164 1100 3229 illud
1115 3164 1142 3247 *,
1167 3165 1250 3249 quod
1272 3171 1415 3229 curtius*
1430 3148 1519 3245 iuppl

138 3275 274 3350 coperia!
286 3274 505 3333 multitudinem
518 3280 733 3348 peccatorum:
755 3291 776 3330 u
778 3268 932 3333 tscilicet
947 3267 1099 3352 quidquid
1115 3267 1336 3332 insinceritate
1344 3267 1384 3354 ²²)
1400 3270 1452 3373 1¹⁰1?
1463 3260 1538 3371 pacat

138 3370 312 3456 orporiset
333 3373 422 3434 ment
423 3369 450 3434 is
473 3373 522 3434 att
508 3370 610 3435 trahit
595 3374 658 3455 t,ur
682 3369 850 3435 rationalis
873 3369 1004 3454 pietatis
1027 3391 1121 3453 opere
1144 3368 1298 3433 deleatur.
1337 3369 1385 3433 De
1420 3335 1498 3453 gear

138 3475 218 3538 eatis
240 3475 358 3556 autem,
391 3473 473 3537 sicut
501 3495 598 3557 supra
623 3474 692 3556 jam
719 3472 867 3556 diximus,
899 3471 1052 3557 apostolis
1078 3474 1152 3536 tant
1152 3494 1206 3536 um
1236 3472 1386 3536 debemus

183 3732 214 3798 ¹⁸)
233 3729 267 3783 G¹
288 3735 535 3784 &intentationem
552 3735 710 3796 reciderent,
730 3746 849 3797 moxque
868 3748 917 3799 quo
935 3739 978 3782 aul
996 3733 1113 3783 debitum.

183 3818 213 3884 ¹⁹)
232 3813 309 3868 Editi
326 3818 430 3882 inferri,
454 3814 488 3868 G¹
513 3819 620 3882 irascere.
663 3814 770 3870 Clarior
789 3814 842 3869 erit
859 3813 969 3884 phrasis
986 3814 1013 3867 in
1031 3815 1104 3868 hunc
1122 3813 1247 3868 modum:
1271 3826 1384 3869 uuillen·

138 3907 177 3954 irio
194 3904 298 3969 meruti
311 3913 402 3968 posset
420 3905 530 3967 inferre,
549 3900 654 3954 scilicet
673 3906 789 3956 debitum.

180 3989 214 4054 ω)
231 3984 294 4039 Hoc
310 3984 416 4053 pariter
438 3984 531 4054 posito
554 4002 587 4039 ac
608 3985 685 4039 velut
707 3986 782 4056 apud
802 3985 898 4040 fideles
921 3987 1046 4039 confosso
1066 3984 1234 4055 Augustinus
1258 3984 1292 4038 de
1311 3984 1383 4038 civit.

138 4069 167 4126 lei
182 4071 201 4125 l.
222 4078 234 4124 l
255 4088 277 4125 c.
291 4077 325 4124 25
344 4069 383 4124 sic
400 4070 593 4125 ratiocinatur:
613 4077 726 4137 Quodsi
743 4078 788 4125 illu
804 4075 1041 4141 concupiscentialis
1059 4075 1242 4136 inobedientia,
1262 4090 1327 4139 quae
1340 4074 1385 4123 ud·

138 4178 161 4210 sc
178 4164 204 4211 in
221 4160 337 4210 menbris
355 4160 508 4211 moribundis
525 4161 637 4218 totitas,
660 4170 768 4226 praeter
789 4168 894 4212 nostrae
911 4161 1046 4212 uoluntatis
1068 4161 1147 4223 lepem
1169 4161 1242 4226 quasi
1263 4163 1318 4223 lepc
1339 4175 1387 4208 sua

138 4254 237 4305 oretur,
263 4254 357 4311 quanio
379 4248 457 4311 scrupis
479 4247 573 4312 utaque
591 4250 667 4312 culpa
688 4255 726 4297 est
749 4251 774 4296 ln
792 4262 902 4311 corpore
925 4245 1080 4297 dormientis.
1116 4239 1187 4294 Vide
1211 4242 1239 4293 ct
1262 4239 1385 4307 eJusdcm

138 4327 230 4382 sutem.
249 4327 267 4380 l.
283 4333 314 4381 10
333 4345 355 4379 o.
370 4333 404 4381 30
422 4329 451 4380 ct
468 4328 587 4397 append.
607 4332 674 4381 tom.
688 4327 714 4381 V
731 4344 822 4381 sermo
841 4333 891 4381 292
909 4345 935 4379 ιι.
955 4332 979 4380 5.

181 4413 214 4481 ¹¹)
233 4415 260 4465 οἵ
272 4413 310 4465 0¹⁰
327 4411 391 4465 add.
410 4419 542 4480 mysterio,
561 4415 722 4482 refragante
740 4412 785 4466 G'.

181 4500 214 4565 ¹²)
232 4497 357 4551 Verbum
375 4497 441 4564 hoc,
464 4498 539 4564 quod
561 4499 637 4568 prius
655 4499 683 4552 in
702 4498 756 4551 duo
778 4497 895 4552 divisum
918 4498 1023 4564 fuerat,
1040 4497 1101 4566 jam
1120 4499 1158 4550 c¹⁰
1174 4496 1203 4550 in
1222 4513 1305 4548 uuum
1324 4511 1386 4547 con-

138 4583 214 4650 axit,
233 4582 308 4650 quod
327 4584 356 4636 et
373 4587 401 4636 aa
419 4582 521 4637 diserte
539 4583 678 4654 probavit.
713 4582 776 4636 Non
795 4583 959 4638 inusitatum
976 4582 1143 4639 uocabulum
1160 4579 1317 4651 hujusmodi
1335 4579 1386 4633 Ge-

138 4666 185 4723 uio
201 4683 276 4734 esse,
298 4666 380 4720 fidem
399 4668 467 4722 facit
487 4671 625 4723 tractatus
643 4667 681 4720 lV
699 4674 785 4733 n.13,
808 4669 858 4722 uhi
880 4669 1036 4725 orientales
1052 4689 1145 4723 sacrae
1163 4672 1293 4735 reltqlonls
1311 4671 1386 4719 lusiti-

138 4759 223 4808 ur‘tate
239 4759 350 4822 pollutos
367 4753 500 4807 audimus¹
529 4754 592 4807 Jam
610 4754 639 4806 et
656 4768 741 4820 supra
753 4753 833 4822 epist.
849 4763 881 4809 27
900 4753 1055 4810 audivimus
1072 4759 1223 4807 insincerum
1234 4756 1316 4803 silure
1328 4768 1386 4804 con-

138 4849 216 4910 grum.
256 4838 393 4908 tegemus
417 4841 446 4891 et
467 4840 540 4893 iusta
562 4859 587 4893 ιι.
603 4848 636 4894 23
654 4845 686 4893 de
709 4844 851 4905 inspiraturi
867 4847 993 4912 spiritale.
1030 4838 1109 4903 Quod
1131 4837 1289 4890 observasse
1308 4835 1386 4903 juse-

139 4927 164 4994 t,
183 4941 218 4979 ne
237 4923 298 4993 quis
316 4923 407 4979 verbis
424 4925 581 4992 hujusmodi
601 4921 761 4992 compositis
780 4926 947 4983 offendatur.

149 5030 305 5068 resarcias
322 5030 423 5065 sousa,
439 5031 550 5067 souma.
568 5018 589 5070 1.
1145 5017 1184 5074 37
