3412 5664
635 329 831 382 arrsronna
856 321 927 380 113.
953 319 1024 379 114.
1402 315 1466 382 915

191 509 226 552 re
249 490 362 552 101111
383 486 469 551 inter
491 507 525 551 se
547 491 741 552 concurrant
764 486 913 569 consilia,
937 489 1007 550 tum
1029 488 1061 550 et
1082 485 1118 549 in
1132 484 1207 550 11111
1227 485 1296 551 viro
1317 507 1463 552 reveren·
1475 511 1500 549 a.
1512 500 1569 550 110.

191 590 325 656 dissime
354 588 503 673 episcopo
531 588 564 653 id
591 589 851 655 constituendum
879 588 1036 654 credimus
1069 587 1186 673 legatis
1220 589 1466 655 admonentibus

191 691 326 775 restris,
349 691 433 776 quod
454 690 541 755 inter
562 691 666 755 varias
689 690 904 777 *utrasque
933 690 1075 755 rationes
1104 690 1282 775 expeditius
1305 712 1374 756 esse
1394 713 1465 776 per-

191 795 340 880 spectum
362 795 421 857 est.
463 791 548 856 Nam
571 797 603 857 et
624 794 843 879 inpraesenti
865 792 1051 878 pontificem
1067 791 1356 880 caesariensium)
1378 794 1467 859 urbis

191 895 287 960 lavor
312 897 439 959 tutetur
465 895 624 978 omnium,
658 917 752 980 quern
780 896 821 960 ob
850 895 1001 960 instituta
1027 894 1243 980 pulcherrima
1270 917 1336 961 non
1365 896 1467 961 solum

190 996 321 1062 incolae
339 995 534 1061 validissime
557 997 759 1062 retinendum
781 996 991 1080 arbitrantur,
1016 997 1070 1062 sed
1085 1018 1184 1082 prope
1202 1000 1337 1063 cunctus
1352 998 1468 1064 Oriens

191 1098 266 1164 sine
290 1098 387 1162 dubio
408 1101 589 1182 veneratur,
614 1101 647 1163 et
668 1099 721 1184 qui
744 1099 831 1184 prior
851 1100 886 1164 in
901 1099 1011 1164 eedem
1024 1099 1088 1165 fuit
1102 1100 1290 1183 sacerdotia,
1314 1099 1467 1186 injuria³)

191 1221 227 1265 se
252 1221 323 1264 esse
349 1204 507 1265 remotum
534 1201 688 1285 queritur.
733 1200 847 1265 Visum
874 1205 923 1266 est
949 1202 1058 1287 itaque
1091 1202 1310 1289 convenire⁴),
1344 1204 1383 1268 ut
1408 1223 1469 1267 nec

191 1301 352 1367 faciamus
373 1302 529 1386 impetum
552 1306 664 1367 contra
685 1303 885 1367 infinitarum
906 1306 982 1368 vota
1003 1302 1262 1387 multitudinum,
1297 1308 1352 1370 111
1374 1303 1469 1369 homo

191 1403 388 1489 integritate
409 1404 526 1469 nobilis
549 1405 621 1469 sede
645 1403 829 1487 dejiciatur,
859 1427 922 1489 qua
943 1427 977 1469 se
999 1404 1134 1490 dignum
1156 1405 1300 1489 exhibet,
1329 1428 1391 1472 nec
1413 1427 1469 1471 an·

193 1504 309 1570 teriori
331 1527 420 1591 spem
440 1527 570 1591 prorsus
593 1505 689 1570 adimi
711 1506 872 1590 patiamur
893 1506 1061 1591 repetendi
1082 1507 1187 1572 locum
1208 1508 1322 1591 denuo,
1346 1529 1408 1593 quo
1434 1529 1468 1572 se

193 1606 370 1692 spoliatum
392 1607 462 1673 sine
485 1630 581 1674 causa
604 1609 786 1691 confirmat,
814 1609 870 1673 sed
896 1609 932 1673 in
959 1630 994 1673 re
1022 1608 1118 1673 dubia
1145 1610 1378 1694 temperantius
1401 1631 1469 1675 ver-

194 1730 322 1793 semur,
356 1711 402 1774 ita
431 1714 468 1774 ut
495 1710 626 1775 interim
654 1710 781 1796 quidem
807 1709 861 1777 hic
887 1711 972 1775 idem
993 1710 1084 1775 Elias
1111 1711 1161 1775 vir
1187 1710 1468 1776 reverendissimus

195 1810 366 1896 episcopus
388 1811 423 1876 in
445 1811 552 1897 quiete
574 1816 773 1897 permaneat,
797 1834 906 1877 verum
923 1815 1093 1897 postquam
1108 1835 1271 1879 successor
1286 1813 1354 1898 ejus
1368 1813 1469 1879 111111

196 1912 390 1996 deposuerit,
413 1915 482 1978 tum
505 1904 632 1979 demum
654 1914 694 1979 ad
716 1915 823 1980 sedem
845 1916 1025 1979 revertatur
1046 1915 1142 2001 qua⁵)
1158 1915 1292 2000 destitit,
1317 1914 1469 1980 adhiben-

197 2013 247 2078 dis
269 2015 358 2098 prius
380 2016 539 2100 omnibus,
562 2039 644 2102 quae
666 2017 706 2080 ad
727 2016 964 2102 impetrandam
986 2015 1152 2081 reditionis
1177 2017 1343 2082 licentiam
1365 2038 1469 2082 sacra-

197 2115 395 2181 tissimarum
421 2117 604 2202 regularum
631 2118 798 2203 postulant
825 2118 972 2202 definita,
1008 2118 1242 2202 interponendo
1270 2119 1368 2183 etiarn
1396 2140 1469 2184 con-

198 2239 295 2283 sensu
317 2222 385 2284 tam
406 2221 481 2284 tuae
503 2219 586 2285 sedis
608 2221 802 2305 apostolicae
824 2242 919 2306 quam
939 2220 1184 2285 florentissimae
1199 2220 1293 2305 hujus
1306 2221 1394 2286 urbis
1409 2242 1469 2286 nec

198 2340 266 2384 101
289 2320 424 2385 aliarum
446 2342 582 2406 quarum
603 2321 664 2386 hoc
685 2323 833 2387 interest.

284 2423 315 2486 2.
353 2421 402 2487 De
417 2422 540 2488 Thema
562 2424 660 2489 etiam
683 2428 715 2488 et
736 2423 922 2490 Nicostrato
944 2425 1020 2490 viris
1042 2423 1290 2510 religiosissimis
1313 2423 1468 2510 episcopis

197 2524 309 2589 omnia
330 2524 603 2608 mancipabuntur
624 2526 767 2609 11111111,
804 2530 973 2613 postquam
996 2529 1120 2591 ceterae
1143 2525 1241 2589 etiam
1261 2525 1352 2590 vobis
1375 2548 1469 2611 copu-

198 2625 287 2690 latae
307 2625 518 2713 1111111111)
534 2628 575 2692 ad
589 2628 747 2692 unitatem
761 2628 959 2693 venerabiles
976 2628 1138 2710 eeclesiae,
1162 2648 1243 2713 quae
1258 2629 1470 2712 praecedente

1478 667 1492 701 ²⁸
1501 667 1520 722 f.
1530 671 1615 722 utrim-

1519 755 1567 806 que

200 2769 234 2776 .-
251 2769 470 2776 -—.-..—-—..-.
477 2768 501 2776 .-

199 2848 306 2903 riornm
331 2864 424 2903 errore
451 2847 505 2902 huc
532 2847 674 2919 irrepsisse
703 2848 879 2903 arbitramur.
923 2848 1083 2904 Marcellino
1107 2847 1212 2918 quippe
1237 2848 1267 2902 in
1289 2847 1418 2904 chronico
1442 2851 1471 2904 et

198 2933 323 3003 Evagrio
341 2933 367 2988 h.
388 2948 411 2988 a.
430 2932 477 2999 IV,
495 2940 510 2988 9
528 2934 647 2988 testibus
664 2931 834 2988 lastinianus
856 2933 967 2987 tantum
984 2932 1112 2988 Calendis
1129 2932 1232 3003 Aprilis
1254 2934 1386 2989 1111511
1405 2949 1470 3002 qua·

199 3024 265 3073 taor
283 3019 349 3073 ante
367 3017 475 3072 obitum
492 3017 593 3072 Justini
615 3034 724 3073 menses
741 3020 882 3088 Augustus
900 3018 1074 3088 nuncupatus
1091 3021 1142 3073 est.
1182 3018 1262 3074 Unde
1279 3018 1423 3074 Possessor
1443 3018 1472 3073 in

199 3102 322 3173 epistola
343 3102 483 3172 sequenti,
509 3120 594 3172 qnam
617 3120 651 3158 ex
673 3102 839 3158 Hormisdae
861 3101 995 3173 rescripto
1019 3102 1093 3157 circa
1114 3102 1189 3157 idem
1210 3104 1321 3175 tempus
1338 3103 1472 3174 scriptam

199 3204 263 3244 esse
281 3187 382 3257 liquet,
400 3187 587 3242 Justinianam
605 3188 634 3242 et
652 3187 821 3243 Vitalianum
839 3204 928 3257 aeque
946 3193 1081 3256 mapr'stros
1097 3194 1198 3242 miiitum
1216 3187 1401 3258 cognominat.

270 3275 293 3342 ²)
311 3271 448 3327 Batonius
472 3272 509 3328 ad
530 3289 593 3328 ann.
612 3277 662 3328 519
680 3274 709 3328 et
725 3278 776 3328 620
792 3273 846 3328 hoc
864 3272 898 3326 de
917 3270 1069 3328 Caesareae
1087 3271 1281 3344 Cappadociae
1303 3273 1415 3329 civitate
1432 3273 1472 3328 in-

199 3359 386 3430 terpretatur,
404 3357 454 3413 sed
471 3358 575 3412 nullam
586 3357 826 3428 interpretationis
838 3374 904 3414 suae
917 3357 1056 3413 rationem
1068 3357 1158 3417 affert.
1187 3357 1363 3413 Probabilius
1375 3359 1471 3413 tamen

200 3443 313 3500 ridetur
325 3443 360 3498 de
373 3441 525 3499 Caesareae
537 3442 712 3498 Palaestinae
724 3444 793 3498 urbe
806 3443 910 3498 dictum
928 3459 999 3509 esse,
1017 3442 1137 3498 maxime
1150 3460 1235 3512 quum
1248 3443 1471 3498 adversariorum

202 3528 435 3605 Calchedonensis
456 3528 554 3598 synodi
576 3530 659 3584 natae
682 3529 739 3582 sint
760 3528 862 3598 impiae
882 3528 912 3582 in
930 3527 1011 3597 Syria
1028 3527 1149 3583 secunda
1171 3529 1200 3583 et
1217 3527 1377 3583 Palaestina
1394 3528 1472 3584 mali-

200 3614 306 3679 tiones,
328 3631 362 3668 ao
383 3613 418 3668 de
436 3612 614 3683 Cappadocia
634 3612 703 3667 nihil
724 3612 812 3668 simile
830 3612 982 3668 memoriae
1003 3612 1147 3684 proditum
1169 3611 1212 3668 sit.
1250 3611 1335 3681 Vide,
1354 3628 1425 3682 quae
1442 3611 1472 3666 in

203 3699 337 3770 epistolas
354 3705 387 3754 39
406 3699 434 3753 11
453 3704 501 3754 106
519 3698 732 3754 observavimus.

271 3787 293 3853 Ι)
310 3784 355 3837 lta
371 3783 552 3849 correximus,
570 3783 646 3853 quod
662 3782 692 3837 in
709 3783 743 3839 G'
762 3789 875 3852 injurias
892 3802 960 3845 esse.
978 3782 1008 3837 in
1024 3783 1060 3837 al.
1079 3787 1177 3850 injuria
1194 3801 1258 3839 esse.

270 3871 293 3937 ⁴)
311 3867 482 3938 Augustinus
503 3867 583 3939 epist.
601 3874 634 3923 43
652 3886 678 3922 n.
699 3873 730 3922 10
754 3868 920 3924 sententiam
940 3867 1079 3935 laudarit,
1103 3883 1159 3938 qua
1180 3866 1350 3923 Mclchiades
1371 3873 1471 3938 quibas·

203 3974 301 4025 mque
327 3960 390 4009 iocis
413 3959 462 4008 dso
484 3965 568 4007 esseni
589 3959 705 4022 episcopi
726 3973 789 4023 qaas
810 3958 934 4008 dissensio
955 3959 1117 4020 pemiaassei,
1144 3973 1199 4007 ears
1221 3959 1367 4016 condrmars'
1386 3959 1471 4016 soluit,

203 4048 248 4112 qai
263 4044 358 4106 suisset
375 4044 508 4093 ordinatas
523 4044 611 4108 prior,
634 4044 712 4092 alieri
728 4051 810 4092 aciem
831 4042 904 4107 plebs
922 4042 974 4091 alia
991 4044 1106 4108 repanda
1122 4043 1309 4107 provideretur.
1346 4037 1396 4093 Oai
1413 4055 1473 4093 sen·

202 4125 311 4182 tentiae
329 4123 421 4192 quoad
441 4139 528 4193 penes
551 4123 642 4194 ipsum
664 4123 863 4189 luithcasus,
886 4121 1035 4177 Hormisds
1051 4121 1142 4189 Elias,
1165 4123 1214 4193 qui
1233 4123 1311 4193 prior
1328 4122 1472 4177 ordinatus

202 4211 310 4276 iuerat,
334 4208 478 4263 ecclesiam
499 4224 577 4263 suam
601 4224 685 4278 quam
706 4207 826 4279 primurn
843 4207 1046 4262 restituendam
1064 4223 1122 4263 esse
1146 4208 1298 4264 constitnit.
1334 4206 1390 4262 Sed
1407 4206 1473 4278 quia

203 4296 284 4351 varia
300 4298 458 4364 temporum
476 4292 625 4349 necessitas
643 4291 753 4348 diversa
770 4293 846 4363 cogit
862 4293 986 4349 invenire
1003 4292 1080 4364 pacis
1098 4295 1198 4364 ruptae
1216 4291 1353 4359 remedia,
1371 4306 1472 4361 sopra

203 4381 304 4436 ovibus
321 4380 447 4450 pastores
464 4394 519 4432 non
538 4396 603 4434 eves
620 4396 672 4449 pro
689 4378 850 4448 pastoribus
867 4377 975 4433 institui
992 4380 1116 4444 constat,
1134 4377 1188 4449 ipsi
1205 4394 1278 4432 nnnc
1295 4376 1410 4448 exponit
1426 4376 1473 4430 Ju-

202 4465 352 4532 stinianas,
375 4463 535 4535 episcopum
557 4463 634 4518 Elias
656 4464 717 4520 loco
736 4464 882 4519 suffectum
900 4462 989 4518 eidem
1007 4462 1140 4519 ecclesiae
1157 4463 1254 4518 utilem
1275 4463 1360 4530 atque
1379 4477 1473 4516 aarum

203 4568 280 4617 esse,
298 4566 350 4605 nec
367 4549 420 4604 nisi
437 4561 528 4605 canoa
545 4555 698 4617 insidiarum
714 4562 773 4604 saia
789 4553 970 4604 meldradium
988 4548 1024 4603 ab
1043 4564 1077 4604 ea
1094 4547 1178 4618 dejici
1193 4563 1283 4620 posse.

274 4641 296 4704 ³)
314 4635 365 4689 Ed.
384 4641 443 4705 qaia
461 4641 558 4690 destitit
575 4638 733 4693 adhibendis,
768 4633 829 4689 Hoc
845 4634 1110 4703 temperamentum,
1128 4633 1204 4704 quod
1220 4649 1292 4688 nunc
1303 4629 1474 4687 lastinianus

201 4719 351 4795 proponit,
370 4720 534 4776 Horrnisdae
550 4720 687 4790 placuisse
704 4719 769 4774 inde
787 4718 949 4788 conjectura
966 4720 1021 4788 est,
1039 4718 1114 4790 quod
1131 4734 1204 4774 anno
1222 4724 1285 4786 136,
1303 4719 1335 4773 11
1347 4717 1410 4787 jam
1427 4716 1475 4771 ob·

202 4805 328 4873 servavi,
350 4805 583 4875 ierosolymitano
608 4805 723 4861 concilio
745 4804 880 4860 secundus
901 4802 1052 4859 subscribit
1074 4807 1148 4860 Elias
1167 4808 1312 4859 Caesareae
1331 4808 1474 4873 episcopas.

276 4894 298 4960 ⁸)
316 4890 367 4946 ad.
385 4897 433 4946 sed
453 4903 480 4947 et
500 4898 536 4947 ad
557 4897 688 4954 1111111111,
712 4890 747 4945 G¹
766 4902 792 4945 et
812 4895 849 4945 ud
867 4896 1002 4951 unitatem,-
1024 4890 1096 4945 forte
1116 4889 1268 4959 legendum
1290 4900 1317 4944 et
1337 4893 1473 4944 11110111.

1208 4975 1273 5042 68*
