3412 5664
683 337 872 390 omseunas
889 328 980 388 2-3.
1421 324 1464 392 25

247 511 348 583 anepos
361 501 500 560 Dardaniae
515 510 543 558 et
557 501 655 576 lllyrici
670 518 697 558 n.
714 500 748 557 4:
765 500 883 559 Noverit
898 507 993 559 outcm
1009 507 1110 564 nestra
1119 490 1305 575 fraternitas,
1323 506 1464 561 ecclesiae

249 591 633 654 lhtrdonicensie·ontistitcm
649 591 755 644 nostris
771 588 1018 645 adhortationibus
1032 591 1151 660 saepius
1164 592 1314 645 incitatum
1329 593 1463 664 contopio

245 679 403 737 ammoneris
428 680 571 730 externae
591 691 738 746 nunquam
763 675 912 730 declinere
935 676 1071 743 noluisse,
1100 688 1154 730 nec
1179 676 1260 745 opud
1283 691 1335 731 uos
1362 692 1464 731 rromeu

244 767 314 823 leucii
328 763 367 818 oel
386 766 547 817 ceterorum
573 761 704 815 similium
724 760 902 830 perfidorum
923 759 1024 832 hisque
1044 762 1312 816 communicantium
1334 776 1463 833 coupruu

241 848 382 924 professione
396 847 560 902 domooue
593 843 657 898 Nam
674 860 705 898 ex
723 842 818 898 Felicis
840 844 954 917 epistula
971 845 1009 901 18
1025 851 1053 899 et
1068 860 1100 898 cx
1116 842 1215 914 libello,
1235 860 1314 917 quem
1330 844 1464 901 ‹lerlerunt

242 933 363 1011 poahiarh
375 929 567 987 Alexandrinae
582 928 710 984 ecclesiae
727 928 822 1002 legatis
835 927 866 982 ab
877 929 1017 985 hrrastasio
1030 945 1096 1002 papa
1103 927 1363 1004 Constantinopolim
1377 930 1463 986 missis

242 1015 376 1092 {namuh
391 1014 498 1090 epistb
515 1013 581 1085 md)
593 1021 708 1077 constat,
726 1029 808 1068 unum
825 1013 1141 1087 eumdemqnuhndream
1158 1021 1217 1070 totu
1229 1011 1401 1088 pontificatus
1414 1014 1464 1070 Ge·

242 1105 279 1163 hait
291 1113 396 1176 tempure
412 1099 646 1156 'thessalonicensi
663 1098 792 1154 eeclesiae
814 1098 971 1172 praefuisse,
997 1099 1120 1174 adeoque
1143 1098 1231 1155 lucum
1247 1115 1301 1155 nun
1318 1116 1386 1162 esso,
1409 1116 1463 1173 qno

241 1183 493 1246 maurannetus
514 1183 567 1240 illis
591 1183 713 1259 epistulis
740 1183 774 1238 de
794 1183 906 1239 diversis
928 1183 1055 1241 ecclesiae
1077 1183 1148 1240 illins
1170 1183 1334 1241 antistitibus
1355 1183 1463 1243 locutus

242 1273 418 1332 merentiatur.

297 1357 319 1414 i.
346 1355 396 1412 Sed
413 1357 462 1412 hac
477 1355 590 1428 epistola
601 1355 741 1410 Anastasio
757 1355 890 1415 restituta,
907 1370 968 1409 cnm
986 1353 1034 1409 hac
1049 1356 1169 1429 apprime
1184 1361 1337 1429 congruent
1352 1371 1395 1410 res
1408 1371 1465 1411 rno-

241 1445 329 1500 rinentis
352 1443 471 1515 antiquis
491 1439 624 1513 proditae.
658 1439 722 1494 Nam
738 1455 806 1513 qnae
822 1440 849 1496 in
870 1438 1006 1512 praedicto
1034 1438 1125 1495 libello
1147 1447 1256 1495 narrant
1271 1439 1464 1496 Alexandrinae

241 1529 330 1586 ortatu
345 1522 520 1601 apocrisiarii,
544 1522 623 1580 hdem
640 1524 747 1586 iaciunt,
769 1522 901 1580 Anrlream
918 1523 1183 1580 Thessalonicensem
1199 1526 1356 1599 episcopum
1371 1526 1461 1580 s'tatinr

241 1613 418 1669 damnatione
434 1611 566 1666 Anastasii
582 1610 602 1664 ll
617 1610 737 1684 legatum
753 1609 786 1664 ad
802 1626 862 1665 eum
875 1610 981 1664 misisse
996 1618 1024 1664 ut
1039 1626 1099 1664 carru
1115 1625 1147 1664 eo
1164 1608 1196 1664 de
1213 1627 1277 1684 pace
1293 1610 1464 1667 ecclesiarum

241 1699 372 1754 murciae
387 1695 467 1751 rerba
483 1702 510 1750 ct
524 1712 575 1770 pru
592 1695 711 1750 ecclesiis
728 1693 760 1749 ad
772 1695 902 1749 unitatem
915 1694 1071 1750 revocandis
1084 1693 1253 1750 allaborasse.
1286 1694 1363 1763 Quod
1375 1704 1465 1752 autern

242 1782 395 1857 horepistula
415 1783 442 1838 iu
459 1798 509 1836 ms.
526 1780 661 1842 Vaticano,
684 1779 755 1835 nude
777 1788 853 1835 eruta
869 1787 919 1841 est,
940 1779 1098 1836 Laurentio
1114 1781 1148 1836 de
1164 1779 1291 1854 Liquido,
1315 1780 1465 1855 fragmenta

241 1866 405 1938 muejusdem
432 1866 562 1922 Ursicino
588 1867 615 1920 in
636 1864 758 1939 pluribus
782 1881 845 1919 mss.
868 1863 1064 1929 inscribuntur,
1093 1865 1226 1921 neminem
1247 1881 1356 1921 movere
1375 1864 1464 1927 debet,

240 1970 295 2027 uon
303 1951 475 2008 bumanorum
490 1947 648 2025 puntiheum
661 1949 792 2005 sollemne
803 1951 847 2011 sit,
861 1948 938 2023 plura
949 1949 1069 2021 eJ'nsdem
1083 1948 1213 2024 epistulae
1225 1951 1345 2024 exerrrpla
1357 1950 1463 2025 singula

239 2038 320 2112 muniis
339 2035 459 2107 ejusdem
475 2036 628 2109 provinciae
644 2035 776 2108 episcopis
800 2036 916 2090 mittere.
948 2032 1066 2109 Excepto
1083 2035 1168 2108 igitur
1183 2035 1302 2097 exordio,
1320 2035 1392 2109 quod
1409 2036 1465 2091 lur-

238 2124 285 2179 dtan
295 2122 439 2184 homuntio,
456 2122 516 2195 quia
531 2122 588 2194 ipsc
604 2121 679 2194 prior
693 2121 845 2194 scripserat,
862 2120 1002 2193 proprium
1014 2128 1079 2184 erat,
1096 2119 1128 2174 de
1140 2129 1230 2176 cetero
1243 2137 1333 2194 parem
1342 2119 1464 2176 Ursicino

238 2208 342 2283 molem
357 2209 463 2263 missam
480 2206 563 2261 luisse
579 2204 654 2260 valde
669 2203 807 2278 probabile
823 2213 874 2260 est.

295 2294 318 2350 3.
345 2291 383 2348 Nc
399 2301 487 2348 tamen
508 2291 602 2347 lecturi
624 2289 824 2346 incommodum
840 2290 976 2351 iaciamus,
999 2292 1044 2364 qni
1060 2290 1201 2364 epistulam
1216 2290 1285 2346 hanc
1299 2292 1371 2347 inter
1386 2290 1463 2347 Gula·
1479 2293 1555 2363 [Edi

236 2378 397 2452 contegere
413 2385 570 2438 eoruuetus,
585 2377 609 2431 si
623 2392 678 2431 non
694 2376 834 2438 invenerit,
856 2374 934 2431 facile
950 2373 1075 2431 turbetur
1090 2384 1118 2431 et
1128 2374 1173 2431 ubi
1181 2374 1236 2445 jam
1248 2385 1358 2450 quaerat
1370 2377 1464 2432 ansius

236 2462 320 2526 amat
340 2470 424 2536 utque
444 2462 523 2519 simul
540 2460 602 2516 hdei
623 2459 745 2516 codicum
761 2476 863 2515 arsurem
879 2476 1012 2534 geramus,
1034 2462 1081 2535 qni
1096 2460 1215 2516 eamdem
1231 2460 1288 2517 seru
1304 2477 1397 2518 omnes
1414 2461 1464 2517 Gu-

235 2547 282 2603 losio
291 2546 447 2605 inscribunt:
474 2549 510 2603 ita
527 2563 583 2602 rem
599 2545 790 2620 disposuimus,
812 2553 841 2600 ut
863 2545 935 2601 illius
956 2547 1159 2619 inscriptionem
1180 2554 1207 2601 ct
1222 2547 1296 2601 initia
1317 2548 1397 2602 etiam
1413 2548 1465 2602 lroc

234 2631 277 2688 hro
293 2633 404 2705 {Gelosii
421 2635 571 2705 epistolum
587 2629 616 2703 2)
637 2647 778 2705 ponamus,
801 2638 904 2687 textum
926 2632 1013 2706 ipsnm
1035 2640 1124 2687 autem
1151 2639 1178 2687 et
1200 2639 1276 2689 nutas
1292 2632 1397 2688 criticas
1412 2649 1463 2708 pru

232 2720 350 2776 hatrat
362 2719 398 2776 ll
418 2720 538 2791 epistota
555 2717 573 2774 3
589 2715 770 2786 subjiciamus.

422 2902 461 2964 In
482 2902 601 2964 minuit
622 2918 722 2980 papae
744 2900 907 2979 epistulam
928 2900 948 2960 3
970 2897 1089 2982 (‚,Quod
1098 2900 1235 2984 plenu“).

295 3027 318 3081 1.
352 3024 497 3100 Epistulam
513 3025 583 3080 haam
597 3041 681 3099 quum
697 3031 802 3079 veteres
817 3023 992 3079 conciliorum
1008 3023 1192 3087 collectiones,
1214 3032 1271 3080 turn
1289 3025 1464 3098 epistularum
1479 3027 1554 3097 [Ed]

228 3108 397 3181 mallianum
413 3109 497 3166 editio
512 3108 637 3170 Romana,
655 3118 711 3165 tum
727 3110 805 3164 etiam
822 3109 951 3163 baronius
967 3108 999 3163 ad
1015 3125 1112 3165 antrum
1127 3108 1188 3165 492
1205 3127 1232 3165 n.
1250 3109 1373 3168 10-25
1389 3127 1465 3184 prae·

228 3191 287 3249 beot
309 3195 335 3251 ln
347 3197 419 3251 nutis
433 3211 567 3251 canonum
582 3192 788 3251 collectionibus
804 3194 888 3257 deest,
905 3193 994 3248 solnm
1009 3195 1035 3248 in
1051 3193 1256 3258 Veronensi46‚
1273 3195 1464 3251 bracianurum

228 3276 425 3336 documentorum
446 3279 616 3342 collectione,
639 3287 666 3334 et
687 3280 713 3333 in
729 3277 925 3353 posterioribus
941 3278 1156 3335 Pseudo-isidori
1172 3278 1359 3336 additamentis
1382 3279 1466 3352 (codi-

228 3361 287 3419 obtn
299 3367 322 3421 in
336 3365 453 3421 editione
470 3364 589 3420 llinschii
605 3367 696 3421 clerssi
707 3363 729 3420 C
742 3361 888 3435 attributis)
907 3362 1028 3420 habetur.
1061 3363 1113 3420 Pro
1131 3372 1208 3420 textu
1223 3367 1282 3435 ejus
1298 3364 1464 3422 emendando

229 3446 264 3503 tie
275 3449 366 3506 cadces
381 3448 551 3519 durbojensis
566 3457 595 3504 et
610 3449 780 3521 Remigianus
796 3466 845 3503 nec
861 3465 915 3504 nun
932 3449 1072 3510 Vaticanus
1090 3448 1172 3507 1340
1187 3448 1297 3506 adhibiti
1313 3459 1386 3506 snnt.

295 3532 319 3591 l.
359 3533 473 3590 Litteras
494 3535 627 3590 aliusnon
649 3538 918 3590 communicatorias
938 3533 1046 3607 quidem
1066 3534 1114 3590 sed
1137 3539 1372 3606 commonitorios,
1397 3554 1465 3610 quae

229 3617 358 3681 adludat,
381 3628 443 3675 aute
466 3636 479 3674 a
501 3619 606 3674 Gelasio
628 3618 660 3673 ad
682 3618 806 3674 eurrrdem
827 3617 1004 3693 Eupheminm
1028 3621 1143 3693 scriptas
1164 3637 1224 3676 esse
1245 3620 1374 3676 Bnrunius
1396 3621 1465 3677 arhi-

228 3709 305 3758 tratur.
332 3704 409 3760 atina
431 3713 519 3760 tamen
535 3703 630 3759 suadet
647 3705 734 3777 ipsum
750 3703 881 3776 epistulae
896 3705 1074 3778 prooemium.
1105 3704 1143 3760 lbi
1159 3722 1255 3779 nempe
1270 3713 1389 3767 notatur.
1411 3709 1465 3781 pri·

228 3802 287 3842 nam
298 3786 464 3863 Euphemiam
480 3788 642 3862 aliquamdiu
654 3796 834 3862 exspectasse,
852 3806 915 3844 rrum
926 3787 1046 3844 Gelasius
1062 3789 1248 3863 pontificatum
1262 3791 1349 3846 iniens
1360 3792 1465 3848 litteras

228 3869 379 3930 abuteris
395 3891 459 3929 snae
474 3874 576 3930 indices
591 3875 642 3948 ipsi
657 3873 690 3928 de
706 3890 781 3928 rnure
797 3875 930 3936 mitteret;
946 3873 993 3928 sed
1010 3891 1092 3947 quum
1107 3876 1171 3931 rriiril
1184 3876 1326 3949 acciperet,
1341 3876 1464 3932 eumdem
1514 3923 1517 3928 .
1593 3872 1597 3878 ’

227 3957 426 4027 attentendum
442 3957 560 4022 elusisse,
577 3968 607 4013 nt
621 3960 660 4014 sic
675 3966 846 4032 provocatae,
863 3960 885 4013 si
901 3975 956 4014 nun
972 3958 1116 4015 salutasset
1131 3962 1244 4035 prirnus,
1260 3960 1354 4016 saltem
1370 3979 1465 4018 sccun-

227 4038 458 4100 transumens
479 4043 649 4099 salutationis
669 4045 751 4099 ricem
774 4042 921 4116 rependere
942 4061 997 4099 rrun
1017 4043 1225 4118 dedignaretur,
1251 4044 1328 4102 Nnuc
1347 4064 1411 4103 veru
1432 4047 1465 4103 ad

225 4125 307 4195 trinos
320 4127 374 4184 illas
388 4127 525 4201 Euphernii
541 4127 644 4184 litteras
660 4118 782 4184 rescribit
797 4128 927 4184 dolosius.
959 4127 1034 4184 Unde
1050 4131 1113 4186 mihi
1125 4130 1339 4186 demonstratum
1352 4131 1464 4194 ridetur,

224 4208 299 4265 nelias
311 4212 368 4268 alias
384 4212 417 4267 ad
432 4212 608 4287 Euphemiam
625 4213 696 4268 illins
712 4215 821 4269 rrurnine
837 4215 1026 4286 praecessisse.
1057 4215 1155 4270 Verum
1171 4233 1226 4272 nun
1241 4216 1383 4291 ignorabat
1395 4217 1464 4273 idem

222 4295 334 4367 miles,
349 4314 415 4371 quas
431 4296 578 4371 Euphemiu
594 4298 697 4354 litteras
714 4297 785 4355 Felix
800 4299 945 4371 scripserat
961 4299 1121 4374 qnasve'ipsi
1138 4310 1317 4375 proposuerat
1333 4301 1465 4358 ineundae

222 4380 468 4449 monstruosos.
500 4382 532 4438 Et
548 4384 608 4456 quia
623 4383 737 4439 necdum
752 4383 848 4439 adduci
862 4391 989 4456 potuerat
1003 4383 1049 4439 illu
1065 4386 1181 4458 praesul,
1201 4394 1229 4441 at
1245 4387 1283 4442 eis
1300 4404 1401 4442 risorem
1417 4404 1465 4461 ge·

220 4474 291 4527 met
310 4484 359 4523 non
374 4468 423 4522 alia
439 4467 589 4540 quaerenda
605 4477 646 4523 est
662 4485 749 4530 cansa.
772 4486 821 4524 cnr
842 4468 931 4541 praullu
947 4470 1067 4542 asperius
1083 4488 1143 4526 etrrn
1166 4470 1212 4527 illu
1227 4479 1299 4545 agat,
1321 4488 1400 4545 quam
1417 4490 1465 4544 pu·

217 4547 308 4605 §tabee
330 4551 470 4608 rideantur
496 4551 602 4609 litterae
630 4553 700 4609 illius
724 4553 810 4609 verbis
837 4553 1042 4610 officiosissimis
1064 4563 1146 4629 atquc
1167 4555 1352 4611 observantiae
1378 4557 1464 4629 polenis

216 4632 328 4692 metae.
358 4636 425 4692 ilinc
440 4653 552 4711 puursus
569 4638 737 4694 manifestum
753 4647 803 4701 est,
826 4639 966 4711 epistolam
983 4641 1060 4695 istam
1076 4640 1108 4695 nd
1124 4643 1211 4714 ipsum
1228 4641 1359 4696 Gelasiani
1375 4643 1465 4714 potui·

214 4720 301 4775 fialas
321 4723 422 4777 initium
445 4739 499 4777 nun
521 4725 645 4778 attinere.
684 4726 717 4779 At
739 4724 804 4779 nilul
827 4731 907 4787 vetat,
929 4726 1073 4798 quuuriuus
1089 4725 1121 4780 ad
1139 4727 1240 4781 exitum
1262 4727 1323 4781 anni
1339 4725 1400 4782 492
1424 4727 1464 4783 ecl

210 4806 311 4861 duriter
323 4808 466 4862 celeratur.
498 4807 531 4862 Ea
547 4810 617 4863 enim
633 4811 805 4882 impatientia,
829 4826 880 4883 qua
896 4808 1058 4884 Enphernins
1071 4810 1168 4866 Gelasii
1186 4812 1400 4866 currimuniunem
1417 4829 1464 4867 ex·

204 4891 317 4971 pudeat,
344 4893 425 4963 th'ns
445 4892 494 4948 sihi
516 4893 697 4951 conciliandae
718 4894 827 4950 nrnltam
849 4911 949 4951 situram
971 4897 1106 4971 interponi
1127 4914 1181 4953 non
1202 4894 1314 4951 sinebat.
1352 4888 1427 4952 illum
1450 4915 1463 4951 a
