3450 5678
77 1813 162 1875 'r'‚l5

165 164 229 229 590
641 180 668 225 s.
686 178 828 227 55555555
850 178 964 225 nnana

166 334 349 414 assumunt,
374 331 454 415 et⁶⁵l
477 333 513 393 ut
535 330 575 393 ad
599 353 685 414 eam,
720 331 803 395 sicut
826 331 995 416 competit,
1028 332 1221 416 perveniant
1243 352 1459 415 conseque:
1477 360 1607 415 Q

166 434 256 518 dam,
276 434 345 518 jam
368 433 436 516 ejus
458 453 516 516 per
538 437 705 516 parentem
727 432 851 497 fidelem
874 432 1057 497 rudimenta
1078 432 1280 519 percipiunt,
1309 434 1344 497 et
1365 433 1607 516 ο(1ιιξ;]4

167 558 234 601 rem
255 538 387 600 sanctae
408 535 549 598 notionis
578 539 773 619 agnoscunt:
802 534 950 617 precibus
973 533 1149 600 Christiani
1179 534 1344 619 parentia,
1372 558 1604 639 quq-d

167 639 225 701 bns
247 637 293 701 eis
315 638 384 701 sine
407 638 557 721 ambiguo
580 636 769 720 imploratur
791 636 899 700 divina
921 636 1155 719 misericordia,
1185 636 1296 722 ntique
1318 640 1471 703 sanct}
1489 674 1607 719 ,ης

167 739 273 803 ficatio
291 738 361 822 jara
388 739 573 822 praebetur,
607 744 638 802 et
665 738 850 821 plerumque
878 738 981 802 fidelis
1009 738 1114 802 studio
1143 738 1288 824 parentis
1317 738 1370 802 vel
1399 762 1462 805 as
1605 807 1607 820 1

168 839 363 904 venerabilia
384 840 455 903 loca
477 841 600 924 parvuli
628 840 830 923 deferuntur,
863 841 912 904 vel
941 841 1038 904 etiam
1067 838 1288 905 nescientibus
1318 846 1456 905 renat*
1471 870 1607 924 *1

167 942 256 1005 fonte
278 942 481 1025 baptismatis
504 942 718 1006 sanctificatio
741 941 837 1026 plena
860 942 1033 1025 confertur,
1057 945 1113 1006 aut
1135 942 1222 1005 nbi
1208 963 1279 1023 Jarn
1303 964 1404 1025 capae
1426 973 1607 1022 ,μ-ρ,

168 1044 302 1108 rationis
326 1044 421 1108 exstit
423 1044 770 1128 551555,551155515155ΓΙ
794 1047 827 1107 et
848 1044 1024 1108 insinuatio
1039 1043 1084 1128 pii
1106 1043 1253 1127 parentis
1268 1044 1544 1129 ingerite-132,
1584 1082 1607 1128 „3

167 1146 256 1221 Quae
278 1146 386 1211 amnia
408 1146 673 1210 sanctificationis
696 1094 911 1210 instlurnenta
932 1168 1000 1210 esse
1016 1145 1170 1209 manifest
1156 1149 1224 1209 turn
1240 1150 1301 1229 est,
1325 1146 1607 1231 quita-fla„

168 1252 224 1311 aut
210 1248 286 1312 tad
309 1249 377 1332 ejas
400 1248 534 1312 venirmt
520 1248 708 1311 5555515
676 1252 756 1330 cnr
792 1251 847 1311 55
875 1249 899 1312 si
930 1248 992 1311 ista
1019 1247 1217 1330 despiciunt,
1251 1247 1607 1331 metaneae,
1556 1280 1607 1327 .
1604 1291 1607 1299 -

168 1351 423 1415 sanctificatione
452 1350 640 1435 dispoliant,
676 1354 708 1414 et
735 1300 874 1436 gratiam
904 1349 980 1431 1151,
1015 1370 1096 1434 quae
1124 1348 1175 1413 his
1203 1370 1262 1433 per
1289 1348 1484 1413 affectat
1510 1376 1603 1431 'lun

168 1453 360 1539 parentis⁸⁷)
384 1452 551 1536 ingeritur,
576 1452 739 1515 evidenter
762 1456 931 1535 evacuant,
956 1454 1050 1537 atque
1073 1451 1119 1515 ita
1140 1451 1179 1515 de
1196 1451 1322 1517 sanctis
1338 1452 1388 1516 rel
1559 1462 1595 1527 d·

168 1556 399 1619 eruditionibus
422 1555 605 1618 sanctitatis
628 1554 776 1636 abscissi,
811 1554 845 1617 in
873 1576 939 1617 non
967 1556 1151 1618 sanctorum
1178 1554 1344 1619 consortia
1371 1576 1392 1639 p
1430 1584 1502 1613 ιο
1516 1577 1585 1621 15.

166 1656 245 1721 fana
273 1657 478 1742 rediguntur:
514 1656 552 1721 de
580 1656 694 1740 quibus
721 1654 930 1719 nihilominus
963 1655 1010 1720 sic
1038 1655 1124 1720 dieat
1110 1658 1178 1737 tur,
1213 1654 1376 1739 quomodo
1540 1660 1577 1722 de

68 1742 153 1797 ’(01
154 1759 353 1843 parentibus
376 1781 484 1822 corum
512 1758 693 1822 infidelibus
715 1760 867 1842 praecept
869 1780 938 1821 um:
972 1761 1007 1819 S'r'
1027 1764 1079 1833 ms
1080 1763 1155 1821 deles
1183 1762 1248 1821 55511
1270 1762 1565 1837 discoctae-se,

154 1858 312 1925 ”discedat
357 1859 596 1945 Numquidnam
624 1859 704 1924 haec
731 1881 851 1945 genera
878 1881 954 1923 sanc
957 1860 1043 1923 titat'
1034 1882 1061 1923 rs
1020 1859 1141 1924 1551
1169 1858 1390 1925 sanctificatio
1447 1880 1507 1921 J
1521 1860 1561 1923 ris

167 1962 207 2026 dc
229 1966 363 2046 utroque
385 1964 522 2046 profano
544 1966 678 2046 parente
701 1961 880 2047 progenitis
907 1961 981 2025 tiliis
1003 1960 1218 2025 intimantur?
1255 1961 1345 2027 Ecce
1366 1960 1556 2049 q-azid

168 2066 303 2129 int-erest
330 2064 416 2128 inter
442 2063 582 2128 sobolem
610 2086 648 2127 cx
671 2064 726 2128 illo
759 2063 809 2127 vcl
837 2064 899 2127 isto
934 2063 1083 2148 conjugio
1111 2067 1333 2147 procreatam
1369 2082 1552 2129 caece

168 2166 431 2250 quemadmodum
455 2166 508 2230 isti
531 2165 706 2229 familiares
729 2169 762 2228 et
784 2166 954 2250 propinqui
972 2170 1048 2229 sunt
1062 2164 1324 2251 sanctiticatill),
1347 2170 1549 2249 atque

168 2268 239 2331 ideo
263 2291 327 2331 non
350 2268 508 2332 immerito
529 2275 630 2332 suncti
657 2270 733 2331 sunt
754 2267 848 2351 editi,
883 2271 915 2331 et
942 2268 1056 2352 quibus
1083 2267 1194 2332 diuina
1221 2262 1547 2333 adseram-dia

169 2375 401 2454 consequenter
423 2371 490 2454 ejus
513 2371 661 2455 precibus
684 2369 882 2453 imploratur,
907 2371 1023 2456 quique
1046 2392 1119 2434 cum
1140 2370 1265 2435 sanctis
1279 2370 1383 2436 educa
1396 2372 1483 2431 t.
1499 2364 1546 2427 in

169 2472 262 2535 nibus
284 2472 473 2536 imbuuntnr
496 2475 529 2536 et·
550 2495 660 2536 sacrae
682 2471 847 2555 religionis
876 2472 1047 2536 initiantur
1068 2472 1200 2555 aflectu,
1231 2471 1274 2536 ad
1303 2472 1462 2557 cujus
1522 2466 1545 2529 Sl

169 2574 373 2657 pervenerint
390 2575 634 2660 firmitatemlll,
658 2574 744 2638 illias
767 2596 825 2659 per
840 2577 1076 2639 sacramentum
1091 2574 1364 2641 sanctificationis
1379 2569 1546 2659 ple

169 2676 348 2740 nitudinenr
382 2680 633 2761 consequuntur,
673 2676 762 2760 cnjus
796 2699 853 2760 por
885 2676 1011 2740 fidelem
1037 2680 1207 2761 parentem
1236 2677 1339 2741 etiam
1365 2700 1423 2741 n.
1437 2676 1546 2737 :nite

168 2783 404 2843 sacramentum
428 2779 609 2843 rudimenta
632 2782 846 2863 sumpserunt,
870 2802 927 2864 per
942 2802 1022 2864 qnae
1038 2779 1220 2843 rudimenta
1236 2779 1311 2864 jam
1325 2802 1422 2845 san
1445 2774 1545 2855 «a,

168 2881 221 2965 qui
244 2886 357 2946 sancta
380 2882 581 2946 institutione
603 2881 890 2966 praeparabantur,
916 2905 981 2946 non
1003 2882 1180 2967 incongrue
1201 2884 1281 2947 sarit
1303 2876 1524 2947 veranii.

255 2986 304 3049 18.
336 2984 496 3070 Numquid
520 2987 627 3047 autem
649 2983 723 3067 quia
746 2983 866 3048 dictum
889 2988 938 3049 est
959 2984 1156 3049 sanctificari
1178 2983 1346 3049 infidelem
1369 3006 1446 3047 c·-
1469 3002 1540 3047 <ra-

165 3086 277 3171 jngern
300 3087 514 3171 perfidelem,
538 3087 584 3149 ita
606 3076 804 3170 dictumest,
828 3091 864 3150 ut
881 3087 951 3170 jam
973 3086 1121 3171 propriae
1145 3086 1349 3151 credulitatis
1386 3108 1464 3149 S
1481 3106 1534 3151 aa·

169 3189 364 3254 ctifieatione
386 3211 452 3252 non
475 3192 579 3273 egeat,
604 3211 641 3252 ac
664 3211 730 3252 non
752 3189 856 3273 magis
879 3189 959 3271 ideo,
984 3189 1058 3274 quia
1080 3211 1138 3273 per
1160 3188 1252 3253 illam
1274 3188 1414 3255 famili
1438 3190 1528 3255 ari·

167 3293 268 3354 tatem
295 3291 397 3355 fidelis
427 3291 573 3376 corrjngis
602 3291 828 3375 percipiendae
861 3291 1112 3355 sanctificationi
1145 3291 1313 3375 proximus
1339 3290 1439 3355 sit.-
1492 3302 1519 3359 er

169 3394 365 3477 propinquus
388 3394 543 3457 eftectus?
579 3392 663 3456 Nam
686 3394 712 3457 si
732 3394 800 3475 jain
824 3394 1044 3458 sanctificatus
1066 3392 1237 3478 diceretur,
1263 3396 1302 3459 at
1323 3414 1434 3459 sau
1453 3396 1509 3461 ‹ti-

168 3495 318 3558 tieationc
342 3497 469 3578 penitus
492 3517 555 3559 non
580 3500 700 3578 egeret,
724 3518 789 3559 non
812 3495 851 3559 de
874 3497 984 3559 eodeni
1006 3496 1039 3559 in
1064 3496 1336 3580 eorrsfflprentibns
1365 3494 1499 3561 dice

169 3600 231 3660 ret:
258 3604 392 3674 lupinus
413 3605 441 3659 55·
462 3604 524 3661 ond
545 3604 709 3674 discedere,
735 3605 883 3663 discedet.
923 3597 975 3661 Sic
998 3618 1075 3681 crgo
1097 3602 1130 3661 et
1152 3598 1210 3661 lilii
1234 3620 1343 3663 eonun
1370 3618 1418 3659 u
1435 3614 1490 3663 wr-

169 3699 274 3782 enpati
299 3703 374 3762 sunt
395 3707 510 3782 5555511,
534 3700 609 3784 qnia
631 3700 815 3783 persancti
839 3700 982 3783 parentis
1004 3701 1155 3765 atl'ectrnn
1175 3700 1358 3785 capiendae
1394 3694 1481 3765 ³⁸·th

235 3974 267 4038 1·”·)
288 3972 329 4025 lta
348 3971 395 4039 G¹3
419 3973 465 4025 alii
490 3974 623 4026 omittunt-
644 3986 681 4036 er,
704 3972 776 4027 ande
799 3976 827 4028 a’
851 3972 1103 4043 interpunctionem
1124 3976 1236 4027 5551555
1253 3976 1362 4027 coacta
1413 3962 1458 4023 snit

168 4060 317 4126 (quemdem.
341 4063 416 4117 ,15555
452 4057 516 4109 Mox
536 4076 597 4111 enm
616 4062 650 4111 (1Ι
670 4065 791 4117 erationis,
811 4059 857 4112 ubi
876 4058 923 4113 alii
941 4064 1095 4127 eeloptr'oatr.

235 4146 267 4207 ⁵⁶)
287 4142 329 4194 lta
346 4142 414 4195 editi
433 4161 493 4195 enni
514 4146 557 4196 tl'.
586 4142 650 4197 vat.
670 4148 718 4211 (5³)
737 4148 1157 4200 5115515155511551555115555.

234 4230 266 4293 ⁶²)
284 4225 398 4293 angati
416 4240 560 4296 parentam,
585 4229 682 4282 molins
704 4247 767 4281 men.
789 4235 913 4297 pareatis.
951 4228 992 4283 Dc
1014 4229 1107 4299 pueris
1129 4229 1205 4283 enirn
1227 4222 1378 4283 55555515(
1415 4234 1442 4273 ⁸¹¹

167 4326 221 4366 nno
241 4313 313 4366 tideli
333 4316 359 4366 ct
380 4314 468 4366 altera
486 4313 590 4366 infideli
609 4316 724 4383 parcente
743 4313 908 4383 progenitis.

234 4402 267 4467 ⁶⁸)
286 4402 314 4452 „a
331 4404 527 4465 sanctificationi
544 4398 663 4453 rrnrtavit
681 4402 797 4468 propter
808 4400 955 4461 serinonis,
973 4402 1004 4454 ut·
1016 4398 1068 4464 ait,
1086 4398 1278 4467 integritatem
1290 4403 1316 4453 51
1326 4400 1434 4451 mrum·

167 4502 240 4551 5555
258 4503 284 4538 n.
306 4492 335 4537 rs
353 4486 544 4552 proferuntur,
563 4484 778 4537 similitudinem.
811 4483 866 4537 Sed
885 4485 976 4539 nescio
995 4502 1031 4538 an
1049 4500 1112 4537 cnrn
1125 4484 1161 4535 o¹
1180 4488 1209 4539 et
1227 4482 1307 4537 editis
1320 4470 1430 4533 sarw-

166 4575 219 4622 eari
236 4569 302 4633 (scil.
323 4567 411 4621 tidelis
434 4571 567 4637 parentini
586 4570 775 4629 retinendum.
799 4587 832 4623 ne
851 4570 923 4624 desit
944 4586 1069 4639 prorsus,
1093 4568 1130 4622 ad
1151 4554 1427 4639 5555555555«111ι

167 4658 305 4721 (precibus)
323 4655 467 4707 relcrulnr.

235 4742 266 4809 l⁹)
286 4739 320 4792 G¹
340 4745 515 4807 infirmitatem.
