3450 5678
377 304 439 369 734
827 321 854 369 s.
873 321 1055 370 suatuacm
1078 321 1191 367 aaran

376 475 520 538 medetur
542 475 693 538 externis.
728 474 825 538 Absit
848 474 985 539 afflictos
1000 474 1115 557 dicere,
1139 496 1217 559 quos
1240 474 1281 538 ad
1303 496 1358 538 vos
1381 475 1558 561 contigerit
1580 498 1660 561 per-

375 577 515 642 venisse:
544 577 696 640 creatoris
718 576 873 660 patriam',
903 598 980 661 apes
1002 576 1079 641 alibi
1102 598 1168 642 nan
1189 577 1373 663 requirunt,
1408 600 1486 662 quos
1509 600 1660 643 coronae

376 682 501 743 vestrae
524 701 600 743 cura
622 678 818 762 susceperit.
854 677 1064 742 Praesentnm
1091 678 1232 762 bajulus,
1261 682 1350 744 orius
1378 679 1547 763 nobiliter,
1578 703 1658 764 pra

375 779 486 845 futura
508 780 547 845 ad
570 781 788 844 testimonium
818 781 1028 865 ingenuitatis
1056 781 1161 844 studia
1183 780 1330 845 Romana
1361 782 1504 866 requirit.
1553 782 1658 847 Nunc

377 882 569 947 beatitudini
592 886 716 946 vestrae
738 904 808 946 mea
830 882 983 966 supplicis
1005 883 1104 946 vestri
1120 883 1322 947 commendat
1336 884 1480 963 assertio,
1503 890 1544 948 ut
1566 885 1660 949 salu·

376 985 508 1048 tationis
531 984 669 1048 servitiis
691 984 866 1069 dignanter
887 985 1043 1069 acceptis,
1068 985 1149 1069 quad
1173 1007 1231 1048 usu
1254 984 1377 1068 facitis,
1406 1007 1464 1068 pro
1485 988 1550 1050 mei
1575 1010 1659 1050 con-

377 1085 570 1150 sideratione
592 1087 784 1170 geminetur.

877 1239 1059 1343 Epistola
1085 1239 1142 1322 et.

682 1391 835 1458 Ennadii
857 1391 901 1457 ad
925 1390 1176 1473 Symmachum
1199 1410 1336 1475 papam.

530 1532 636 1581 Beatam
653 1532 779 1582 sublimem
797 1533 981 1583 adolescentem
998 1532 1114 1597 pontifici
1128 1534 1234 1596 parenti
1250 1534 1354 1582 amnium
1371 1532 1492 1583 insinuat.
1664 1538 1712 1600 pi

529 1664 733 1729 Ennodius
756 1664 994 1749 Symmacho.

461 1765 535 1830 Non
551 1767 763 1831 inefficaciter
777 1768 891 1851 poscit,
915 1768 969 1852 qui
985 1766 1113 1852 parenti
1127 1766 1270 1830 omniurn
1284 1765 1473 1852 peregrinos
1488 1766 1649 1833 insinuat.

376 1867 545 1932 Nobilibus
567 1869 728 1953 generalis
750 1869 883 1933 debetur
905 1869 1048 1951 assertio,
1072 1868 1210 1932 maxime
1230 1868 1315 1951 apud
1331 1890 1394 1951 eos,
1418 1869 1473 1953 qui
1488 1869 1649 1935 beneficia

376 1971 523 2035 tribuunt
543 1993 609 2034 non
632 1970 746 2055 rogati.
792 1970 928 2034 Beatum
950 1970 1118 2034 sublimem
1146 1970 1396 2053 adolescentem,
1426 1972 1648 2054 praesentium

376 2073 529 2156 bajulum,
553 2073 581 2137 si
604 2094 722 2137 corona
744 2077 850 2137 vestra
872 2073 1045 2157 dignanter
1067 2072 1215 2157 accipiat,
1244 2073 1444 2157 praeclarum
1463 2072 1563 2156 juxta
1583 2096 1646 2138 ma

376 2197 444 2238 rem
465 2174 627 2259 pontificis
649 2177 744 2238 amat
765 2174 915 2239 afficimn.
966 2174 1026 2238 Est
1052 2175 1155 2258 enim,
1192 2175 1246 2259 qui
1275 2175 1415 2260 gratiam
1444 2181 1587 2239 vestram
1614 2181 1647 2240 et

377 2276 539 2342 natalibus
573 2279 605 2340 et
638 2276 778 2340 moribus
813 2280 983 2341 mereatur.
1042 2276 1169 2341 Sufficit
1201 2276 1309 2361 dignis
1342 2276 1456 2339 stricta
1489 2277 1642 2342 laudatio.

376 2377 472 2444 Nunc
499 2378 637 2442 servitiis
666 2380 869 2443 salutationis
903 2378 1054 2442 exhibitis
1080 2400 1176 2462 rogo,
1213 2381 1250 2441 ut
1277 2399 1327 2441 me
1355 2381 1520 2442 amantem
1549 2379 1644 2443 vestri

377 2481 478 2545 crebri
502 2480 649 2544 relevetis
671 2482 928 2564 promulgatione
951 2480 1109 2566 colloquii.

882 2774 1136 2848 Notitia

398 2905 601 2975 epistolarum
620 2920 680 2960 non
700 2905 904 2975 exstantium,
923 2921 1002 2975 quae
1021 2907 1057 2961 ad
1076 2921 1103 2961 s.
1123 2906 1328 2974 Symmachum
1346 2919 1455 2974 papam
1473 2907 1624 2962 attinent.

994 3043 1011 3107 l

376 3172 404 3208 a.
421 3151 598 3211 498-506.
636 3151 801 3224 Symmachi
815 3153 854 3208 ad
868 3153 1029 3210 Ennadium
1044 3154 1080 3208 de
1094 3155 1232 3226 expensis
1247 3156 1275 3210 in
1292 3155 1361 3210 aula
1380 3153 1557 3211 Theoderici
1568 3159 1648 3229 sepis

524 3238 673 3311 faciendis
688 3241 792 3294 cantia.

287 3327 362 3398 [sd]
459 3338 487 3394 ln
504 3341 574 3395 tristi
589 3340 741 3402 certamine,
758 3339 1013 3414 quadSymmachus
1028 3342 1105 3397 initia
1121 3338 1295 3414 pontificatus
1310 3356 1370 3396 curn
1386 3339 1547 3397 adversariis
1562 3343 1647 3398 susti·

375 3425 448 3486 nuit,
469 3441 548 3498 saepe
569 3424 601 3479 ad
618 3424 705 3479 aulam
720 3424 880 3482 Theudorici
896 3427 969 3501 regis
991 3424 1196 3488 recurrendum,
1220 3424 1311 3498 ibique
1333 3433 1362 3480 ut
1383 3427 1465 3480 moris
1487 3427 1578 3483 cariae
1599 3444 1646 3483 er·

375 3525 473 3582 pensae
489 3509 623 3565 faciendae
639 3517 724 3565 erant.
756 3509 793 3565 ita
810 3510 891 3567 modo
906 3513 1050 3585 episcopus
1067 3518 1097 3566 ut
1111 3508 1429 3566 videturlledialanensis
1440 3509 1503 3584 plns
1516 3512 1647 3586 quadris·

375 3603 473 3668 gentas
495 3596 551 3648 aori
572 3594 675 3650 solidas
698 3599 786 3651 certis
801 3598 967 3667 patentibus
987 3596 1122 3670 erogavit,
1151 3593 1230 3651 iidem
1250 3594 1356 3650 dicente
1371 3593 1496 3651 Ennatda
1517 3595 1644 3653 diacona.

375 3680 426 3745 itui
441 3679 472 3733 ad
488 3678 514 3735 id
530 3682 643 3735 litteras
663 3684 760 3736 sancti
776 3697 875 3752 papae
896 3699 925 3736 se
947 3679 1071 3737 habuisse
1092 3688 1207 3737 testatur
1222 3678 1311 3753 (epist.
1326 3678 1442 3752 ttt,10)‚
1468 3683 1576 3754 quibus
1596 3686 1646 3739 ttte

368 3765 468 3835 jussit,
482 3766 619 3838 quidquid
629 3782 702 3837 opas
713 3773 787 3822 essct
796 3769 870 3837 fieri,
885 3764 1101 3839 cumOEnnadiii
1111 3767 1216 3822 debere
1230 3769 1387 3822 securitate
1402 3769 1553 3839 compteri.
1574 3766 1645 3834 Qua·

375 3858 487 3922 propter
502 3850 544 3906 hic
560 3849 682 3923 quidem,
706 3866 788 3924 quum
804 3860 973 3924 repeteretur
987 3867 1096 3915 aurum,
1123 3849 1297 3907 luminosum
1318 3851 1404 3906 virum
1417 3849 1563 3908 sublimem
1579 3861 1645 3909 tuuc

375 3931 473 3989 homae
488 3933 631 4008 degentem
647 3942 674 3990 et
690 3935 858 3992 hormisdam
874 3936 1085 4009 dioscorumque
1101 3935 1242 4000 diacanos,
1265 3944 1295 3991 ut
1315 3951 1365 4009 pro
1380 3935 1558 3993 restitutione
1572 3936 1643 4012 apud

374 4018 529 4092 pontificem
544 4029 664 4094 agerent,
681 4022 787 4095 rogavit
802 4019 892 4095 (epist.
910 4020 952 4085 ill.
967 4022 1015 4085 10.
1032 4020 1072 4083 vt,
1088 4021 1126 4079 16
1142 4029 1170 4076 et
1185 4020 1246 4094 33).
1283 4018 1343 4088 Quo
1363 4029 1454 4076 autem
1470 4021 1643 4095 patimus·

375 4113 496 4178 ternpore
511 4106 622 4179 sponsio
638 4107 688 4161 ista
703 4104 839 4180 pontificis
855 4106 923 4162 iacta
937 4108 982 4169 sit,
999 4123 1062 4161 num
1077 4107 1169 4162 statim
1184 4107 1211 4161 iu
1226 4106 1302 4162 initia
1315 4103 1490 4179 pontificatus
1502 4124 1537 4163 aa
1548 4114 1643 4181 postes

373 4189 518 4245 schismate
533 4199 670 4251 renovata,
687 4189 732 4246 uhi
747 4208 803 4247 non
818 4193 906 4247 minus
922 4195 1022 4266 repete
1032 4192 1212 4264 praesidium
1223 4206 1312 4263 saepe
1323 4192 1540 4264 depascebatur
1549 4192 1641 4264 (auam

374 4273 501 4346 hisoen),
518 4272 622 4331 definiri
638 4292 693 4332 nan
708 4284 809 4350 potest.
840 4276 938 4352 Utiqde
953 4279 1024 4334 inter
1038 4293 1123 4333 annos
1138 4275 1201 4335 498
1216 4284 1244 4333 et
1259 4276 1321 4334 506
1336 4275 1462 4350 ponenda
1477 4286 1532 4334 ast.

978 4405 1022 4472 Π.

373 4535 400 4573 a.
417 4513 594 4574 tna-500.
626 4512 791 4589 Symmachi
804 4518 844 4572 ad
856 4518 1041 4574 Anactorium
1055 4519 1258 4590 imperatorem
1268 4534 1327 4590 pro
1343 4516 1496 4574 catholicis
1509 4516 1640 4576 adema·

525 4602 630 4658 tatibus
643 4605 820 4658 intercessio.

458 4702 603 4779 l'reqaenti
619 4703 686 4759 sama
701 4703 735 4759 de
750 4704 942 4760 eattralicarum
958 4705 985 4760 ia
992 4702 1101 4760 Oriente
1115 4703 1350 4778 persecutionibus
1361 4712 1454 4761 motus
1465 4704 1640 4780 Symmacho

373 4787 442 4863 apud
458 4790 626 4845 Anastasium
641 4790 831 4864 imperatorem
846 4790 1008 4854 intercessit,
1025 4793 1169 4864 culpatum
1181 4791 1285 4862 fuisse,
1306 4792 1384 4864 quad
1402 4791 1447 4847 hic
1461 4793 1577 4851 directa
1590 4794 1639 4848 sri-

372 4878 454 4931 h'tari
467 4894 553 4933 manu
569 4878 751 4950 compelleret
766 4891 822 4946 eas,
840 4878 890 4949 qui
902 4892 934 4931 sc
949 4895 968 4931 a
979 4879 1149 4950 cantapiane
1159 4878 1339 4949 perfidorum
1354 4879 1453 4935 multis
1467 4879 1641 4954 imparitas
