3450 5678
642 348 838 400 nrrsrosas
861 339 890 398 7.
913 339 942 398 8.
1203 362 1205 366 >
1367 340 1427 403 141

180 502 407 569 teinoclumem
434 503 605 588 constodiat,
637 502 740 567 irater
762 504 934 568 carissime.
979 503 1065 568 Data
1087 504 1136 569 ΙΠ
1157 504 1269 570 Nonas
1291 506 1535 572 Novem-assa.

173 603 274 693 ossa

674 791 857 896 Epistola
883 793 918 875 8.

1440 939 1465 976 a.
1474 927 1525 976 462
1537 923 1556 975 d

158 944 292 1016 marl
314 962 425 1031 papae
447 946 492 1013 ad
516 944 697 1030 episcopos
719 944 946 1013 diversarum
968 940 1412 1047 provinciarumllalliae.
1460 966 1562 1045 aneos

158 1091 174 1141 1
198 1086 324 1138 ncces
336 1087 498 1138 lsrbccensl
515 1086 640 1136 eccleslec
657 1085 806 1148 munnere
822 1087 862 1134 ita
878 1086 1020 1148 permittit,
1037 1091 1068 1136 nt
1084 1088 1280 1138 ordinandorum
1298 1091 1427 1152 episcopo·

216 1184 279 1221 m
295 1175 386 1222 eareat
401 1176 538 1236 potestate.
735 1239 737 1244 Α

149 1260 175 1314 ιῑ
203 1256 253 1306 Ut
270 1256 379 1306 concilis
395 1257 533 1318 quotannis
553 1257 618 1305 flant
639 1269 673 1305 ex
695 1255 789 1316 quibus
806 1255 947 1318 provinciis
964 1260 1097 1318 poterunt,
1124 1261 1152 1306 et
1174 1271 1191 1306 a
1207 1257 1313 1308 locutio
1336 1270 1427 1309 convc-

218 1346 321 1392 untur.

143 1434 180 1487 m
206 1427 253 1476 ut
267 1428 322 1476 slse
331 1427 525 1490 metrepolitsui
535 1428 634 1478 lttterls
646 1427 758 1490 episcopi
770 1426 797 1474 ln
808 1427 890 1475 sliam
901 1427 1061 1490 provinciam
1072 1438 1121 1476 non
1132 1429 1334 1490 procurentur.
1356 1430 1427 1485 Quod

219 1512 251 1561 ni
266 1525 310 1562 eas
325 1514 466 1576 inpetrare
483 1525 533 1562 con
549 1515 681 1574 potarum,
698 1525 804 1562 cansam
821 1512 944 1562 discutiet
961 1514 1093 1574 episcopus
1110 1511 1280 1565 monacus

148 1606 184 1656 lv.
207 1600 255 1648 De
270 1598 398 1659 parochiis
415 1597 542 1647 ecclcsiae
559 1597 733 1658 Arelstmsis,
750 1609 815 1658 ques
831 1598 967 1660 repetebat
983 1596 1117 1658 Leontius,
1135 1597 1263 1659 iudicium
1280 1600 1313 1649 sd
1330 1601 1426 1662 opisco·

285 1696 312 1732 re
341 1683 347 1696 '
382 1686 402 1732 t

166 1774 192 1822 s.
213 1683 383 1829 1111011131ιὶ.αἱ
385 1767 564 1818 eeclesisstms
585 1779 636 1817 nou
653 1767 812 1827 alienentur,
838 1768 890 1816 nisi
910 1765 980 1829 apud
1001 1768 1137 1817 consilinm
1159 1769 1327 1820 alienationis
1348 1783 1426 1820 censs

228 1851 296 1912 prins
311 1853 439 1903 doceatur.

309 2000 598 2068 Dilectissimis
620 2001 819 2067 fratribus
841 2001 1043 2086 episcopis
1058 2003 1426 2086 provinciaeVien-

397 2105 556 2190 nensis,
583 2103 878 2190 Lugdunensis,
910 2103 1187 2169 Narbonensis
1215 2107 1366 2189 primae
1389 2111 1427 2171 et
1449 2120 1467 2143 ⁸

398 2207 612 2291 secundae,
641 2210 680 2271 et
701 2206 911 2293 Alpinae¹)
933 2205 1097 2271 Hilarus
1119 2208 1339 2293 episcopus.

258 2341 280 2403 1.
309 2341 506 2427 Quamquam
525 2342 675 2407 notitiam
696 2342 878 2406 dilectionis
898 2345 1025 2406 rosnae
1046 2345 1168 2429 quanta
1190 2344 1240 2408 vel
1262 2346 1369 2428 qualia
1391 2348 1425 2410 in

195 2433 357 2508 Narbonensi
380 2464 419 2509 sc
442 2442 620 2509 Biterrensi
647 2444 782 2509 ecclesia
805 2443 924 2508 dudum
950 2444 1018 2510 sint
1040 2445 1179 2510 admissa
1200 2467 1267 2510 non
1288 2447 1424 2530 lateant,

196 2538 224 2599 tl
238 2544 478 2630 paesumptionis
500 2546 689 2631 improbitas
712 2545 753 2610 ad
775 2567 834 2610 nos
856 2568 954 2631 usque
980 2547 1171 2630 perveniens
1196 2549 1308 2632 procul
1330 2548 1425 2613 dubio

196 2640 340 2723 regionibus
366 2649 541 2713 manifesta
563 2649 606 2713 sit
628 2647 823 2732 Gallicanis,
852 2648 1047 2732 apostolicae
1068 2652 1179 2714 tamen
1200 2649 1426 2715 sollicitudinis

196 2738 304 2830 murat,
329 2750 439 2840 culpas
467 2750 504 2815 in
529 2753 641 2815 nostro
662 2749 877 2834 deprehensas
900 2751 1047 2815 examine
1069 2772 1136 2815 non
1157 2754 1276 2835 tacere,
1304 2775 1347 2816 ne
1369 2775 1427 2838 per

196 2840 367 2932 lsswugruum
393 2851 558 2918 silentium
587 2872 660 2916 cum
688 2851 799 2937 iniqua
826 2852 998 2936 agentibus
1025 2852 1144 2916 habere
1166 2852 1330 2917 videamur
1352 2876 1425 2918 con·

198 2940 321 3016 circlos
355 2952 555 3036 portionem·
599 2953 688 3018 Olim
715 2953 816 3038 igitur
842 2953 969 3017 urbium
1000 2952 1163 3035 praesides
1189 2955 1425 3038 praedictarum

197 3051 294 3116 ”letae
311 3054 480 3119 memoriae
502 3054 660 3119 decessori
681 3075 753 3119 meo
774 3054 875 3139 non²)
897 3055 1003 3118 minus
1018 3074 1113 3138 quam
1134 3055 1227 3119 nobis
1249 3056 1425 3120 etiamtunc

197 3146 334 3219 aluenni
353 3157 474 3222 doloris
481 3206 490 3240 ,
515 3157 636 3221 illicitis
664 3157 873 3240 petitionibus
901 3142 1047 3220 audendo
1074 3157 1238 3241 prosequi,
1266 3156 1349 3241 quod
1372 3158 1425 3221 vix

197 3248 259 3328 ΨΜ
274 3258 453 3338 patientiam
473 3262 619 3323 nostram
638 3259 707 3324 sola
722 3260 950 3323 necessitatum
964 3261 1023 3341 pot
1046 3259 1071 3322 't
1085 3258 1303 3342 deploratione
1318 3259 1423 3324 leniri.

200 3417 456 3442 '‘N—..—

246 3524 384 3590 ‘tconsilia
402 3546 505 3585 nomen
523 3546 557 3585 ex
573 3531 701 3599 sequenti
719 3529 839 3600 epistola
856 3529 956 3584 eodem
973 3528 1041 3584 data
1059 3529 1104 3584 die
1122 3530 1306 3600 supplendum
1324 3533 1374 3589 est.

247 3624 261 3692 ¹)
273 3626 308 3685 lta
321 3632 354 3686 1⁴⁸
364 3634 393 3687 a⁸
405 3634 452 3698 0¹¹,
470 3632 514 3686 cni
532 3634 667 3686 consonat
683 3631 828 3701 inscriptio
846 3647 922 3701 sequ.
943 3631 1078 3701 epistolae
1092 3638 1131 3686 ll.
1168 3634 1196 3686 od
1217 3638 1319 3701 Alpium
1331 3639 1424 3688 Psani-

199 3721 265 3775 η,
278 3715 342 3770 a⁸L¹
359 3722 463 3786 Alpicos
475 3719 602 3770 Prsarum
619 3719 661 3785 (α’
674 3720 836 3786 Poenarum),
855 3716 927 3771 unde
945 3716 979 3769 L⁴
991 3716 1010 3768 b
1024 3720 1230 3784 Apemsinsrrasn:
1248 3719 1274 3771 ο5
1285 3733 1362 3786 seqq.
1378 3723 1424 3772 Ar-

198 3794 245 3852 lh
257 3798 416 3869 losum,
434 3802 515 3857 male.
552 3801 636 3856 Nirlla
652 3800 789 3870 siquidem
808 3817 842 3854 co
859 3803 987 3870 tompore
1004 3800 1165 3870 provinciae
1182 3804 1284 3871 Alpem
1297 3807 1424 3858 Poenica·

198 3877 270 3934 mlo
286 3887 375 3941 ordino
398 3887 586 3942 ecclesiastico
613 3887 686 3941 ratio
709 3887 807 3941 habita
829 3891 883 3953 est,
913 3885 991 3954 eujus
1013 3886 1175 3955 metropolis
1197 3886 1365 3941 'tarantasia
1391 3905 1424 3941 cx

198 3951 266 4016 lauis
282 3968 387 4026 decreto
404 3970 556 4026 Viennensi
579 3970 699 4026 antistiti
721 3971 847 4040 parebat.
894 3970 1056 4035 Qucmellus
1078 3971 1226 4026 dissertV
1247 3972 1276 4025 in
1298 3990 1318 4026 s.
1338 3973 1421 4027 Iseon.

197 4052 259 4109 mll
272 4063 318 4108 us
338 4055 487 4124 legendum
509 4058 593 4125 putat
615 4061 718 4125 Alpium
738 4063 934 4111 mamanensi.-
958 4055 1049 4124 pn'mo
1072 4055 1138 4124 quia
1158 4056 1236 4111 ncilla
1256 4056 1294 4110 sit
1315 4057 1424 4112 ratione

196 4127 309 4206 moue,
324 4140 460 4208 Hilarum,
478 4141 544 4194 daun
561 4141 599 4195 ad
616 4156 712 4194 onmes
730 4141 789 4195 tere
803 4139 957 4195 Galliarmn
972 4136 1131 4210 provincias
1149 4140 1292 4206 scriberet,
1311 4142 1423 4211 Alpium

196 4214 355 4279 matium
371 4227 545 4297 prosim
562 4227 626 4280 octo
644 4227 817 4280 constantem
836 4224 994 4280 moilafibus
1018 4224 1154 4291 omisissc3
1180 4227 1242 4279 tum
1265 4226 1332 4295 quia
1349 4226 1423 4280 Hilo-

196 4298 292 4362 minim
311 4310 428 4381 ep'ntcla
448 4318 479 4365 10
504 4328 567 4366 cum
590 4311 690 4366 ceteris
712 4310 862 4381 episcopis,
892 4310 993 4378 quibus
1017 4309 1164 4379 apsistolam
1187 4326 1266 4366 suam
1287 4309 1422 4376 inscribit,

195 4373 308 4448 Idimum
325 4397 463 4451 memorat
474 4397 586 4467 Alpium
597 4396 801 4451 maritimamm
819 4395 992 4466 episcoprum
1010 4396 1153 4466 postremo
1171 4394 1237 4464 quia
1254 4412 1349 4450 rursus
1367 4395 1422 4463 epi·

194 4462 453 4536 blosammdem
473 4481 679 4551 provinciarum
701 4480 840 4551 episcopis
860 4479 983 4534 scribens
1005 4480 1130 4550 generali
1152 4481 1300 4534 dumtaxat
1312 4485 1424 4548 Alpinae

194 4553 273 4613 milo
286 4564 377 4620 utitur.
413 4566 456 4620 lte
473 4565 535 4636 ipsa
551 4566 663 4623 Hilarus
681 4566 801 4636 epistola
820 4573 850 4619 11
870 4583 896 4619 n.
912 4571 924 4618 i
942 4563 1042 4619 iisdem
1060 4564 1205 4636 episcopis,
1224 4565 1324 4633 quibus
1341 4580 1422 4629 nune,

194 4645 216 4684 ὓ
226 4644 323 4704 'tubera
339 4667 373 4705 ac
388 4657 510 4720 repetitu
527 4657 621 4707 ltssertc
637 4657 734 4720 ecdem,
754 4666 826 4719 quae
839 4651 900 4718 jam
909 4650 1138 4721 praescripserat,
1155 4655 1316 4706 observanda
1334 4656 1423 4704 decer·
1436 4662 1439 4665 ·

194 4734 236 4774 *Ν
248 4734 358 4790 accur.
387 4736 419 4790 lu
436 4735 552 4806 antiquo
569 4739 693 4793 tractati
711 4750 850 4804 anonymo
867 4734 971 4790 vetoris
989 4735 1049 4789 cod.
1064 4735 1144 4790 Ooisl.
1163 4734 1205 4789 ita
1222 4735 1325 4790 citatur
1339 4734 1423 4803 hujus

193 4816 265 4874 “bit
280 4822 382 4876 naam
398 4841 470 4891 popa
486 4827 513 4876 iss
530 4828 643 4878 decre&
658 4829 695 4877 csl
711 4829 820 4894 partaque
832 4827 983 4891 procinctae
999 4826 1065 4877 s'llrsd
1081 4840 1178 4892 qaoque
1196 4823 1248 4875 ete.

239 4896 255 4963 'l
268 4900 341 4960 Nulla
359 4907 497 4975 ejusmodi
516 4909 635 4976 epistola
649 4909 711 4978 jam
728 4909 861 4979 conpareat.
