3450 5678
246 114 309 179 :las
367 192 372 199 Ι
697 128 724 171 s.
743 124 877 171 saumis
901 123 926 170 ιι
949 123 1062 171 mma

118 294 234 346 masal
247 281 431 347 orthodoxis
453 281 620 345 ostendero
642 303 700 343 nos
722 280 847 343 debere.
894 278 1146 344 (lalcliedonensi
1170 278 1316 361 concilio,
1343 280 1428 365 quod
1452 280 1524 345 uui-

248 384 381 449 versalis
403 383 512 447 sanxit
533 387 566 447 et
589 382 725 445 custodit
748 379 905 463 Ecclesia,
929 379 1093 465 Eutyches
1116 383 1149 446 et
1162 370 1336 447 Dioscorus
1357 404 1426 447 ιιοιι
1448 392 1523 467 pro-

248 488 367 551 bantur
389 507 457 550 esse
479 484 650 548 damnati?
683 485 736 547 Aa
760 505 867 546 eorum
891 482 1060 567 complices
1082 482 1269 549 Timotheus
1291 486 1392 569 atque
1404 484 1524 549 Petrus

247 587 513 655 instructionilms
535 586 680 669 plurimis
709 586 973 650 convenientibus
995 608 1064 651 non
1086 586 1251 670 docentur,
1281 586 1366 651 sicut
1387 586 1423 651 lii
1446 610 1523 673 quo-

248 714 319 776 que,
343 712 421 775 quos
443 690 531 754 misit
553 692 609 752 tua
631 688 770 759 dilectio,
794 687 1023 771 perviderunt?
1055 690 1108 753 An
1125 710 1233 753 eornm
1248 690 1522 773 communionem,

247 796 434 879 frequenter
455 795 488 855 et
509 790 700 875 regulariter
722 790 989 855 interdicentibus
1012 790 1114 875 riobis,
1138 814 1204 856 ιι(ιιι
1227 794 1277 855 est
1291 795 1423 857 secutus
1439 794 1523 859 Aca-

250 896 327 978 eius,
357 916 435 979 quos
463 894 531 977 ipse
561 893 626 957 suis
654 892 796 976 epistulis
818 891 996 957 haereticos
1026 893 1150 957 dixerat
1176 892 1315 978 olimque
1337 894 1522 979 damnatos,

96 1007 235 1063 ‹lat-am.
248 1002 280 1063 et
301 998 384 1062 male
406 1018 516 1060 rursus
538 1002 712 1074 aedificans,
740 1002 823 1074 pared
843 1002 916 1059 bene
938 1008 1009 1060 arole
1030 1003 1094 1076 ipsc
1116 1002 1318 1075 destruxerat,
1342 996 1522 1063 secundum

247 1099 425 1184 apostolum
452 1099 689 1184 praevaricator
717 1097 890 1181 apparuit?
934 1098 1071 1182 Ideoque
1094 1098 1189 1181 juxta
1215 1098 1384 1182 praefatae
1407 1100 1522 1183 synodi

246 1202 408 1267 tramitem
436 1202 551 1266 merito
579 1202 644 1265 illie
668 1200 839 1264 ‹lamnatae
862 1200 1013 1283 perfidiae
1036 1222 1145 1283 parem
1168 1202 1275 1265 cuncti
1301 1200 1431 1267 subiere
1453 1202 1522 1267 vin-

246 1306 377 1377 dictam,
407 1304 460 1389 qui
483 1303 577 1388 liujus
606 1304 787 1367 rniduerunt
811 1325 879 1367 esse
902 1303 1090 1387 participes,
1117 1303 1385 1387 quemadmodum
1408 1306 1523 1369 eontm

246 1429 503 1492 aeriamquamque
531 1406 689 1469 baeresim
719 1406 857 1489 syrnidus
887 1405 1062 1469 constituta
1094 1410 1225 1469 cunctos
1253 1405 1352 1470 etiam
1374 1405 1522 1489 dejectae

247 1511 366 1575 similes
386 1510 554 1593 pravitatis
571 1508 755 1591 adstringit.
780 1531 820 1571 ne
836 1508 869 1572 iu
893 1508 1128 1571 suecessoribus
1150 1508 1281 1573 omnino
1303 1509 1520 1593 reparandum

247 1616 341 1695 esset,
365 1613 449 1696 quod
472 1612 505 1676 in
529 1610 712 1674 auctoribus
731 1611 819 1693 j'nste
841 1613 1041 1673 monstratur
1056 1632 1125 1674 esse
1141 1614 1345 1695 prostratum.
1386 1610 1519 1675 absolvi

248 1718 355 1780 aedem
382 1713 497 1778 Petrus
534 1713 623 1778 milla
653 1714 779 1776 ratione
807 1712 912 1796 potuit
940 1713 1009 1776 sine
1038 1712 1232 1795 apostolicae
1260 1713 1345 1778 seclis
1373 1734 1518 1795 assensu,

247 1840 311 1901 qua
331 1818 438 1881 fuerat
460 1817 634 1880 mandante
656 1815 806 1895 seclusus,
830 1816 912 1878 sicut
935 1814 973 1877 (le
997 1814 1188 1897 recipiendis
1210 1814 1329 1879 tsdibns
1348 1814 1457 1881 forma
1471 1838 1521 1881 ve

248 1926 351 1983 lermn
374 1922 511 1983 testatur
533 1918 726 1982 aritistitum.
772 1916 833 1992 Qui
856 1916 953 1981 ctiam
976 1916 1101 1983 Petrus.
1127 1918 1153 1981 si
1176 1916 1216 1981 cle
1238 1917 1384 2003 legitima
1405 1916 1520 1983 fuisset

249 2022 413 2086 curatione
440 2024 584 2101 sanatus,
614 2020 651 2082 ad
680 2020 916 2101 indulgentiam
944 2019 1061 2102 suscipi
1090 2019 1231 2101 deberet,
1260 2042 1325 2084 non
1353 2020 1394 2085 ad
1417 2042 1522 2085 sacer·

248 2124 325 2189 ‹lotii
349 2122 557 2207 dignitatem:
587 2123 640 2206 qui
664 2146 682 2184 a
705 2122 865 2186 ‹lonnmtis
889 2128 983 2206 atque
1006 2121 1176 2187 haereticis
1198 2122 1378 2205 institutus,
1411 2122 1523 2189 catho-

248 2226 319 2290 lieis
342 2225 488 2310 plebibus
511 2224 599 2288 milla
622 2229 728 2308 posset
751 2224 875 2287 ratione
898 2226 1062 2310 praeponi.

333 2328 363 2391 4.
409 2327 603 2411 Perspexisti
632 2332 663 2389 et
692 2327 759 2410 ipse
788 2327 965 2395 nolaiscum.
994 2327 1148 2391 salutaria
1176 2348 1246 2391 esse
1267 2348 1349 2412 quae
1371 2327 1524 2393 dicimus.

251 2432 343 2497 time
365 2430 462 2495 etiam
484 2432 518 2493 in
541 2430 604 2492 tuis
627 2429 752 2501 litteris,
778 2453 874 2513 (priam
898 2431 935 2494 de
958 2431 1044 2495 beati
1067 2430 1155 2494 l'ctri
1178 2430 1240 2494 fide
1262 2430 1413 2515 loqueris,
1438 2430 1526 2515 quod

250 2558 319 2598 (ιιιιι
343 2537 412 2597 tota
434 2531 651 2617 gratulatione
675 2531 820 2613 legiums,
846 2533 1003 2598 catholica
1025 2538 1133 2596 iironte
1156 2531 1305 2615 posuisti:
1330 2543 1360 2596 ct
1379 2540 1437 2613 qui
1456 2554 1526 2599 cam

249 2660 284 2701 eo
305 2644 382 2702 sicul
403 2657 455 2701 eos
476 2636 669 2719 ereremum),
698 2656 828 2699 cerasano
859 2658 929 2701 uoce
951 2643 1118 2714 clericales
1140 2642 1279 2715 disperso
1299 2640 1450 2713 collioere
1470 2656 1529 2703 ea·

252 2747 375 2805 leemas.
420 2738 543 2813 Quaero
566 2738 675 2822 igitur,
706 2760 863 2824 quaenam
891 2737 946 2801 illa
975 2739 1040 2802 siut
1068 2737 1118 2802 vel
1140 2759 1203 2821 qua
1224 2758 1331 2801 rernm
1352 2736 1531 2821 perturba·

250 2843 337 2907 tione
365 2844 527 2922 dasperso‘?
570 2839 639 2905 Nec
668 2840 731 2904 alia
760 2864 846 2904 ιι(ιιι(
876 2862 1004 2924 prorsus
1032 2843 1220 2921 occurrunt,
1257 2838 1321 2905 nisi
1350 2860 1438 2925 quae
1467 2862 1532 2927 per

249 2944 473 3029 Eutychianae
503 2944 602 3027 pestis
636 2943 777 3025 ejusdem
809 2944 991 3027 sequacium
1018 2946 1094 3008 saint
1126 2942 1309 3025 excogitata
1341 2942 1531 3011 vesaniam.

249 3046 387 3111 Dilectio
415 3069 488 3109 vero
516 3050 572 3109 tua
600 3069 729 3129 (spaeram
752 3046 804 3109 det
828 3046 1004 3123 lamiscum,
1035 3048 1190 3130 quadenns
1213 3044 1349 3128 possint,
1376 3066 1465 3130 quae
1497 3054 1534 3115 te

249 3171 374 3233 quoque
396 3150 521 3213 fatente
545 3156 682 3229 dispersu
710 3152 796 3231 snut,
825 3148 944 3231 colligi.
989 3147 1076 3211 l'oce
1099 3151 1172 3211 utor
1195 3145 1345 3231 apostoli:
1393 3150 1536 3217 obsecro

251 3273 310 3329 cas,
341 3257 418 3315 nilul
445 3274 491 3314 me
517 3259 655 3315 laesistis.
706 3250 780 3314 Non
810 3250 869 3314 lmc
898 3250 983 3314 velut
1011 3250 1199 3334 imperiosus
1228 3249 1369 3333 impono,
1404 3250 1464 3317 sed
1495 3260 1534 3319 ut

251 3353 480 3417 eoiiseientiam
509 3376 612 3416 nicmm
649 3354 876 3417 conuenienter
910 3352 1092 3437 expediam,
1137 3374 1179 3415 ne
1213 3350 1403 3417 commissae
1435 3354 1535 3421 vobis

250 3455 404 3519 divinitus
432 3455 638 3518 rationabiles
667 3478 740 3518 m'es
768 3477 831 3519 mm
862 3455 931 3519 sine
961 3460 1065 3519 vostro
1093 3454 1288 3537 discrimine,
1316 3448 1403 3537 quod
1427 3454 1534 3541 absit,

251 3557 354 3640 perire
376 3557 535 3637 sinantur,
565 3557 723 3620 exhortor.
770 3558 917 3641 t'ogitate
940 3556 1032 3621 simul
1056 3578 1177 3639 omiies,
1204 3556 1259 3640 qui
1281 3554 1450 3641 dignitate
1474 3568 1534 3645 pri·-

251 3658 361 3723 storali
384 3659 573 3723 censemini:
598 3682 654 3743 pro
676 3660 861 3724 t'liristimm
884 3660 955 3740 lide,
979 3682 1060 3743 quae
1082 3664 1160 3722 time
1184 3662 1231 3721 est
1253 3656 1375 3723 Christi
1399 3658 1429 3724 si
1451 3682 1535 3727 vera

250 3765 314 3831 est.
350 3766 382 3823 et
411 3762 579 3825 visendum
609 3762 699 3824 iiobis
734 3766 780 3830 et.
817 3763 841 3824 si
871 3762 1064 3845 ‹ipiortuerit
1097 3762 1322 3825 sacrosanctae
1353 3760 1535 3847 religionis

251 3885 357 3927 amme
385 3864 592 3927 irrririemlam.
648 3864 836 3948 l'erpemlitc
866 3865 965 3949 igitur
999 3864 1098 3948 ipsius
1127 3864 1211 3927 vitae
1239 3884 1367 3946 semper
1396 3866 1535 3951 tempus

250 3966 418 4032 incertum.
455 3989 495 4029 ne
518 3973 649 4051 repente
672 3967 756 4049 rapti
780 3967 819 4029 ad
847 3966 1041 4051 cognitionis
1064 3965 1150 4030 illios
1171 3963 1396 4031 l'omiidandae
1419 3966 1534 4033 traha·

250 4090 322 4132 mur
344 4090 488 4131 anconem

334 4172 365 4235 ἴι.
412 4168 504 4233 l'nde
540 4172 728 4255 propensius
761 4176 924 4256 tamqumn
958 4178 1160 4256 praesentem
1194 4167 1403 4235 dilectionem
1437 4176 1534 4239 tuam

317 4448 339 4499 ιι
358 4445 408 4500 llic
426 4444 575 4513 legendum
594 4452 718 4499 eredioois
735 4446 834 4499 siradet
852 4444 1022 4515 sirbsequens
1045 4444 1160 4498 verbum
1179 4450 1312 4498 eccleciam.
1351 4442 1414 4499 Hoc
1433 4448 1533 4503 autem

251 4531 380 4586 mernlum
399 4529 541 4599 irrepsisse
559 4531 669 4585 ridetur
685 4532 788 4585 incauti
806 4531 966 4601 interpretis
979 4530 1060 4589 sitio.
1079 4530 1126 4599 qui
1144 4526 1223 4592 toric
1239 4524 1488 4597 πιστεύοντας
1506 4532 1534 4587 ia

251 4616 375 4670 Placitae
393 4616 510 4685 epistola
534 4616 631 4683 legens
653 4616 920 4677 aorimlm·1tit,liie
943 4616 1028 4670 latine
1048 4614 1219 4669 reddendum
1238 4620 1282 4684 qai
1299 4620 1442 4679 maim,
1468 4634 1535 4677 uon.

251 4710 280 4753 ut
299 4700 427 4755 usitatius·
445 4700 528 4757 solvi.
548 4708 591 4772 qni
607 4708 721 4757 cinnama.
