3450 5678
715 307 910 356 arrsrouau
935 299 1005 358 102.
1032 299 1102 359 103.
1481 298 1543 363 903

275 471 379 523 nostro
400 465 497 524 solute
518 460 734 546 consulitisff),
764 468 901 549 crastino
923 467 972 526 die
992 474 1105 528 secrete
1126 471 1256 544 quinque
1279 472 1324 531 oct
1350 487 1406 530 sex
1426 479 1543 532 secroto·
1557 480 1669 548 (1110.)

274 583 332 639 res,
356 568 411 642 pui
424 568 596 641 periculum
617 568 802 628 substantioe
823 570 870 629 uel
890 571 998 629 salutis
1018 586 1092 631 suue
1113 579 1256 646 metuunt,
1281 588 1343 632 uno
1365 590 1433 633 cum
1447 577 1541 650 meoi-

273 670 332 728 stri
350 670 477 730 militum
498 671 614 730 omorio
636 670 772 730 Candido
794 672 900 730 comite
914 671 1017 745 jubete
1039 673 1193 734 advocare
1198 693 1210 743 ;
1232 683 1414 749 coonoscant
1434 684 1464 735 et
1484 679 1544 753 ipsi

269 771 325 831 utri
337 770 562 846 transferimur,
587 778 616 831 et
625 771 760 844 facimus
774 774 857 848 quod
877 768 1029 847 *jubent
1033 794 1045 844 ;
1068 777 1114 835 sin
1130 783 1230 836 autem
1244 779 1303 837 soli
1314 779 1460 851 secretim,
1484 779 1541 840 lroc
1553 785 1693 853 *itabens

273 889 330 933 non
350 873 501 946 fecimus:
524 872 602 933 tune
624 868 672 933 illi
693 891 758 934 non
776 870 977 935 invenientes
993 871 1151 956 effectum,
1176 873 1217 937 ad
1231 873 1344 938 boram
1359 878 1540 959 tacuerunt,

273 973 305 1034 et
332 970 396 1034 alia
423 969 474 1035 die
501 969 617 1034 iterum
645 971 833 1036 seditionem
859 972 968 1057 populi
997 978 1252 1060 commoverunt,
1281 975 1365 1040 unde
1394 977 1446 1041 111
1472 975 1541 1042 Deo

272 1072 397 1137 volente
419 1071 586 1137 evasimus.

760 1260 943 1364 Epistola
970 1262 1051 1346 103.

304 1411 518 1478 Hormisdae
541 1428 654 1496 papae
676 1411 720 1477 ad
744 1411 961 1480 Germanum
984 1415 1022 1480 et
1044 1414 1243 1481 iohannem
1266 1418 1448 1502 episcopos
1469 1421 1507 1486 et
1551 1397 1679 1523 affiget

672 1513 849 1580 Blandum
872 1515 1138 1599 presbyterum.

181 1664 253 1713 Ι115,
305 1654 337 1704 llt
351 1654 495 1705 Dorotheus
511 1655 741 1705 Thessalonicensis
758 1657 849 1719 procul
866 1655 898 1705 ab
916 1658 1024 1706 ecclesia
1041 1672 1089 1706 suo
1106 1659 1234 1724 relegetur
1252 1665 1295 1708 aut
1313 1660 1441 1724 dirigatur
1453 1662 1504 1713 Ilo·

301 1755 372 1791 mam.
408 1740 447 1788 Ne
466 1740 605 1790 Aristidem
623 1742 648 1789 iu
667 1742 780 1804 ejusdem
797 1742 876 1792 Iocum
893 1741 979 1805 suffici
993 1742 1086 1798 111111,
1105 1743 1246 1792 aeduinum
1264 1745 1358 1809 eligant
1373 1745 1505 1797 catholicis

301 1832 431 1889 occeptum
450 1821 484 1887 (n.
499 1823 535 1888 1).
573 1824 689 1874 thomum
707 1834 733 1876 et
750 1827 921 1876 Nicostratum
944 1828 1057 1877 ecclesiia
1073 1829 1190 1891 propriis
1213 1830 1250 1878 ita
1268 1831 1453 1889 restituendos,
1476 1839 1504 1881 ut

301 1924 387 1960 eorum
404 1918 580 1975 occupatores,
598 1913 622 1959 si
638 1917 725 1960 rectos
742 1913 794 1960 sirit
807 1911 882 1974 fidei,
901 1911 964 1960 olibi
975 1913 1125 1962 ordinentur
1138 1910 1173 1974 (n,
1185 1912 1221 1975 2).
1249 1912 1358 1978 Septies
1369 1915 1504 1967 mucellos

477 1994 571 2046 Romae
589 1997 625 2045 ud
641 1999 779 2058 legatorum
797 1997 929 2046 aduentum
945 1997 1076 2046 sollicitius
1093 1998 1217 2047 custodiri
1236 1995 1323 2062 (1.3).

418 2087 841 2192 Η11111111111111111110
864 2129 902 2191 et
916 2126 938 2192 J
946 2128 1095 2192 ohanni
1111 2130 1314 2215 episcopis
1331 2133 1369 2195 et
1383 2129 1536 2197 Blando

469 2257 475 2269 ’
510 2231 754 2316 presbytero

352 2355 380 2416 1.
415 2349 562 2416 Graviter
583 2371 641 2414 nos
663 2347 823 2413 iohannis
847 2347 996 2414 catholici
1019 2348 1136 2414 afflixit
1158 2350 1322 2435 interitus,
1347 2375 1441 2437 quem
1462 2353 1656 2438 hae-ep.1oo.

264 2453 356 2518 retici
372 2451 524 2517 Dorothei
547 2451 677 2516 vesania
699 2449 873 2534 perhibetis
885 2451 909 2536 ¹)
933 2451 1136 2516 exstinctum.
1174 2451 1258 2517 Nam
1274 2455 1418 2518 eumdem
1436 2454 1535 2521 Doro—

264 2554 374 2620 theom
397 2552 711 2636 Constantinopolim
729 2552 855 2635 jussu²)
878 2553 1034 2636 principis
1057 2552 1225 2618 didicimus
1248 2560 1424 2621 evocatum.
1470 2560 1534 2623 Ad-

264 2679 374 2722 versns
402 2679 496 2741 quem
525 2656 653 2719 domino
682 2658 715 2718 et
742 2654 807 2718 filio
833 2657 944 2718 nostro
974 2654 1221 2720 clementissimo
1248 2658 1385 2742 principi
1413 2659 1535 2724 debetis

263 2759 423 2842 insistere,
454 2780 495 2823 ne
519 2758 558 2822 ad
574 2758 717 2821 eamdem
734 2757 897 2820 civitatem
913 2756 1016 2819 denuo
1034 2760 1223 2840 revertatur,
1248 2760 1303 2823 sed
1319 2760 1532 2845 episcopatus,

263 2883 358 2947 quern
380 2883 544 2945 nunquam
566 2860 647 2924 bene
663 2859 773 2944 gessit,
798 2858 918 2922 honore
934 2857 1088 2941 deposito,
1113 2859 1153 2922 ab
1169 2860 1279 2924 eodem
1297 2861 1366 2926 loco
1381 2883 1420 2926 ac
1436 2863 1533 2927 eccle-

262 2965 310 3028 sia
332 2963 461 3048 longius
483 2963 654 3047 relegetur,
679 2960 728 3024 vel
752 2963 838 3024 certe
860 2959 921 3023 hue
942 2959 980 3022 ad
998 2958 1118 3024 Urbem
1140 2962 1199 3025 sub
1214 2965 1437 3046 prosecutione
1460 2987 1532 3029 con-

262 3088 344 3153 grua
366 3065 533 3149 dirigatur.
572 3063 623 3127 Ad
639 3063 722 3126 hanc
739 3062 836 3125 etiam
858 3065 982 3146 partem
998 3061 1150 3146 evigilare
1166 3063 1298 3148 debetis,
1322 3089 1363 3131 ne
1379 3067 1532 3132 inlocum

262 3169 331 3252 ejus
355 3168 512 3232 Aristides
534 3167 633 3230 totius
655 3165 732 3229 mali
754 3165 902 3228 incentor
924 3167 957 3227 et
979 3165 1123 3229 conscius
1147 3167 1341 3249 quibuslibet
1356 3170 1531 3253 subreptio-

261 3270 356 3334 nibus
384 3269 563 3350 ordinetur3
597 3289 672 3330 nam
701 3266 780 3330 nulli
809 3267 939 3350 prodest
965 3267 1083 3329 mutari
1110 3288 1296 3353 personam,
1330 3272 1357 3334 si
1390 3272 1532 3356 ejusdem

260 3374 364 3436 forma
386 3372 547 3455 nequitiae
570 3373 765 3454 perseveret:
790 3369 844 3432 sed
865 3368 961 3431 talem
984 3367 1088 3431 virum
1114 3368 1236 3435 debetis
1264 3371 1397 3457 eligere,
1428 3377 1464 3438 ut
1492 3374 1530 3440 de

257 3473 379 3560 judicio
400 3477 507 3538 vestro
529 3475 645 3537 cuncta
668 3470 896 3535 catholicorum
920 3470 1129 3555 congregatio
1151 3472 1340 3555 gratuletur.

256 3655 259 3661 Δ
345 3576 376 3639 2.
410 3576 454 3641 lis
477 3575 576 3660 igitur
601 3574 794 3655 observatis,
823 3595 881 3656 pro
904 3572 1045 3636 Thomas
1074 3576 1105 3637 et
1127 3570 1305 3640 Nicostrati
1333 3578 1471 3643 fratrum
1498 3585 1530 3644 et

261 3678 519 3762 coepiscoporum
541 3681 725 3741 nostrorum
747 3675 891 3758 personis
914 3674 1051 3739 intentio
1077 3674 1256 3740 dilectionis
1284 3683 1408 3745 vestrae
1437 3681 1529 3747 vehe-

260 3784 388 3846 menter
410 3779 505 3844 debet
518 3779 713 3842 incumbere.
746 3776 831 3841 Nam
847 3777 921 3861 quid
944 3777 1074 3861 prodest
1089 3777 1267 3843 Ecclesiam
1281 3782 1527 3868 redintegrasse,

260 3883 287 3947 si
310 3883 351 3947 ab
374 3883 442 3966 ejus
466 3902 596 3964 corpore
618 3880 798 3944 sacerdotes
820 3879 981 3944 videamus
1005 3884 1188 3963 extraneos,
1218 3903 1296 3964 quos
1323 3883 1357 3947 in
1386 3888 1529 3950 nostram

261 3985 517 4049 communionem
544 4005 599 4047 vos
623 3986 715 4047 caute
742 3985 798 4046 aut
825 3980 1060 4046 rationabiliter
1088 4002 1153 4045 non
1181 3982 1355 4068 ignorastis
1384 4007 1451 4050 esse
1478 4009 1527 4051 sn-

259 4085 410 4172 sceptos?
452 4085 546 4150 Unde
568 4108 634 4151 non
656 4085 768 4149 leviter
794 4106 852 4148 nos
879 4106 931 4148 res
958 4083 1022 4147 ists
1050 4083 1235 4167 contristat,
1264 4085 1291 4149 si
1320 4087 1360 4151 ab
1387 4088 1444 4173 iis,
1473 4089 1528 4173 qui

328 4360 358 4427 ¹²)
378 4357 411 4412 G¹
431 4364 573 4413 conmtetis.
609 4356 689 4411 Unde
707 4356 797 4426 magis
814 4356 908 4426 placet
926 4358 1026 4410 1111111Ι
1046 4361 1187 4419 consulitis,
1207 4373 1290 4426 quam
1304 4375 1365 4412 cum
1384 4359 1452 4413 boo
1469 4380 1527 4415 con-

257 4448 377 4499 suluistis.
413 4443 478 4497 Mox
496 4443 538 4497 ed.
559 4449 686 4512 moabitis
704 4448 803 4496 militnm
821 4454 847 4495 et
864 4447 967 4498 vicario.
1010 4438 1014 4445 ⁴

259 4535 307 4583 103
345 4530 363 4597 ¹)
382 4528 442 4583 Hoc
458 4527 609 4598 perhibent
627 4527 707 4597 epist.
729 4534 785 4592 100,
802 4544 853 4580 uec
870 4526 971 4579 mirum
988 4524 1077 4580 videri
1095 4525 1191 4593 debet,
1215 4527 1290 4595 quod
1307 4528 1424 4598 hospitis
1443 4528 1527 4584 occisi

257 4631 359 4670 nomen
377 4613 484 4668 abillis
502 4614 729 4684 praetermissum
748 4612 897 4666 Hormisda
915 4610 1065 4681 exprimat,
1084 4627 1169 4679 quum
1187 4612 1298 4666 aliunde
1316 4613 1385 4667 illud
1403 4630 1526 4684 comper·

256 4704 317 4754 tum
333 4700 438 4754 habere
456 4698 600 4768 potuisset.

324 4788 345 4853 2)
364 4783 404 4838 Eo
426 4789 510 4854 pacto
532 4784 673 4839 festinavit
695 4782 848 4854 imperator
870 4782 999 4852 implere,
1023 4781 1097 4850 quod
1116 4781 1196 4852 epist.
1219 4790 1265 4837 100
1283 4802 1308 4838 n.
1329 4792 1345 4839 o
1365 4785 1524 4854 promisisse

257 4868 435 4940 significatur.
