3450 5678
655 351 828 401 amsrous
852 342 901 400 25.
1350 335 1423 428 791,

755 504 799 568 ΙΙ.
1425 519 1519 568 aare

227 608 258 671 4.
296 607 368 671 Hoc
395 628 519 692 quoque
550 607 590 670 ad
617 607 794 691 praemissa
822 607 1044 692 adjungimus,
1079 629 1120 672 ne
1148 607 1337 672 benedictio
1356 629 1414 692 per

143 710 380 793 impositionem
401 732 532 792 manus,
557 731 639 793 quae
662 733 680 772 a
703 708 771 773 Deo
794 731 862 773 esse
886 710 1040 792 creditur,
1070 709 1174 792 pretio
1197 713 1413 793 comparetur:

144 813 294 897 quoniam
316 815 392 876 ante
415 810 521 875 oculos
552 833 620 875 esse
643 812 810 894 convenit,
843 811 926 895 quod
949 811 1059 876 Simon
1082 810 1238 894 Spiritum
1266 814 1415 877 sanctum
1428 800 1524 925 effigi&

144 914 252 978 volens
274 913 492 997 redemptione
514 913 665 996 mercari,
704 913 840 998 apostoli
867 913 965 977 fuerit
993 913 1204 978 detestatione
1232 934 1411 998 percussus.
1446 911 1453 936 '

143 1016 234 1080 'lbmc
256 1015 371 1080 deiude
381 1017 417 1098 ¹⁴)
439 1016 510 1100 quis
525 1037 591 1079 non
607 1015 669 1079 vile
685 1019 778 1099 putet
793 1038 871 1099 esse,
896 1016 980 1100 quod
994 1014 1166 1080 venditur?
1194 1015 1295 1080 Istam
1310 1038 1413 1081 sacer-

143 1105 268 1183 dotibus
290 1117 477 1183 ordinandis
499 1116 711 1181 reverentiam
735 1121 840 1181 servet
862 1117 986 1200 electio,
1010 1120 1047 1181 ut
1066 1117 1101 1181 iu
1121 1117 1213 1201 gravi
1233 1119 1412 1205 munereff)

140 1219 330 1304 populorum
363 1219 505 1283 divinum
539 1219 687 1304 credatur
720 1241 788 1287 esse
811 1219 977 1301 judicium.
1034 1219 1084 1283 Ibi
1112 1219 1199 1284 enim
1224 1218 1328 1304 Deus,
1357 1220 1413 1285 ubi

141 1321 277 1406 simplex
305 1323 375 1385 sine
403 1321 562 1405 pravitate
590 1343 772 1388 consensus.
829 1321 950 1392 Verum
977 1343 1037 1385 nec
1064 1320 1150 1386 hanc
1172 1321 1306 1405 ,quidem
1339 1344 1412 1407 par-

141 1427 206 1488 tem
229 1423 453 1488 sollicitudinis
476 1426 509 1487 et
530 1423 757 1489 admonitionis
780 1422 972 1506 omittimus,
1002 1445 1043 1487 ne
1064 1422 1116 1487 vel
1143 1422 1197 1486 ille
1220 1424 1413 1509 sesculpa

141 1525 289 1590 aestimet
311 1526 461 1608 alienum,
485 1526 588 1610 quiffi)
610 1525 679 1608 ipse
702 1525 830 1610 quidem
847 1549 865 1590 a
880 1526 1099 1609 redemptione
1117 1524 1209 1608 liber,
1232 1525 1413 1591 initiaverit

140 1628 363 1692 benedictione
396 1627 532 1712 mystica
564 1628 776 1710 sacerdotem,
815 1632 847 1691 et
879 1630 988 1691 tamen
1022 1627 1062 1691 ad
1095 1625 1226 1691 alterius
1254 1627 1411 1712 redempti

140 1730 338 1794 voluntatem
359 1730 409 1794 vel
432 1731 545 1813 sponte
567 1729 602 1792 in
624 1728 686 1793 hoe
707 1729 757 1792 vel
779 1728 972 1793 necessitate
994 1729 1203 1794 consenserit.
1241 1728 1324 1804 Quid
1339 1753 1411 1814 pro-

140 1831 213 1896 dest
238 1831 286 1896 illi
314 1853 372 1895 suo
401 1852 506 1895 errore
534 1853 600 1908 non
626 1830 742 1915 pollui,
777 1832 831 1914 qui
865 1853 1057 1895 consensum
1091 1832 1235 1915 praestat
1264 1833 1412 1897 erranti?

139 1932 255 1998 Procul
278 1932 374 1997 dubio
398 1936 511 1997 contra
533 1933 686 1996 mandata
709 1933 891 2015 committit,
917 1936 950 1997 et
971 1932 1026 2017 qui
1042 1933 1142 1997 habet
1155 1936 1324 2016 peccatum
1338 1956 1411 2018 pro-

139 2036 258 2119 prium,
282 2038 316 2100 et
338 2034 391 2119 qui
414 2037 583 2119 peccatum
605 2036 749 2119 sequitur
764 2034 915 2100 alienum.
952 2034 1119 2099 incassum
1141 2035 1267 2099 animus
1289 2036 1411 2101 resistit

141 2134 319 2221 cupiditati,
344 2137 371 2201 si
393 2159 460 2200 non
482 2136 687 2221 restiterit¹⁷)
711 2140 744 2200 et
758 2136 876 2200 timori.
914 2136 1076 2200 Adversus
1099 2136 1178 2201 haec
1199 2137 1326 2202 facilius
1341 2137 1410 2203 Deo

136 2240 270 2324 juvante
292 2239 520 2323 providebitur,
544 2238 571 2301 si
594 2239 679 2302 cirea
701 2238 964 2322 metropolitanos
986 2237 1156 2323 privilegia
1178 2262 1197 2302 a
1219 2240 1339 2304 sanetis
1354 2263 1410 2325 pa

138 2342 242 2407 tribus
265 2341 442 2421 constituta
463 2343 690 2425 permaneant,
723 2341 749 2404 si
772 2339 1012 2424 metropolitani
1041 2340 1126 2405 circa
1147 2340 1313 2424 paroecias
1335 2362 1409 2406 suas

139 2444 282 2508 ordinem
305 2466 396 2507 suum
419 2466 456 2507 ea
479 2464 541 2527 qua
563 2442 654 2506 decet
675 2442 881 2507 veneratione
905 2442 1104 2506 custodiant:
1127 2446 1164 2505 ut
1185 2443 1293 2527 necffi)
1312 2443 1409 2508 elatio

137 2544 301 2630 praesules
335 2567 394 2609 nec
429 2548 629 2627 contemptus
663 2545 820 2627 depretiet
853 2544 1073 2628 obsequentes
1130 2543 1217 2620 Quae
1245 2545 1272 2609 si
1300 2545 1348 2610 ita
1373 2545 1409 2610 in

208 2784 238 2850 ¹¹)
257 2783 273 2835 J
277 2785 295 2817 ¹³
313 2787 382 2836 inde.
417 2781 482 2835 Mox
500 2781 516 2834 J
520 2783 526 2816 ¹
546 2780 635 2834 omitt.
656 2802 719 2841 vion:
736 2781 771 2834 1³¹¹
784 2783 801 2851 β
815 2787 841 2836 Γ
856 2787 924 2850 praed
940 2787 1061 2836 uendidit.
1097 2781 1132 2834 ud
1148 2787 1255 2848 justane.

208 2869 238 2935 ¹⁵)
255 2866 306 2921 Ed.
320 2887 456 2934 rummare,
477 2865 653 2935 corriguntur
666 2882 698 2919 cx
710 2866 744 2918 Fd
753 2866 773 2939 'J
778 2870 784 2902 ¹
797 2868 814 2936 β
828 2870 855 2920 Γ
863 2864 897 2933 1²,
915 2865 968 2919 nisi
980 2866 1055 2934 quod
1067 2866 1101 2920 Fd
1113 2886 1210 2921 sensus.
1240 2866 1301 2921 Vox
1315 2868 1409 2922 autom

136 2959 287 3023 populorum
305 2952 372 3006 licet
387 2951 486 3006 referri
503 2950 592 3020 possit
609 2950 645 3005 ad
663 2971 760 3014 vauriae,
785 2955 921 3020 quatenus
940 2950 1051 3006 illorum
1070 2968 1203 3007 consensu
1221 2953 1408 3007 sacerdotium

138 3038 292 3103 confertur,
310 3036 407 3091 melius
425 3040 519 3092 tamen
538 3037 675 3090 reseratur
692 3035 879 3102 adjudicium,
903 3036 982 3106 quasi
1003 3036 1157 3106 legeretur:
1181 3041 1307 3104 judicium
1323 3057 1408 3107 popu·

136 3130 217 3177 torrem
234 3128 357 3176 credatur
374 3141 430 3176 esee
448 3128 563 3179 divinum.
599 3120 655 3174 Leo
674 3119 752 3190 epist.
769 3127 799 3174 14
818 3139 839 3174 c.
855 3127 882 3188 5,
901 3121 1013 3175 statuit:
1032 3132 1058 3175 at
1076 3128 1118 3175 itte
1130 3125 1241 3175 omnibus
1257 3142 1406 3190 praepona-

137 3219 192 3271 tur,
215 3227 286 3278 quem
308 3213 372 3261 eteri
392 3211 521 3276 plebisque
544 3225 680 3260 cousensus
703 3213 866 3260 concorditer
888 3212 1034 3274 postularit.
1076 3206 1152 3261 Conf.
1171 3206 1255 3260 Leon.
1275 3205 1356 3276 epist.
1377 3213 1408 3262 10

138 3310 160 3346 e.
173 3298 191 3346 4
203 3294 233 3346 et
244 3298 272 3358 6,
294 3298 325 3346 13
344 3308 365 3345 c.
380 3298 408 3352 3,
431 3297 476 3345 tat
494 3290 593 3358 inquis.
616 3299 642 3355 l,
660 3291 689 3343 et
706 3307 725 3344 s.
745 3288 874 3359 Cypriam
893 3290 965 3360 plur.
985 3291 1035 3344 loc.

207 3379 239 3444 ¹⁸)
257 3376 317 3430 00¹
337 3394 377 3444 aq.
397 3376 461 3430 add.
481 3383 543 3437 etsi,·
561 3394 624 3429 mox
642 3375 663 3427 F
665 3378 676 3411 ‘¹
696 3374 785 3429 omitt.
805 3379 878 3429 tiber.
913 3375 1021 3430 Deinde
1038 3376 1060 3428 i²
1077 3382 1191 3431 errandi.

208 3465 238 3528 ff)
256 3461 290 3514 Fi
307 3461 333 3513 J¹
353 3461 375 3514 0
394 3478 428 3514 cc
445 3467 551 3518 resistit.
591 3459 689 3514 Eidem
712 3459 781 3513 vitio
802 3459 859 3515 Leo
883 3459 962 3530 epist.
982 3467 997 3514 6
1016 3478 1038 3515 c.
1059 3469 1074 3515 3
1097 3459 1218 3516 occurrit
1238 3460 1281 3515 his
1303 3462 1407 3518 verbis:

137 3552 199 3601 milit
208 3553 311 3616 proiice
321 3552 467 3614 personali,
481 3550 542 3599 uidit
553 3549 692 3607 mittitioni,
706 3549 768 3599 nituit
779 3551 917 3613 redemptis
928 3552 1061 3614 permittor
1073 3553 1150 3600 licere
1162 3552 1301 3615 suffrupiie.
1331 3546 1409 3602 Haec

136 3631 303 3687 Hormisdae
322 3630 460 3685 sententia
481 3630 515 3683 iis
534 3631 577 3684 est
594 3629 690 3684 scdulo
708 3628 922 3697 consideranda,
946 3630 1047 3698 quibus
1066 3629 1118 3686 etsi
1138 3631 1162 3685 is
1180 3631 1359 3710 astabimus,
1377 3633 1409 3686 ut

136 3715 207 3771 nihil
225 3716 279 3786 ipsi
297 3717 409 3785 praeter
426 3717 469 3769 fas
486 3716 599 3785 patrare
618 3714 717 3782 velint,
735 3730 789 3768 non
804 3730 837 3770 ea
848 3716 942 3769 tamen
956 3718 999 3770 est
1011 3716 1110 3783 virtus,
1129 3721 1160 3771 ut
1177 3716 1274 3787 iniqua
1290 3717 1408 3789 petenti·

136 3802 190 3856 bus
206 3801 334 3856 resistere
353 3801 472 3854 valeant.

206 3887 238 3955 ¹⁸)
256 3887 300 3940 lta
312 3903 374 3940 cum
386 3885 480 3938 F⁶l¹i²
492 3886 583 3940 locum
597 3884 777 3952 restituimus,
789 3885 843 3939 nisi
855 3885 930 3954 quod
943 3886 976 3939 Fi
986 3887 1003 3940 J
1007 3889 1014 3922 ¹
1027 3893 1116 3941 electio
1127 3895 1261 3955 precautes
1273 3886 1319 3956 (F‘¹
1330 3910 1408 3958 prae-

134 3974 209 4039 sulis)
223 3991 268 4026 nec
280 3981 436 4039 contemptus
449 3977 560 4039 depretii
571 3983 596 4024 et
609 3970 653 4040 (Fi
665 3976 769 4040 efferat)
782 3975 949 4040 obsequentia.
974 3975 1095 4035 Quaerite
1106 3971 1151 4039 (Fi
1164 3993 1278 4043 quaeque
1289 3980 1313 4028 ri
1323 3978 1370 4043 ita)
1382 3982 1408 4030 in

136 4061 316 4125 ...scripturis
328 4055 372 4122 (F‘¹
385 4058 500 4124 aerinis).
510 4097 515 4109 .
524 4062 648 4123 fomenta
661 4056 687 4123 (J
692 4060 697 4091 ¹
706 4058 889 4123 sandaracato).
909 4058 989 4126 βὶἰι3
998 4076 1044 4110 nec
1056 4062 1146 4111 electio
1155 4063 1285 4125 praesulis
1294 4080 1340 4114 nec
1349 4081 1408 4115 eon-

135 4152 246 4210 temptrm
256 4146 355 4195 decreti
366 4152 391 4194 et
403 4145 571 4210 obsequentia.
590 4145 659 4206 Quae
671 4148 695 4194 si
704 4147 741 4195 ita
753 4147 778 4193 iu
790 4145 909 4209 operibus
918 4147 976 4208 fixa
988 4147 1129 4196 iubeantur
1141 4151 1165 4196 in
1178 4148 1311 4208 cordibus,
1325 4165 1407 4214 quem-

134 4232 268 4282 udm0dum
279 4232 426 4294 retepuutur
438 4232 463 4278 in
474 4231 618 4295 scripturis,
631 4233 699 4280 nulia
711 4232 872 4280 intentionum
881 4232 976 4280 remim
985 4238 1033 4281 etc.
1051 4227 1087 4281 Et
1096 4227 1302 4283 resarciendum
1313 4228 1408 4283 lectio-

134 4328 201 4367 nem
219 4311 311 4366 Coust.
333 4310 387 4364 hoc
408 4313 492 4380 pacto
515 4311 627 4365 suadet:
655 4323 681 4365 at
704 4331 750 4365 nec
772 4317 860 4366 electio
882 4319 1010 4379 praeeatis
1037 4318 1069 4366 de
1090 4325 1232 4382 contemptu
1255 4320 1288 4368 rit
1311 4320 1410 4368 decreti

134 4401 317 4466 mirequentte.
333 4394 413 4450 Certe
423 4394 452 4448 in
462 4396 595 4450 electione
606 4395 729 4466 episcopi
740 4395 826 4450 fiebat
835 4413 868 4449 ac
876 4412 972 4450 recens
982 4397 1070 4452 electo
1080 4397 1246 4452 tradebatur
1255 4397 1406 4465 decretum,

135 4482 233 4551 inquo
248 4479 296 4549 qui
307 4481 344 4534 ab'
357 4480 578 4535 ordinationibus
590 4481 703 4537 arcendi
721 4482 802 4535 erant
818 4480 1089 4550 praescribebantur.
1122 4481 1283 4551 Cujusmodi
1301 4481 1407 4537 decreti

136 4565 286 4622 formulam
305 4564 408 4621 Gelasii
426 4567 455 4620 et
472 4564 591 4635 epistola
604 4572 635 4620 15
653 4566 777 4632 exhibet,
796 4567 826 4620 et
843 4564 962 4636 epistola
975 4573 1005 4620 16
1024 4566 1208 4621 commendat.
1223 4596 1254 4606 -
1266 4566 1322 4620 Alii
1339 4566 1407 4622 editi

136 4673 184 4707 uec
196 4657 287 4706 etectio
304 4658 430 4720 praeeatis
448 4664 532 4720 empta
550 4657 624 4705 detur
641 4658 733 4720 pretiis
751 4662 776 4705 et
793 4671 839 4705 nec
857 4656 1016 4722 obsequentis
1027 4658 1061 4707 sit
1078 4657 1193 4722 quaesita
1211 4656 1343 4719 operibus,
1361 4658 1410 4707 red

135 4744 160 4793 ri
175 4744 213 4792 ita
227 4743 286 4805 fixa
358 4742 383 4790 in
399 4743 545 4806 scripturis.
587 4741 617 4789 Si
638 4742 706 4790 multa
722 4749 781 4791 sunt
803 4743 829 4791 in
851 4744 949 4807 templis
967 4745 1116 4807 emptionum
1132 4743 1228 4791 semina
1245 4750 1293 4791 etc.
1330 4736 1406 4802 Quae

135 4821 219 4878 lectio
237 4821 395 4877 summatim
414 4839 449 4876 ex
460 4840 522 4876 mss.
555 4822 577 4875 0
596 4823 734 4891 prolecta,
752 4821 800 4892 qui
817 4821 858 4877 ita
874 4823 1021 4892 proferunt
1038 4821 1076 4889 (Ρ
1088 4820 1122 4874 0¹
1136 4821 1170 4875 0²
1182 4820 1241 4888 V²):
1259 4833 1287 4876 ut
1298 4842 1344 4876 nee
1356 4830 1406 4877 ete·

136 4914 187 4962 etio
203 4912 333 4977 praesulis
351 4928 396 4962 nec
414 4920 497 4977 empta
515 4908 561 4976 (0²
579 4913 720 4976 redempta,
738 4906 775 4960 V²
793 4928 824 4962 ne
842 4911 924 4976 tanta)
943 4914 975 4962 de
992 4908 1039 4976 (0²
1057 4911 1141 4975 detur)
1163 4913 1258 4976 pretiis
1276 4906 1321 4976 (0¹
1340 4907 1404 4962 add.
