3450 5678
349 312 411 377 738
469 327 496 376 S.
514 327 694 377 simeonem
710 326 741 374 P.
765 326 909 375 NOTITIA
931 327 1041 376 EPIST.
1064 327 1137 375 NON
1158 327 1329 376 EXSTANT.
1352 328 1385 375 N.
1401 327 1559 376 vlt—xl.

342 492 487 563 judicium
501 493 569 564 (ieri
582 496 609 544 et
624 492 748 546 maxime
763 490 798 544 ele
814 492 903 546 titulis
918 492 1121 559 ecclesiarum,
1139 505 1211 562 quos
1225 492 1303 545 intra
1321 489 1423 545 Urbem
1438 489 1627 546 laurentius

349 577 491 632 obtinebat
513 576 647 648 (anonym.
671 573 805 628 lilanchin.
834 573 905 647 apml
926 573 1054 629 limalori
1073 575 1201 647 scriptor.
1224 591 1277 629 rer.
1300 574 1358 629 ltal.
1380 573 1461 636 ttt,2
1484 573 1540 630 col.
1554 574 1623 643 li).

349 658 421 728 Quae
436 659 536 734 legatio
551 661 637 733 ipsius
652 660 712 715 anni
729 658 790 717 506
807 659 888 717 initiis
905 658 973 714 facta
989 676 1049 714 esse
1064 676 1115 715 suo
1127 658 1189 730 jure
1205 668 1333 733 ponetur.

933 786 1024 850 VIII.

348 916 416 954 moe
427 905 494 971 post
509 915 577 954 aaa.
594 896 665 954 506.
697 897 846 953 Anastasis·
859 900 1043 968 imperatoris
1058 899 1198 953 aduersas
1213 896 1414 969 Symmachum
1428 901 1587 954 invectiva.

432 999 493 1054 lllon
509 1016 590 1073 quum
598 999 772 1074 Symmachus
787 1000 920 1054 exstincto
936 998 1080 1053 schismate
1095 1000 1121 1053 iu
1138 998 1243 1071 plenam
1259 999 1429 1055 connconliam
1444 1017 1506 1054 cum
1520 1011 1626 1056 senatu

348 1084 466 1140 Romano
482 1084 616 1149 rediisset,
633 1087 788 1140 Anastasius
804 1085 951 1157 imperator
965 1081 1084 1138 lilsellum
1101 1086 1338 1139 contumeliarum
1354 1091 1381 1139 el
1397 1086 1626 1140 maledictorum

349 1169 457 1242 plenum
473 1169 600 1243 vulgavit.
617 1171 653 1225 ita
670 1176 699 1224 ut
713 1168 835 1243 pontifex
851 1168 933 1223 silere
948 1168 1022 1223 nefas
1037 1167 1148 1223 ‹lucerel
1164 1167 1277 1241 (Symm.
1294 1169 1373 1241 epist.
1393 1170 1433 1225 10
1451 1187 1477 1224 n.
1497 1169 1563 1224 2et
1581 1170 1625 1241 5).

348 1252 397 1309 Ubi
411 1270 472 1309 eum
482 1255 686 1311 Illaaiclraeam
701 1270 761 1310 esse
776 1252 974 1309 conviciabatur
989 1268 1043 1308 nec
1058 1254 1159 1310 ordine
1175 1260 1376 1310 consecratum
1392 1253 1421 1325 (l.
1430 1272 1453 1308 c.
1471 1271 1499 1309 n.
1510 1255 1529 1312 6
1539 1264 1571 1309 et
1586 1254 1630 1325 7).

348 1346 376 1393 el
390 1339 417 1394 in
432 1338 567 1412 peculiare
583 1338 758 1413 opprobrium
775 1340 867 1401 vortit,
891 1337 964 1410 quoe
981 1343 1153 1410 conspirans
1173 1355 1238 1394 cum
1254 1340 1303 1394 illo
1318 1346 1438 1394 senatus
1458 1340 1552 1412 ipsum
1571 1357 1629 1395 ex-

348 1428 602 1497 communicaverit
623 1433 649 1479 et
671 1427 745 1479 male
767 1426 936 1479 tractaverit
956 1422 986 1493 (l.
1000 1439 1024 1478 c.
1047 1440 1073 1478 n.
1089 1422 1147 1494 10).
1185 1422 1233 1478 (lm
1249 1423 1372 1496 pontifex
1387 1423 1504 1496 epistola
1523 1426 1567 1481 10
1584 1441 1631 1480 re-

347 1508 471 1582 spondit,
495 1510 550 1564 lere
565 1513 594 1565 in
611 1512 721 1566 mollum
735 1511 838 1578 libelli,
863 1518 891 1562 ut
907 1509 964 1582 ipse
979 1509 1029 1571 ait,
1047 1511 1208 1582 prorneucla
1225 1510 1375 1582 collinens.
1396 1525 1445 1564 nec
1467 1517 1561 1564 tamcu
1578 1509 1629 1564 asl-

347 1595 457 1649 vemarii
473 1595 587 1668 vestigia
602 1594 716 1668 amplius
732 1610 912 1668 prosequens.

957 1720 1015 1786 IX.

347 1862 390 1873 -
407 1864 443 1874 —
480 1833 576 1890 Aluirri
596 1840 623 1888 et
639 1833 769 1903 Glafirae
788 1834 942 1889 illustrium
965 1832 1004 1887 ael
1018 1831 1218 1905 Symmachum
1238 1833 1273 1887 ele
1294 1833 1455 1888 dedicanda
1476 1835 1507 1888 in
1525 1832 1631 1905 sunda

499 1920 662 1974 Paciniano
678 1919 800 1973 basilica
818 1918 894 1972 beati
907 1918 990 1973 Petri
1001 1920 1110 1988 petitio.

432 2021 526 2075 Narrat
540 2021 735 2103 Anastasiusin
752 2021 803 2074 vita
815 2019 979 2093 Syuirsnaclii:
995 2020 1126 2093 Ropatus
1141 2021 1284 2075 aerluiaa
1296 2027 1323 2075 et
1331 2019 1444 2092 Glafira
1456 2022 1632 2078 illustr-ilaus

349 2106 496 2162 basilicam
518 2107 595 2160 leati
614 2105 695 2160 Patri
714 2109 742 2160 ia
761 2104 855 2175 sarreia
877 2106 1036 2160 Paciaiano
1061 2107 1213 2161 dedicauit.
1264 2102 1346 2171 Quam
1368 2106 1531 2177 petitionem
1554 2109 1630 2162 sicut

347 2192 455 2264 scriptis
471 2190 566 2245 lainam
583 2189 651 2244 lnmd
668 2191 801 2245 immerita
817 2191 1021 2262 sumpserimus,
1038 2190 1074 2244 ita
1090 2189 1150 2262 plus
1166 2189 1200 2244 cle
1216 2206 1245 2244 ea
1261 2188 1350 2245 dicere
1368 2206 1422 2244 non
1438 2188 1580 2247 valemus.

958 2315 999 2380 X.

348 2458 390 2468 —
410 2459 450 2466 -—
486 2430 636 2484 Uartslituit
656 2427 844 2501 Symmachus,
872 2435 903 2481 ut
924 2430 999 2483 omni
1018 2428 1063 2482 elie
1082 2428 1222 2483 dominico
1247 2434 1274 2483 et
1295 2429 1435 2483 natalitiis
1457 2436 1630 2501 martyrum

499 2514 623 2585 lpmnsas
637 2515 785 2586 anaeticns
799 2514 955 2574 diceretur,
977 2513 1007 2567 u
1020 2519 1062 2568 est
1080 2512 1200 2581 „Gloria
1216 2516 1245 2567 in
1262 2515 1388 2569 excelsis
1404 2512 1499 2569 Dea“.
1540 2512 1630 2585 (Ana-

499 2599 597 2652 stasius
613 2599 660 2653 vit.
677 2596 789 2671 Symm.)

951 2724 998 2788 XI

522 2794 525 2799 ¹
624 2843 779 2910 llecrota
802 2841 1012 2924 Symmacho
1034 2845 1125 2911 falsa
1146 2844 1340 2927 adscripta.

435 2990 462 3045 1.
494 2988 634 3063 Spanius.
658 3005 725 3061 quae
742 2987 828 3043 lerlm
840 2995 906 3060 pasl
922 2991 1101 3045 consulatum
1117 2990 1219 3045 Avieni
1232 2987 1267 3060 (a.
1282 2987 1353 3058 503)
1374 2994 1442 3044 unte
1459 2989 1630 3062 consessio·

348 3091 412 3131 aem
427 3076 503 3131 beati
516 3074 598 3130 Petri
612 3076 805 3146 apostoloram
816 3077 961 3144 prinicipis
982 3073 1069 3129 lumita
1084 3090 1144 3129 esse
1165 3081 1192 3128 ct
1208 3073 1357 3146 Syriirnaclsi
1372 3074 1506 3145 synodus
1518 3080 1628 3148 quintu

349 3159 477 3234 appellari
498 3159 582 3220 solet.
610 3158 663 3233 (ap.
681 3158 761 3213 llarcl.
779 3158 841 3213 coll.
859 3175 935 3213 conc.
952 3157 982 3219 lt.
996 3158 1071 3221 983,
1098 3158 1181 3214 ilausi
1201 3157 1264 3214 coll.
1286 3175 1362 3214 conc.
1380 3156 1450 3219 Vlll.
1470 3158 1557 3230 295),
1582 3170 1627 3217 est

348 3261 438 3300 nnerus
453 3243 669 3299 Pseudo-isidori
686 3244 788 3304 lectus:
805 3242 877 3299 cont.
894 3243 1016 3298 llallcrin.
1034 3243 1067 3299 de
1083 3245 1185 3317 antiqu.
1202 3242 1309 3298 collect.
1325 3242 1359 3297 ΙΙΙ
1373 3261 1397 3297 r.
1412 3242 1430 3299 6
1447 3244 1510 3315 82,
1534 3243 1629 3302 lluust

348 3329 383 3398 oa
398 3328 518 3384 tontibus
534 3338 560 3384 ct
576 3329 689 3384 consilio
705 3328 748 3383 Ps.
767 3327 827 3383 lsid.
844 3345 870 3401 p.
885 3328 934 3389 76,
950 3336 976 3384 et
991 3345 1073 3402 supra
1088 3332 1193 3385 monita
1207 3332 1330 3400 praecia
1346 3344 1409 3402 pag.
1423 3326 1467 3385 90
1478 3346 1519 3384 ss.

434 3414 462 3470 2.
493 3413 632 3487 synodus,
655 3431 723 3487 quac
746 3416 826 3485 apud
839 3414 951 3469 beatum
967 3415 1086 3471 Petrum
1106 3413 1295 3487 aSymmaclio
1310 3429 1377 3487 papa
1400 3424 1576 3489 congregata
1598 3426 1625 3473 et

348 3506 433 3556 secta
449 3506 560 3554 vocatur
581 3498 661 3572 (apud
678 3498 758 3554 llard.
775 3497 838 3553 coll.
855 3515 930 3553 conc.
946 3497 976 3562 ll,
990 3492 1059 3559 989,
1082 3498 1165 3554 Mausi
1180 3498 1199 3555 l.
1216 3518 1240 3554 c.
1258 3498 1321 3561 Vlll.
1335 3496 1422 3569 295),
1438 3514 1473 3553 es
1495 3498 1627 3570 ejusdem

348 3582 392 3639 l‘s.
408 3583 502 3639 lsidori
519 3601 606 3639 merca
622 3583 751 3658 profecta.
782 3583 961 3638 Conlcrantur
976 3588 1081 3640 monita
1095 3587 1218 3655 praeuia
1233 3600 1314 3657 supra
1330 3599 1391 3657 pag.
1406 3583 1448 3639 90
1463 3600 1502 3639 ss.

433 3669 461 3725 3.
493 3666 667 3742 Symmachi
689 3667 730 3725 aa
744 3664 941 3726 Laurentium
955 3665 1220 3726 Mediolanensem
1241 3664 1520 3742 archiepiscopum,
1545 3670 1625 3727 ³1³³.

347 3753 451 3809 lsitlora
474 3763 500 3808 ct
522 3753 697 3809 conciliorum
721 3752 869 3809 editoribus
891 3752 972 3826 (apml
988 3753 1070 3809 llansi
1091 3753 1108 3808 l.
1122 3772 1145 3808 c.
1163 3753 1226 3818 Vlll,
1240 3752 1321 3824 210),
1343 3752 1412 3826 apud
1433 3751 1528 3828 iligna
1550 3767 1624 3829 patr.

349 3837 393 3894 lat.
411 3837 485 3902 llill,
500 3839 538 3894 52
556 3841 596 3894 ad
610 3839 768 3895 Maximam
788 3839 957 3893 Patauinum
973 3839 1114 3913 inscripta,
1138 3839 1214 3910 cujus
1237 3840 1341 3894 initium
1363 3838 1488 3902 „Prodit
1503 3842 1624 3914 relicia-

347 3929 429 3993 sae“,
457 3923 522 3979 nihil
549 3924 620 3978 aliml
648 3932 689 3981 est
714 3940 793 3996 qnam
814 3921 928 3977 Eunotlii
949 3925 1035 3978 oratio
1057 3922 1182 3995 (Ennotlii
1203 3940 1247 3997 op.
1270 3922 1313 3980 ed.
1335 3922 1472 3979 Sirmoud.
1494 3925 1622 4000 patet.

348 4008 527 4063 Conferamus
542 4013 647 4064 monita
661 4013 794 4080 praetia,
811 4024 892 4080 supra
907 4025 969 4082 pag.
986 4009 1055 4065 102.

431 4093 460 4148 4.
490 4090 665 4166 Symmachi
679 4091 719 4150 ad
733 4090 925 4150 Theodorum
938 4090 1160 4151 laureacensis
1181 4090 1332 4152 secludas
1348 4089 1626 4171 achiepiseopn

348 4179 477 4243 ..Diebus
493 4182 566 4233 citae
583 4179 670 4234 lalae“
692 4178 785 4249 (ilansi
807 4177 824 4232 l.
838 4196 861 4233 c.
879 4177 942 4241 tut,
960 4178 1035 4241 228,
1058 4178 1147 4253 iligna
1162 4178 1181 4234 l.
1195 4197 1218 4234 c.
1236 4178 1309 4240 txtt.
1325 4175 1389 4249 72),
1411 4194 1466 4252 qua
1487 4182 1625 4257 episcopo

346 4263 466 4320 illimus
488 4263 558 4336 pallii
579 4264 736 4337 indulgetur
758 4266 797 4318 ael
817 4264 1018 4318 ostendendum
1044 4278 1106 4319 cum
1122 4267 1289 4338 mapistrum
1310 4271 1337 4319 et
1352 4264 1623 4339 archiepiscopatu,

347 4352 469 4423 ejassque
489 4364 513 4403 s.
527 4349 758 4404 laureacensem
779 4351 931 4403 ecclesiam
945 4352 1115 4419 priscinaiae
1129 4349 1345 4405 Pannoniorum
1365 4349 1550 4422 redemtore
1564 4370 1623 4409 ne·

347 4437 559 4506 tropolitanam.
606 4434 641 4489 lle
663 4434 779 4489 falsitate
804 4432 861 4502 ejus
882 4432 1071 4494 conferantur.
1102 4451 1170 4507 quae
1195 4451 1276 4508 supra
1301 4436 1328 4489 in
1352 4437 1468 4491 monitis
1485 4442 1625 4508 praeuia

347 4536 408 4593 pag.
425 4519 484 4576 103
501 4518 569 4583 elicta
585 4528 657 4575 sunt.
