3412 5664
614 352 785 401 arissam
810 342 860 399 12.
1309 337 1370 402 713

191 512 355 594 epraeter
376 508 601 574 necessitatem
624 507 664 571 ab
687 506 830 572 ecclesiis
851 529 909 571 suo
932 506 1065 570 arbitrio
1080 507 1256 572 subducere
1271 508 1370 592 ipsos·
1383 535 1407 571 a.
1420 524 1476 571 51‘2.

191 612 282 697 sequi,
306 632 373 675 nou
396 615 561 675 cesserunt
583 611 628 675 eis
643 610 703 674 hoc
718 609 836 692 facere,
860 609 1047 692 adjurantes
1063 631 1127 692 eos,
1150 613 1188 674 ut
1202 614 1372 675 manerent

191 714 283 779 editis
305 712 367 777 sibi
390 713 511 777 sanctis
534 712 676 777 ecclesiis
699 713 739 776 ad
762 711 872 797 populi
893 713 1059 776 munimen
1077 712 1257 797 orthodoxi,
1281 713 1316 777 in
1338 736 1371 777 se

191 816 303 900 pianda
324 837 406 901 quac
430 817 585 899 putantur
607 814 809 878 discretionis
831 812 969 877 illorum.
1004 813 1095 879 Sicut
1109 813 1258 878 Rebecca
1273 837 1372 899 quon-

197 917 306 981 dicens
328 917 444 981 Jacob:
475 923 513 981 In
535 938 581 981 rac
597 929 761 996 peccatam
784 931 881 999 tuum,
908 923 970 994 fili;
1007 917 1055 980 it'a
1083 915 1131 980 illi
1160 917 1201 980 ab
1230 916 1372 981 ecclesiis

191 1019 315 1083 creditis
337 1019 500 1083 discedere
523 1023 637 1104 sponte
660 1019 840 1083 volentibus
856 1019 1021 1083 dixerunt:
1044 1024 1082 1082 In
1104 1040 1159 1082 nos
1181 1026 1282 1084 ueniat
1299 1040 1371 1099 pec-

191 1144 202 1186 r
228 1128 418 1186 discretionis
440 1135 570 1200 vestrae,
601 1125 804 1186 tantummodo
832 1142 900 1186 ores
923 1126 1035 1185 Christi
1059 1134 1187 1201 praeter
1214 1129 1372 1186 necessita-

191 1231 261 1304 'upis
282 1246 342 1289 aon
364 1231 554 1303 relinquatis,
579 1245 617 1314 ne
637 1231 669 1289 in
691 1231 758 1288 loca
781 1238 880 1288 uestra
902 1229 1050 1288 haeretici
1070 1230 1282 1302 inpedientes,
1307 1232 1374 1304 lapi

191 1338 278 1407 -panr
293 1348 370 1392 oues.
404 1330 470 1390 Aut
487 1330 571 1390 certe
595 1322 635 1390 ab
657 1326 735 1410 ipsis
758 1327 870 1391 ovibus
893 1326 959 1391 suis
980 1328 1112 1410 propter
1133 1328 1255 1389 rectam
1277 1326 1372 1390 fidem

191 1431 263 1495 iet
284 1429 351 1511 his,
386 1429 441 1512 qui
462 1450 528 1492 non
550 1429 707 1514 fugantur
734 1429 790 1493 sed
817 1432 932 1514 sponte
961 1427 1122 1492 discedere
1145 1427 1296 1511 cupiunt,
1330 1451 1386 1503 nc,

191 1531 424 1597 adversantium
459 1532 711 1609 communicent,
748 1531 806 1595 tali
844 1531 906 1595 fide
941 1529 1148 1613 dicentcs¹⁴):
1189 1533 1283 1612 putas
1316 1531 1371 1595 isti

192 1658 209 1699 e
231 1636 317 1700 ritae
339 1637 400 1698 hoc
421 1634 562 1715 faciunt,
587 1656 630 1696 an
653 1655 759 1697 amore
782 1633 977 1716 animarum,
1010 1632 1050 1696 ad
1072 1632 1287 1696 imitationem
1309 1633 1372 1697 Do·

203 1738 251 1802 sui
274 1737 369 1822 primi
391 1736 530 1817 pastoris
552 1736 656 1800 nostri
677 1736 756 1799 iesu
779 1735 899 1801 Christi
923 1735 1034 1819 magni
1057 1734 1117 1798 Dei
1140 1738 1173 1798 et
1196 1733 1371 1800 Salvatoris

195 1843 332 1923 nostrae,
357 1840 411 1923 qui
434 1838 575 1902 animam
597 1861 688 1902 suam
708 1839 815 1922 posuit
837 1859 895 1922 pro
917 1838 1029 1902 ovibus
1051 1835 1142 1901 suis?

191 1944 218 2007 6.
256 1941 448 2009 Omnimodo
477 1944 584 2006 autem
613 1944 645 2004 et
671 1941 725 2025 qui
752 1940 902 2004 videntur
930 1939 1164 2003 communicare
1193 1938 1371 2026 orthodoxi,

191 2045 267 2108 risa
290 2068 309 2108 a
332 2044 554 2108 communione
583 2043 762 2124 abstinent,
798 2063 908 2105 omnes
935 2043 1010 2125 post
1030 2040 1135 2105 Deum
1162 2043 1237 2104 tuae
1263 2042 1372 2107 lumen

191 2147 296 2211 dionis
328 2149 360 2210 et
387 2144 616 2229 assumptionis
644 2144 815 2228 operimur.
861 2142 965 2219 Quare
987 2143 1106 2206 festina
1124 2144 1238 2226 juvare
1260 2145 1372 2209 Orien-

216 2270 255 2313 ex
284 2269 348 2332 quo
376 2247 466 2311 vobis
488 2247 550 2310 duo
572 2246 710 2331 grandia
731 2246 794 2310 diei
817 2246 939 2310 lumina
962 2244 1095 2309 Petrum
1121 2247 1154 2308 ct
1175 2244 1311 2309 Paulum
1333 2248 1372 2311 ad

191 2350 370 2416 inationem
392 2350 491 2413 totius
514 2348 625 2412 mundi
641 2348 788 2413 Salvator
803 2348 930 2413 direxit.
965 2346 1102 2410 Reddite
1118 2367 1195 2431 ergo
1210 2347 1240 2411 ci
1255 2349 1373 2413 bonam

191 2453 363 2533 rationem,
393 2474 489 2535 quam
517 2451 585 2533 ipse
612 2450 703 2514 vobis
731 2449 834 2514 dedit:
867 2449 1048 2513 illuminate
1077 2470 1149 2512 eum
1170 2453 1277 2514 rectae
1299 2449 1374 2515 fidei

191 2578 237 2636 rc,
272 2555 356 2619 sicut
383 2575 441 2637 per
468 2553 573 2635 ipsum
602 2574 656 2615 vos
685 2553 845 2637 quondam
873 2551 1001 2614 divinae
1029 2550 1224 2635 cognitionis
1251 2553 1373 2617 lumine

208 2656 411 2720 illuminavit.
451 2653 541 2719 Sicut
563 2655 649 2718 enirn
671 2654 800 2738 quando
822 2657 890 2718 toto
912 2652 1031 2717 mundo
1053 2653 1087 2716 in
1105 2653 1248 2737 peccatis
1264 2676 1373 2739 aegro-

191 2786 210 2842 ·,
241 2759 335 2823 unius
358 2757 496 2821 hominis
519 2757 636 2820 delicto
658 2756 787 2837 lassati,
816 2755 851 2818 in
873 2754 1087 2839 aegritudinis
1111 2756 1275 2819 curatione
1297 2756 1372 2821 boni

203 2861 315 2925 medici
332 2859 496 2942 discipuli,
522 2859 625 2941 ipsum
650 2857 818 2922 coelestem
839 2855 997 2920 medicum
1020 2860 1052 2920 et
1073 2858 1253 2941 principem
1267 2861 1373 2942 pasto-

198 2963 388 3046 magistrum
415 2983 508 3024 suum
542 2959 583 3023 ad
612 2982 721 3023 euram
749 2962 902 3023 vocantes
931 2958 1142 3042 aegritudinis
1169 2959 1286 3043 ipsias,
1316 2960 1372 3024 ali-

191 3064 416 3129 dedicabant:
438 3068 574 3143 Domina,
598 3069 714 3127 inclina
735 3067 834 3127 coelos
856 3072 931 3138 tuoe,
955 3073 985 3124 et
1008 3066 1172 3134 descende;
1202 3040 1485 3161 aliquandofffsslss·

191 3189 242 3231 an:
267 3171 326 3243 Oui
345 3173 426 3245 repis
448 3171 548 3229 Israel
554 3214 563 3241 ,
588 3169 724 3241 intende,
749 3170 803 3243 qui
821 3168 907 3227 sedes
927 3184 1020 3241 ευμεν
1036 3168 1210 3241 Cherubim,
1242 3185 1370 3245 appare,
1391 3146 1472 3243 aad

191 3276 388 3348 aparentiarn
410 3280 493 3332 tuam
520 3279 548 3330 et
569 3274 652 3345 veni,
683 3280 714 3330 ut
741 3271 849 3330 liberes
871 3286 940 3329 nas:
971 3264 1018 3328 sic
1039 3288 1098 3329 nos
1121 3266 1223 3349 modu,
1247 3268 1302 3351 qui
1324 3268 1372 3331 in-

191 3372 301 3453 iate¹⁵)
326 3391 427 3434 novae
450 3368 734 3453 praevaricationis
756 3366 859 3452 patris
881 3368 984 3431 nostri
1006 3366 1190 3450 dejicimur,
1221 3368 1261 3431 ad
1283 3373 1372 3432 tuam

191 3495 277 3536 amus
299 3472 549 3554 beatitudinem,
577 3475 615 3535 ut
642 3475 675 3535 et
695 3474 732 3535 tu
754 3470 899 3534 imitator
926 3469 1084 3534 exsistens
1106 3468 1179 3534 Filii
1201 3470 1263 3535 Dei
1285 3471 1373 3553 adm)

191 3575 305 3638 tionem
333 3574 557 3657 deprecatione
585 3573 706 3637 venias.
757 3572 943 3636 imitatione
969 3572 1070 3656 ipsius
1099 3573 1245 3637 eoelestis
1267 3572 1374 3637 Patris

194 3685 246 3755 qai
263 3682 346 3753 facit
373 3682 463 3739 satem
485 3697 570 3740 suurn
594 3682 672 3739 oriri
696 3696 789 3753 ευμεν
809 3681 903 3739 bonos
930 3688 959 3738 et
981 3681 1092 3753 midos,
1122 3687 1152 3740 et
1175 3682 1257 3755 pluit
1281 3697 1374 3756 ευμεν
1385 3670 1484 3723 Matth.

191 3790 243 3842 :et
265 3785 410 3857 inpastus,
445 3778 565 3841 festina
591 3778 626 3841 in
649 3777 803 3841 auxilium
824 3781 985 3859 nostrum,
1015 3776 1135 3861 scieuS,
1159 3776 1372 3859 sanctissime,
1386 3746 1456 3804 ‘¹¹⁴⁵'

1392 892 1460 946 Gen.

1385 966 1471 1027 anm.

191 3984 279 4049 )lioc
301 3985 355 4038 cst:
379 3988 441 4036 tatia
459 3987 591 4037 eustadio
609 4001 641 4034 ae
660 3987 713 4048 fide
730 3988 916 4050 persuadentes
933 3987 1072 4051 peraudire
1089 3992 1162 4047 aaut,
1184 4001 1230 4035 rea
1252 3987 1295 4052 qui
1311 4003 1372 4051 per-

191 4081 219 4127 it.
241 4089 286 4123 sea
309 4073 396 4139 quidm
418 4073 465 4121 dor
487 4072 669 4135 persuadetur,
699 4086 728 4119 υε
750 4086 851 4135 prepara
873 4086 943 4119 ευυιυ
965 4072 1099 4129 deamata,
1126 4086 1213 4120 amore
1236 4074 1303 4121 uitae
1326 4072 1374 4122 dor.-

191 4252 199 4304 r
217 4238 268 4291 Ed.
291 4237 352 4291 Bas.
371 4238 399 4290 et
418 4238 497 4291 Rom.
521 4242 641 4303 infirmati
663 4256 742 4290 aoaac
764 4241 1008 4303 praeuaricationis,
1031 4235 1106 4289 bec
1128 4241 1271 4304 infirmitati
1293 4258 1372 4291 novar

191 4328 336 4377 nicationis.
372 4321 618 4376 hbbrcviationcm
636 4319 797 4389 primariamr
816 4338 849 4373 ex
867 4320 979 4389 ingenio
1003 4321 1116 4389 linguae
1136 4320 1241 4375 latinae
1259 4321 1370 4390 supple·

191 4453 195 4462 .
230 4407 324 4461 Ooust.
343 4407 440 4462 mallet
457 4413 577 4473 νὐμίννυυυ·
594 4426 664 4459 tauxa
681 4411 920 4474 praeuaricationis.
950 4406 1013 4460 Jam
1032 4423 1060 4460 ec
1079 4406 1244 4475 superiusn.
1260 4412 1275 4457 ι)
1294 4405 1368 4458 dinc

191 4505 321 4548 narrantes
343 4499 367 4545 ia
389 4498 611 4560 praevaricandae
632 4501 717 4559 patrie
739 4496 822 4545 nostri
849 4495 949 4545 Aeacii.
996 4488 1154 4558 Utrobique
1176 4490 1308 4545 Acacium
1331 4490 1373 4545 ita

191 4579 350 4633 nicatorem
368 4579 503 4643 fatentur,
523 4579 552 4630 ut
569 4576 754 4646 profiteantur
772 4578 802 4629 et
817 4577 942 4644 patrem,
961 4574 1027 4643 quia
1042 4573 1174 4630 nimirum
1188 4573 1371 4643 quadragina

191 4662 313 4719 antistiti
330 4661 561 4717 Calchedoneuais
579 4662 701 4731 synodus
719 4660 888 4715 attribuerat
905 4663 999 4715 ratum
1015 4660 1167 4716 habebant.

191 4764 199 4816 )
217 4749 291 4802 bcc
309 4749 345 4802 ad
362 4742 449 4816 marg.
470 4754 506 4800 aa
523 4752 704 4814 dejectionem
722 4763 794 4815 quae
812 4746 974 4815 conjectura
989 4760 1046 4800 non
1063 4744 1177 4799 arridet.
1213 4743 1271 4814 Ipsi
1289 4744 1372 4809 enim,

191 4832 245 4888 itio
263 4850 336 4886 num.
351 4838 366 4885 5
380 4832 530 4901 rogabant:
550 4836 639 4902 Nepae
651 4838 710 4885 adin
723 4834 838 4886 debeatis
849 4843 959 4901 propter
971 4836 1158 4886 arluersantiam
1173 4834 1371 4889 conmaniuaear.

191 4922 221 4972 ut
239 4923 275 4971 ad
291 4924 448 4973 ditectionem
468 4924 552 4972 uerriut
569 4920 727 4988 precantur.
