3412 5664
254 107 318 175 332
733 126 760 173 s.
779 123 921 173 ennean
943 123 1057 171 rarae

146 308 170 343 a.
182 296 242 347 aaa.
256 284 494 365 consequantur
503 280 552 365 ¹⁷),
576 300 638 364 quo
653 278 736 343 male
752 300 828 343 usus
843 279 878 343 in
892 282 1081 363 perpetuam
1095 278 1212 345 recidit
1224 278 1418 365 servitutem,
1437 284 1534 349 Βίι

256 384 412 468 seriptum
434 386 498 448 est:
525 386 582 459 Oai
597 384 679 457 facit
694 391 867 462 peccatum,
891 402 996 447 servm
1017 392 1062 447 est
1080 388 1219 463 peccati·
1241 402 1337 463 aquo
1352 390 1417 465 qar‘e
1434 406 1534 471 nep

102 478 354 597 ‘¹⁰tss·⁸’{4·r⁰tur›
379 492 449 551 truie
471 498 500 550 et
520 506 625 549 seruus
647 490 817 549 addicitur:
844 507 952 549 nonne
979 482 1060 549 haee
1082 486 1132 549 est
1152 482 1209 548 illa
1231 486 1450 571 praesumptio
1497 512 1534 559 m

143 546 382 681 1215f9f'turalis,
407 611 487 672 quae
510 587 550 651 ad
573 586 782 650 detestandae
806 583 1003 671 captivitatis
1022 586 1098 670 jura
1119 587 1303 671 deseendit,
1326 610 1420 673 quam
1439 586 1534 662 San*

256 695 351 777 ptura
373 692 484 754 sanctu
507 689 553 752 eie
576 692 746 753 memorat:
771 696 872 754 Grave
885 696 997 770 jupam
1019 710 1111 771 super
1123 696 1204 766 filios
1219 696 1318 757 Adam
1332 714 1353 755 a
1366 696 1534 765 eeeaerm

138 768 240 891 ἓξξῙξΒ·
254 801 293 859 de
313 804 415 859 veritre
437 799 543 857 metris
565 812 668 856 eorum
698 814 790 871 usque
817 800 848 861 ta
873 798 950 857 diem
972 799 1149 873 sepulturae
1175 800 1207 858 tn
1228 806 1357 859 matrem
1379 804 1528 871 mertem

183 879 189 899 ’
220 880 225 892 ’
254 898 292 961 de
315 918 377 981 qua
399 918 502 981 genus
524 894 700 959 humanum
722 917 788 958 non
811 894 874 959 nisi
897 894 983 959 solua
1006 894 1162 960 Dominus
1189 898 1301 961 noster
1321 896 1415 963 Jesua
1434 896 1521 965 (311ιί-

254 1004 322 1063 stus
345 997 535 1063 commercio
557 1019 633 1060 snae
655 996 792 1061 redemit
814 997 988 1081 passionis,
1019 1000 1052 1063 et
1078 1000 1204 1063 mutata
1225 997 1398 1065 nativitate
1417 1000 1518 1083 noan)

139 1182 168 1235 Μ
187 1180 231 1235 ,th
254 1102 359 1167 eruit?
391 1105 479 1166 Solus
501 1108 602 1183 utique
624 1105 704 1164 veuit
724 1114 922 1181 quaererem
943 1107 1076 1179 satiare,
1098 1107 1183 1181 quod
1200 1109 1356 1183 perierat:
1376 1104 1413 1167 ut
1429 1102 1516 1169 liter·

169 1198 200 1235 θ’
233 1210 268 1272 ’t

146 1256 233 1313 la‚11.
269 1230 321 1288 as,
350 1228 432 1290 quae
454 1226 511 1289 per
538 1201 743 1268 temerariam
769 1202 877 1267 suerat
904 1204 1030 1287 dejecta
1056 1204 1258 1289 superbiam,
1292 1204 1519 1273 instauraretur

255 1312 404 1395 reparata
426 1329 483 1392 per
505 1305 655 1391 gratiam,
680 1308 853 1390 mutuaque
876 1306 945 1371 viee
966 1305 1128 1371 humanae
1146 1307 1324 1375 voluntatis
1345 1308 1520 1383 arbitrium,

256 1414 338 1478 sicut
364 1408 525 1497 sequendo
553 1407 716 1472 diabolum
744 1408 967 1493 captivitatem
1000 1412 1161 1474 meruerat
1194 1412 1435 1497 sempiternam,
1460 1408 1524 1477 sie

253 1517 446 1581 reformatae
478 1510 697 1595 subsequendo
733 1511 894 1576 libertatis
928 1516 1108 1595 auctorem,
1146 1514 1300 1579 amissum
1334 1514 1443 1581 rediret
1464 1504 1528 1579 nd

253 1618 440 1704 praemium.
471 1615 556 1681 Hine
580 1618 639 1697 est,
663 1614 747 1699 quod
767 1614 837 1698 ipse
855 1612 1012 1679 Dominus
1035 1614 1096 1680 ait:
1121 1620 1215 1692 eumn
1237 1640 1290 1684 vor
1304 1624 1400 1685 Frtt'aa
1412 1622 1531 1685 ttttra·

101 1728 340 1799 Johaaouerit,
365 1732 438 1786 tunc
461 1740 529 1783 uere
550 1724 641 1783 libert
661 1724 762 1792 eriam
797 1720 829 1782 et
851 1718 1015 1802 apostolus
1042 1719 1156 1783 beatus
1178 1718 1299 1787 Paulus
1326 1720 1534 1807 exsequier:

257 1830 348 1901 Oeam
369 1828 451 1888 serui
470 1828 571 1887 essetis
591 1828 720 1902 peccati,
744 1826 835 1885 libert
843 1824 948 1897 fuistis
954 1826 1105 1900 justitiae,
1129 1820 1164 1886 id
1178 1826 1228 1888 est
1243 1823 1342 1889 alieni
1356 1820 1534 1911 ajuttitifl.

217 1907 376 2023 {veterati
400 1936 497 1991 autem
526 1946 546 1987 u
565 1934 710 2005 peccato,
738 1931 818 1988 serui
839 1927 923 2000 sacti
947 1930 1018 1989 estis
1037 1930 1196 2003 justitiae·
1233 1928 1267 1991 et
1293 1925 1409 1993 iterrnn
1432 1924 1534 1991 itm

235 2012 338 2113 ipse:
362 2032 551 2105 Libertatem,
577 2026 692 2111 inquit,
724 2048 786 2106 qua
807 2048 859 2092 vor
881 2032 1017 2093 Christus
1037 2032 1188 2123 liberauit.
1232 2026 1351 2095 Nonne
1377 2027 1439 2115 ipae
1454 2042 1534 2091 tn

104 2130 423 2204 Gal.4‚3t.·eleetionis
446 2129 587 2195 affirmat
614 2131 647 2192 et
674 2128 767 2193 dicit:
791 2134 871 2195 Deua
891 2140 946 2214 est,
970 2137 1023 2211 qui
1043 2143 1191 2211 operatur
1212 2139 1245 2197 m
1259 2136 1340 2198 votis
1359 2136 1463 2199 etrette
1496 2144 1534 2189 d

103 2241 400 2318 Phil.a‚ta.perficere
418 2254 478 2314 pro
499 2238 578 2297 tona
601 2239 774 2296 uoluntate?
796 2254 837 2296 ne
860 2232 959 2299 etiam
981 2232 1015 2298 in
1037 2233 1123 2298 mala
1144 2233 1313 2301 voluntate
1335 2238 1368 2301 et
1387 2232 1457 2301 ralle
1478 2246 1534 2293 e

255 2337 408 2422 perficere
430 2335 517 2400 Deus
540 2337 709 2419 putaretur
730 2334 867 2419 operari.

340 2440 370 2504 8.
415 2437 498 2503 Illud
527 2440 633 2502 autent
660 2435 909 2523 Pelagianorum
937 2437 1097 2523 peculiare
1125 2440 1212 2505 virus
1233 2442 1285 2507 est
1309 2440 1440 2528 olimque
1459 2436 1534 2503 th

255 2543 378 2626 tritum,
408 2564 469 2627 quo
496 2542 615 2624 putant
642 2538 782 2625 gretiam
808 2539 870 2605 Dei
897 2543 1071 2608 seeundum
1098 2542 1215 2609 merita
1242 2542 1407 2610 hominum
1427 2556 1534 2629 pat!

256 2644 405 2728 conferri,
428 2643 512 2729 quod
535 2643 653 2707 absita
674 2643 835 2709 mentibus
858 2642 1061 2730 Christianis,
1085 2668 1183 2732 quum
1203 2646 1370 2732 praefat-us
1389 2644 1534 2713 tratetm

256 2746 435 2834 apostolus:
459 2752 567 2812 Gratia
589 2759 632 2812 est
654 2768 733 2828 qaue
751 2754 850 2825 pratis
871 2752 973 2825 datur,
998 2754 1134 2829 alioqum
1154 2757 1236 2816 etex
1256 2748 1534 2831 operam-orm

156 2826 318 2948 1t‘snpjum
339 2872 399 2914 nou
423 2862 467 2915 est
486 2857 602 2928 qratia:
630 2848 706 2933 quia
732 2871 855 2914 merces
880 2848 1039 2934 redditur,
1070 2873 1137 2918 non
1166 2851 1287 2937 gratis,
1315 2850 1400 2917 unde
1415 2846 1534 2931 preld

202 2937 208 2957 ’
256 2973 373 3017 nomen
397 2951 531 3035 aceepit,
555 2950 760 3035 impenditur.
806 2950 883 3027 Quis
911 2953 1018 3016 autem
1045 2953 1162 3018 audeat
1183 2952 1290 3019 dicere
1312 2952 1534 3021 charum-1

256 3053 376 3139 aliquid
403 3052 522 3117 habere
544 3053 621 3116 boni
649 3052 719 3117 sine
747 3054 865 3139 gratia,
899 3054 1028 3138 quando
1044 3054 1200 3140 magister
1221 3054 1370 3141 gentium
1396 3044 1534 3121 damet

180 3216 201 3272 c
257 3159 374 3222 cuneta
395 3157 535 3221 breviter
556 3155 590 3218 in
614 3177 647 3218 se
669 3155 753 3221 dona
776 3156 984 3221 concludens:
1009 3163 1119 3223 Gratia
1140 3161 1201 3223 Det
1218 3178 1284 3224 eam
1298 3164 1334 3224 td
1353 3161 1534 3241 partim

157 3224 241 3347 iffi
255 3270 284 3323 et
303 3266 409 3337 pratia
431 3266 497 3339 ejus
519 3265 548 3323 m
571 3278 618 3322 me
639 3278 738 3323 vacua
759 3279 819 3323 non
838 3262 917 3335 sutt;
944 3261 980 3322 ut
1001 3258 1193 3343 ostenderet,
1217 3259 1294 3345 quia
1314 3260 1428 3327 doum
1443 3264 1534 3345 μ’

256 3360 321 3425 tiae
343 3382 409 3425 non
431 3361 500 3445 ipse
528 3360 736 3445 praecesserit
768 3360 824 3425 sed
852 3360 949 3426 tuerit
977 3360 1180 3444 subsecutus,
1210 3366 1305 3449 atque
1332 3362 1534 3429 monstrat*

258 3467 495 3548 cooperatorem
517 3484 550 3527 se
573 3484 641 3527 esse
663 3463 788 3547 gratiae
810 3462 1045 3546 subsequendo:
1073 3470 1128 3529 sed
1142 3470 1216 3545 ptus
1237 3470 1382 3545 amatim,
1405 3446 1534 3547 inquit

257 3572 316 3630 iltis
337 3571 486 3632 laboravi.
521 3564 569 3629 Ae
590 3586 699 3629 rursus
721 3564 851 3648 veritus,
875 3586 916 3629 ne
938 3565 977 3629 de
998 3588 1032 3631 ee
1054 3588 1258 3652 praesumere
1278 3566 1443 3651 rideretur,
1463 3544 1534 3625 ,d

254 3667 379 3750 junxit:
401 3688 460 3733 nou
483 3688 549 3747 eqo,
574 3673 629 3732 sed
646 3674 752 3747 qratia
775 3672 833 3732 oet
852 3688 977 3734 mecum.
1004 3667 1080 3733 Non
1102 3668 1200 3735 dixit:
1222 3690 1280 3749 epo
1300 3682 1332 3735 et
1349 3656 1534 3753 ΜΒ

256 3752 379 3854 metm,
403 3770 458 3835 sed
480 3770 666 3855 praeposuit
688 3770 829 3855 gratiam
856 3769 1160 3858 praecedentem¹⁹),
1189 3793 1321 3859 seseque
1347 3752 1534 3857 subjunxit

256 3871 338 3947 Quid
362 3876 469 3937 autem
490 3872 602 3936 haberi
631 3874 732 3956 possit
754 3874 824 3937 sine
846 3874 963 3958 gratia,
987 3895 1084 3959 quum
1109 3874 1154 3939 sit
1174 3873 1254 3939 fides
1275 3875 1348 3960 ipsa
1368 3894 1425 3961 per
1447 3876 1532 3961 μ’

131 1902 210 1956 Rom.

120 1970 215 2024 taeta

325 4112 353 4173 ’ῆι
372 4110 416 4164 Ita
433 4127 528 4164 eeusus
545 4109 655 4180 integer
674 4110 800 4177 efficitur,
822 4110 932 4167 aihaec
950 4112 1037 4167 verba
1054 4112 1135 4181 quasi
1153 4130 1186 4169 ex
1205 4112 1348 4169 sententia
1364 4112 1512 4185 rebant

256 4215 317 4252 rum
334 4197 491 4250 sumuntur:
512 4202 580 4266 quod
596 4208 676 4251 autem
696 4203 789 4259 dicant,
808 4202 887 4253 tibere
900 4201 1009 4253 arbitrio
1021 4202 1200 4253 beatitudinem
1216 4218 1245 4254 ee
1262 4205 1386 4271 ωυρμ·
1402 4190 1508 4267 ...3q1'

254 4282 307 4336 bus
324 4280 488 4352 opponitur:
506 4302 588 4337 ronne
606 4286 669 4336 duee
681 4295 719 4337 eat
735 4288 909 4352 praesumptio
1004 4284 1067 4339 Jam
1086 4282 1216 4354 opposuit
1233 4285 1320 4341 antea
1338 4286 1369 4342 at
1385 4282 1507 4357 quatit!

253 4365 433 4438 parenthesin
446 4366 557 4437 repetit,
575 4372 668 4421 deretini
684 4389 715 4423 rte
733 4373 759 4421 in
777 4372 931 4424 beatitudine
950 4374 1048 4436 quidem
1062 4372 1258 4439 paritatem
1270 4378 1392 4427 natm
1402 4374 1510 4441 ρηᾶ.

252 4458 375 4521 potatam,
395 4454 422 4507 et
440 4470 513 4507 nune
531 4451 603 4507 illius
620 4470 725 4524 pravae
743 4452 897 4509 sententiae
914 4470 1022 4508 merum
1038 4455 1145 4510 suumin
1158 4454 1258 4525 aperit,
1275 4454 1442 4527 superbiam
1456 4454 1515 4513 nati-

254 4540 297 4591 ret
316 4540 344 4592 et
361 4537 618 4609 praesumptionem
632 4537 693 4606 jam
711 4539 740 4593 in
757 4539 829 4593 libro
847 4538 1033 4595 Ecclesiastici
1050 4541 1186 4597 notatam.

324 4626 353 4689 st).
372 4624 406 4679 θ’
427 4644 476 4678 uon
494 4632 583 4678 seruit.

324 4710 353 4763 '⁹1
372 4710 415 4763 tta
433 4712 477 4765 (i'.
507 4708 583 4763 Editi
599 4730 636 4774 ee,
656 4722 739 4779 utque.
759 4713 787 4765 ἢ*
803 4718 1007 4781 praecedentem,
1025 4732 1054 4768 ee
1072 4723 1158 4784 atque.
1188 4710 1261 4769 Hine
1277 4712 1404 4773 lmine
1420 4714 1527 4788 impeti·
