3450 5678
646 318 892 380 6116101141.
921 286 924 298 Ι

219 485 382 571 Opnscula
404 484 594 550 Tertulliani
618 485 811 569 apocrypha.

220 588 382 674 Opuseula
403 588 614 671 Lactantiiw)
638 587 830 672 apocrypha.

219 690 382 776 Opuscula
404 689 554 754 Africani
576 689 771 774 apocrypha.
891 755 896 764 ,

219 792 379 879 (lpusonla
400 791 625 856 Posthumiani
648 793 728 880 et⁷¹)
752 792 838 857 Galli
859 793 1052 877 apocrypha.

219 893 382 980 Opuseula
403 894 563 979 Montani,
587 894 753 960 Priscillae
776 898 809 959 et
831 894 1027 959 Maximillae
1050 894 1243 979 apocrypha.

219 996 382 1082 Opuscula
402 995 557 1082 omnia⁷²)
580 996 692 1062 Fausti
715 996 899 1071 Manichaei
921 997 1114 1082 apocrypha.

162 1187 164 1190 Ι
219 1099 381 1183 Opuscula
403 1099 624 1173 Commodiani
647 1099 840 1184 apocrypha.

219 1203 381 1288 (lpuscula
403 1201 534 1266 alterius
558 1201 732 1267 Clementis
753 1202 966 1267 Alexandrini
989 1203 1183 1289 apocrypha.

219 1304 382 1390 Opuscula
403 1304 559 1390 Taseii⁷³)
583 1303 736 1387 Cypriani
759 1305 954 1390 apocrypha.
1064 1314 1066 1319 '

132 1584 308 1650 apocrypham
323 1577 500 1649 pronuntiat,
522 1577 636 1632 minime
656 1593 786 1648 pugnare
804 1594 909 1644 seorim,
931 1577 981 1632 sed
1003 1578 1077 1632 circa
1098 1578 1150 1632 hos
1168 1578 1293 1647 aliosque
1311 1576 1405 1647 hujus-

132 1664 210 1720 modi
226 1663 313 1719 libros
330 1662 405 1718 baud
422 1662 459 1717 ab
472 1678 506 1717 ea
518 1663 615 1717 abesse
627 1662 778 1729 sententia,
796 1679 880 1730 quam
893 1663 1077 1732 Hieronymus
1090 1665 1168 1733 epist
1181 1669 1213 1717 62
1232 1663 1286 1732 (ed.
1299 1662 1405 1733 Migpe)

132 1750 171 1804 ad
188 1747 410 1818 Tranquillinum
426 1739 522 1801 tenere
541 1764 570 1802 se
587 1748 735 1818 profitetur
752 1748 795 1802 his
813 1747 918 1803 verbis:
947 1753 1004 1817 Epo
1018 1752 1149 1817 Origenem
1160 1759 1271 1818 propter
1282 1753 1405 1804 eruditio·

133 1857 189 1890 nem
205 1840 332 1889 interduo
349 1839 479 1902 lependrun
496 1837 624 1896 arbitror,
642 1840 766 1903 mornado
787 1838 979 1901 Tertullianum,
999 1838 1135 1898 Nouatum,
1154 1838 1306 1898 Amulium,
1326 1839 1407 1903 Apol·

133 1926 253 1974 linarium
269 1929 295 1974 et
312 1925 443 1974 nonnullos
461 1924 647 1973 ecclesiasticos
664 1925 806 1987 scriptores
822 1938 931 1987 praeces
946 1924 1051 1987 pariter
1068 1929 1093 1974 et
1111 1925 1216 1981 latinos,
1235 1930 1264 1973 nt
1280 1923 1347 1974 bona
1365 1938 1407 1974 ec·

133 2027 192 2060 rust
212 2010 333 2074 elipantus
349 2009 501 2074 vitemusque
519 2010 652 2059 contraria
665 2010 748 2072 juata
765 2011 906 2072 apostolum
927 2010 1064 2058 dicentem:
1088 2008 1196 2072 „Omnia
1213 2008 1323 2073 probate
1340 2010 1409 2074 quod

135 2095 224 2147 lenum
242 2100 281 2145 est
298 2096 409 2148 tenete“.
444 2087 474 2142 Si
491 2091 587 2144 autem
604 2088 771 2160 scriptorum
789 2088 948 2158 hujusmodi
967 2106 1053 2159 opera
1069 2091 1163 2159 legere
1181 2091 1211 2144 et
1229 2088 1350 2157 quadiu
1368 2088 1408 2143 eis

134 2176 240 2232 bonnm
258 2176 302 2229 est
322 2173 454 2242 colligere
477 2191 510 2228 ac
531 2175 628 2229 tenere
650 2174 728 2241 lieet,
750 2174 820 2249 nihil
841 2175 926 2237 foret,
950 2192 999 2228 cur
1016 2174 1128 2230 Gelasio
1147 2175 1332 2244 abrogaretur
1353 2173 1408 2228 hoe

133 2262 292 2328 decretum,
315 2259 425 2313 etiamsi
447 2276 510 2313 cum
531 2259 565 2313 iis
586 2259 676 2323 libris,
700 2259 800 2329 quibus
822 2260 851 2314 in
869 2260 922 2315 hoc
940 2259 1053 2315 decreto
1072 2260 1197 2315 censoria
1218 2258 1407 2313 1111111111νί1-

133 2347 215 2417 gula,
233 2345 295 2416 ipse
313 2344 456 2399 censorin
473 2344 611 2398 nonnullis
629 2344 783 2399 consentire
800 2346 977 2415 probaretur.
1013 2345 1140 2400 Alterum
1158 2345 1288 2411 observo,
1305 2360 1407 2414 nempe

133 2433 207 2487 hane
223 2447 370 2487 censuram
391 2430 420 2482 111
442 2444 512 2483 unos
534 2428 667 2483 historiae
689 2428 788 2496 libros,
812 2447 868 2484 non
889 2430 919 2484 in
941 2430 1067 2498 ejusdem
1085 2431 1299 2485 commentarios
1316 2430 1361 2484 vel
1378 2428 1407 2483 in

133 2515 359 2589 praeparationis
375 2515 553 2584 evangelicae
570 2514 657 2569 libros
675 2515 787 2581 cadere,
811 2517 859 2569 aut
877 2514 901 2568 si
919 2515 1004 2569 etiam
1022 2515 1051 2569 hi
1073 2518 1191 2585 propter
1208 2515 1346 2571 rationem
1363 2532 1407 2568 su-

134 2602 229 2674 perius
246 2601 363 2656 allatam
379 2617 435 2656 non
452 2602 557 2655 temere
575 2599 743 2669 suscipiendi
760 2603 836 2667 sunt,
860 2600 889 2653 in
906 2600 940 2654 iis
958 2600 1116 2667 dumtaxat,
1136 2618 1207 2668 quae
1225 2600 1340 2669 Origeni
1357 2603 1408 2654 aut

133 2687 203 2743 Ario
219 2686 348 2753 teneant,
364 2703 414 2741 seu
430 2685 458 2739 in
477 2685 578 2755 quibus
595 2702 613 2739 a
630 2686 770 2739 communi
788 2685 989 2741 catholicorum
1010 2686 1149 2741 sententie
1166 2685 1302 2741 Eusebius
1321 2684 1407 2738 disce·

134 2774 190 2839 dit,
207 2789 265 2828 nou
282 2771 312 2825 in
328 2769 375 2839 iis,
391 2771 421 2826 in
439 2771 540 2841 quibus
559 2787 621 2824 cum
639 2770 681 2824 his
699 2770 849 2837 consentit,
867 2772 1011 2840 suspectos
1030 2787 1090 2825 esse
1109 2770 1219 2826 debere.
1251 2770 1331 2824 Unde
1343 2786 1407 2824 eon-
1510 2786 1515 2799 ’

133 2876 256 2929 sequens
273 2874 330 2913 non
348 2859 404 2923 est,
427 2859 459 2910 nt
480 2873 514 2911 ex
536 2873 582 2922 eo,
606 2855 681 2924 quod
702 2855 732 2909 in
754 2855 826 2909 libro
845 2853 948 2909 Gelasii
972 2854 1007 2909 de
1030 2854 1137 2910 duabus
1158 2854 1265 2910 naturis
1288 2854 1408 2908 nitentur

134 2942 250 3005 Emebii
266 2945 327 2997 tum
345 2941 537 2997 commentarii
553 2941 583 2994 in
600 2940 734 3011 psalmos,
757 2944 817 2994 tum
834 2939 1057 3010 praeparationis
1075 2940 1254 3009 evangelicae
1271 2939 1344 3007 libri,
1361 2939 1408 2994 de-

135 3031 246 3084 cretum
262 3028 316 3083 hoc
333 3027 377 3082 rel
394 3026 554 3097 praedictus
573 3026 607 3080 de
626 3026 734 3080 duabus
752 3025 858 3079 naturis
875 3025 947 3080 liber
965 3025 1075 3081 Gelasio
1094 3024 1250 3092 abjudicari
1267 3025 1378 3080 debeat.

203 3111 505 3183 ’1)11111111111111ΙΙ
527 3117 660 3166 Laetantir'
680 3119 732 3165 rive
755 3116 878 3176 Africani
899 3110 944 3178 (Fd
956 3110 1040 3164 Flam
1052 3110 1090 3164 ΧΙΙ
1114 3110 1178 3165 add.
1202 3113 1264 3179 siue)
1285 3114 1410 3164 Firmiani

134 3220 243 3271 apem,
263 3202 293 3254 et
310 3197 410 3253 deinde
428 3197 561 3253 omittrmt
579 3199 742 3265 sequentem
759 3213 870 3250 versum
888 3196 922 3250 (16
941 3200 1078 3261 Africano.

204 3288 237 3353 ¹¹)
256 3283 467 3338 1⁶H⁸omittnnt
478 3293 504 3337 et
518 3288 591 3345 Galli,
609 3281 690 3335 FiFm
704 3280 793 3336 omitt.
808 3293 846 3342 et,·
863 3281 901 3335 H³
915 3285 970 3336 Gai.
994 3281 1047 3336 Hie
1057 3282 1172 3336 notatur
1186 3281 1282 3339 Severi
1294 3279 1409 3350 Sulpicii

135 3369 338 3426 Posthumiano
356 3371 385 3423 et
403 3368 484 3422 Gallo
502 3367 752 3436 interloquentibus
770 3366 910 3435 dialogus,
932 3364 961 3419 in
984 3381 1039 3434 quo
1057 3365 1277 3422 Millenariorum
1299 3381 1408 3421 errores

135 3456 326 3524 Hieronymus
344 3452 551 3519 animadvertit,
569 3451 695 3522 quamvis
712 3469 785 3505 nunc
803 3451 840 3506 ab
857 3450 891 3506 iis
901 3452 1038 3521 purgatus
1050 3455 1194 3522 appareat.
1204 3456 1207 3460 '
1219 3452 1260 3506 De
1272 3451 1325 3506 hoc
1336 3450 1419 3508 libra

135 3541 238 3597 docter
260 3537 308 3594 1116
325 3539 355 3594 in
371 3538 545 3593 Ezechielem
563 3537 609 3592 lib.
624 3537 663 3590 XI
681 3554 741 3607 cap.
756 3543 789 3591 36
807 3537 848 3591 ita
864 3537 1001 3604 loquitur:
1025 3541 1081 3592 Nee
1101 3541 1204 3592 sabbati
1224 3542 1277 3593 otio
1299 3541 1408 3591 rimie·

130 3632 204 3684 ‘nu
223 3631 295 3697 quod
310 3635 337 3680 st
354 3630 424 3678 multi
441 3636 584 3679 poenorum
601 3633 626 3677 et
642 3629 783 3692 praecipue
799 3627 951 3677 Tertulliani
967 3627 1039 3687 liber,
1062 3630 1107 3693 qui
1127 3627 1275 3678 inscribitur
1295 3628 1347 3685 „de
1363 3639 1410 3689 spe

132 3718 275 3780 fidelia&
293 3721 320 3764 et
336 3715 469 3764 Lactaffis‘
485 3715 666 3764 institutionum
683 3714 795 3763 uolumen
811 3714 942 3778 septimum
951 3713 1095 3777 pollicetur,
1114 3720 1140 3762 et
1155 3713 1283 3762 Victorini
1293 3712 1412 3764 Petobio-

136 3803 226 3853 msis
241 3800 352 3852 crebrae
369 3801 558 3865 expositiones,
582 3807 607 3848 et
625 3814 707 3862 nuper
724 3798 833 3848 Seuerus
855 3806 944 3848 noster
964 3801 990 3848 in
1013 3801 1126 3864 diulopo,
1150 3800 1192 3848 eut
1209 3797 1299 3849 Gallo
1322 3814 1411 3849 nemen

136 3889 265 3952 tapam.
296 3882 356 3946 Quo
373 3879 535 3935 testimonio
547 3880 697 3946 Gelasium,
715 3896 798 3948 quem
809 3879 974 3947 Hieronymi
991 3878 1026 3933 de
1043 3879 1122 3934 libris
1136 3878 1242 3948 judicio
1261 3877 1411 3948 plurimum

138 3967 275 4024 detulisse
297 3966 469 4036 expetimus,
495 3967 527 4019 nt
548 3965 621 4019 hunc
642 3964 785 4034 dialogum
808 3964 999 4034 apocryphum
1017 3964 1151 4031 ediceret,
1176 3963 1330 4019 adductum
1352 3980 1411 4018 esse

138 4053 225 4114 valde,
239 4051 388 4124 probabile
406 4052 456 4107 est.
474 4081 508 4090 -
525 4051 605 4105 Nunc
622 4049 708 4119 igitur
726 4048 863 4120 opinionis
879 4050 962 4119 hujus
985 4048 1092 4103 nullum
1112 4049 1141 4102 in
1159 4048 1278 4118 dialogis
1297 4046 1411 4118 Sulpicii

137 4138 300 4211 vestigium.
326 4138 385 4191 Aut
400 4136 488 4206 igitur
506 4152 696 4202 amanuenses,
715 4134 790 4203 quod
805 4135 835 4188 in
847 4135 886 4188 eis
897 4134 1007 4203 legerat
1017 4133 1211 4203 Hieronymus,
1229 4133 1263 4187 de
1274 4131 1412 4187 industria

135 4224 404 4297 praetermiserunt,
422 4226 471 4276 ant
488 4221 673 4290 Hieronymus
689 4221 763 4291 ipse,
788 4220 863 4289 quod
881 4237 901 4274 s.
915 4219 1051 4274 Martinus
1069 4219 1105 4274 de
1120 4218 1292 4274 Antichristo
1309 4218 1338 4270 in
1355 4217 1410 4270 fine

137 4310 249 4380 dialogi
265 4310 292 4364 11
310 4307 412 4363 dixisse
430 4306 603 4377 perhibetur,
621 4306 839 4361 Millenariorum
858 4305 1016 4375 opinionem
1033 4304 1158 4360 redolere
1173 4303 1317 4373 judicarit.

208 4398 243 4464 ⁷¹)
259 4395 293 4449 In
309 4392 433 4448 F⁴F³H³
451 4393 483 4448 ut
499 4392 529 4446 in
546 4392 679 4463 exemplis
692 4391 857 4447 Hormisdae
875 4391 956 4447 deest
972 4398 1063 4447 omnia.
1093 4389 1200 4445 Deinde
1214 4389 1275 4444 0¹1¹
1286 4392 1410 4443 l'anstini.

136 4480 310 4538 Notissimus
328 4481 372 4534 est
388 4478 441 4534 iste
458 4477 579 4532 Faustus
597 4477 675 4533 libris
692 4476 848 4547 Augustini.

209 4569 243 4636 ’³)
261 4565 306 4620 Its
323 4580 386 4620 cum
397 4563 435 4617 Η8
446 4563 480 4617 F¹
492 4562 577 4617 F⁰F¹³
595 4565 678 4618 avet.
693 4562 764 4634 lil⁰¹
777 4563 837 4632 1111)
856 4564 885 4618 61
902 4561 1106 4637 exemplaribus
1122 4561 1296 4618 Hormisdae.
1325 4556 1413 4614 11111

141 4658 230 4716 Tusci,
245 4651 371 4714 C²Tassi,
389 4652 513 4718 a¹o²seq.
524 4653 599 4712 Tatii,
617 4649 651 4702 Fi
661 4647 696 4701 Ol
712 4653 810 4712 Tiarai,
830 4648 878 4703 alii
891 4667 952 4703 eum
960 4649 1083 4702 H'Tarsi.
1107 4646 1197 4712 Quum
1209 4645 1336 4716 superius
1347 4646 1414 4716 post

137 4736 336 4795 commonicus
354 4735 475 4805 synodos
499 4735 693 4804 approbent-ur
715 4734 848 4804 opuscula
864 4738 887 4787 b.
903 4738 1006 4789 Caecilii
1024 4739 1148 4805 Cypriani
1169 4738 1290 4801 martyris
1303 4735 1412 4786 Cartha-

135 4829 255 4896 pr'msis
281 4828 407 4892 episcopi,
437 4823 467 4876 et
488 4821 517 4874 in
539 4819 704 4875 Hormisdae
726 4820 840 4888 quidem
861 4820 994 4891 exemplis
1016 4818 1145 4874 dicuntur
1166 4826 1193 4873 in
1213 4821 1325 4873 omnbus
1346 4821 1414 4871 recl·

134 4915 247 4982 plenum
265 4909 361 4976 restat,
379 4909 411 4962 ut
428 4909 478 4962 aut
495 4906 609 4962 alterius
627 4903 767 4976 Cypriani,
786 4906 834 4976 qui
850 4906 958 4975 pariter
976 4905 1065 4960 dictus
1083 4905 1120 4958 sit
1138 4902 1261 4971 Tascius,
1283 4904 1333 4958 aut
1348 4901 1414 4957 hnic

1147 4990 1213 5060 30*

1461 1887 1482 1925 Ι
