3450 5678
725 341 919 390 emenonis
942 332 972 391 6.
997 332 1026 390 i.
1421 327 1484 393 749

217 499 246 564 si
267 498 321 584 qui
343 496 511 562 orthodoxi
533 499 565 562 et
587 499 716 560 nostrae
732 495 966 560 communionis
988 498 1044 559 aut
1057 493 1214 561 habentes
1230 497 1332 561 zelum
1347 497 1482 562 unitatis
1494 509 1529 575 (a.
1541 510 1612 575 sla.)

218 624 273 666 vos
296 600 403 665 videre
425 599 595 681 voluerint,
620 620 672 662 eos
695 598 754 662 sub
776 598 863 662 omni
886 598 1011 662 cautela
1033 598 1200 683 suscipite;
1223 620 1279 683 per
1301 621 1379 683 quos
1401 599 1484 663 forte

218 707 251 767 et
272 703 354 788 quod
378 701 486 786 agitur
507 699 743 785 deprehendere
758 700 915 784 poteritis.
944 699 1146 765 Praesentati
1168 700 1276 785 itaque
1298 699 1484 784 imperatori

217 805 342 869 litteras
364 802 520 887 porrigite
543 824 614 866 cum
628 802 688 866 tali
703 801 909 867 allocutione:
932 806 1055 867 Salutat
1076 823 1128 868 aas
1144 814 1237 882 pater
1259 795 1364 880 uester,
1389 809 1483 868 Deum

217 913 349 987 quotidie
370 926 494 984 repens,
518 916 547 968 et
568 905 838 987 consessionibnsl)
853 916 1027 969 sanctorum
1042 910 1243 983 apostolorum
1259 909 1344 968 Petri
1355 916 1385 968 et
1396 909 1486 969 Pauli

217 1020 346 1074 oestrum
368 1028 494 1086 requam
515 1012 736 1085 commendans,
762 1017 795 1071 nt
815 1011 907 1087 Deus,
930 1013 984 1084 qni
1003 1011 1085 1070 uobis
1106 1013 1166 1070 tale
1187 1012 1367 1071 demanium
1389 1012 1481 1084 deaii,

217 1096 250 1176 ut
267 1133 328 1191 pro
349 1129 443 1174 causa
466 1114 621 1174 Ecclesiae
642 1115 720 1173 mitti
738 1120 768 1172 et
789 1115 946 1173 consulere
967 1113 1181 1172 beatitudinem
1208 1114 1303 1187 ipsius
1324 1115 1480 1187 eieceritis,

217 1220 282 1293 ipse
303 1224 332 1276 et
348 1215 567 1292 perfectionem
590 1216 686 1275 bonne
707 1216 822 1275 tribnat
843 1216 1014 1275 uoluntates.

301 1315 332 1377 3.
370 1312 462 1377 Etsi
484 1313 628 1394 voluerit,
653 1316 825 1397 antequam
849 1311 977 1376 chartas
997 1312 1160 1396 suscipiat,
1184 1312 1328 1377 ordinem
1350 1311 1482 1397 legatio-

218 1415 268 1479 nis
291 1436 474 1500 agnoscere,
498 1413 549 1477 his
564 1414 669 1478 verbis
691 1415 835 1479 utimini:
857 1419 965 1479 iubete
979 1420 1094 1494 scripta
1107 1421 1270 1494 suscipere.
1302 1412 1335 1478 si
1351 1413 1481 1478 dmerit:

219 1523 296 1594 Quia
318 1522 427 1581 babent
449 1522 597 1581 cbartae?
624 1517 873 1601 respondetisl):
896 1520 1016 1581 Saintes
1037 1522 1081 1580 aa
1098 1523 1240 1596 pietatem
1263 1527 1390 1580 uestram
1412 1538 1482 1582 con·

216 1628 326 1697 tinent,
360 1631 390 1682 ct
411 1624 473 1683 Deo
493 1625 614 1697 arctius
636 1630 746 1696 aputu,
782 1625 853 1697 quia
880 1639 931 1682 uos
951 1624 1095 1682 sollicitos
1122 1624 1160 1681 de
1187 1624 1303 1682 unitate
1329 1626 1483 1697 capnoscit

218 1727 388 1787 Ecclesiae:
410 1727 507 1800 lenite,
530 1732 559 1783 et
581 1727 759 1798 opnosectis.
796 1719 839 1783 Et
861 1718 979 1782 nullius
1003 1741 1116 1783 causae
1137 1720 1334 1784 mentionem
1353 1721 1481 1803 penitus

216 1824 360 1905 faciatis,
395 1822 457 1885 nisi
480 1822 567 1905 prius
590 1825 740 1905 acceptae
762 1822 889 1885 litterae
911 1822 1107 1906 relegantur.
1158 1821 1202 1886 Et
1223 1825 1297 1906 post
1318 1826 1482 1906 susceptas

217 1926 341 1989 litteras
371 1927 403 1988 et
425 1923 560 1987 relectas
583 1923 736 2005 adjicitis:
766 1928 844 1986 Num
865 1934 895 1986 et
916 1929 960 1987 aa
976 1929 1159 1987 Vitalianum
1179 1928 1331 2001 famulum
1353 1936 1481 1988 oestrum

215 2035 294 2092 misu
316 2033 440 2102 litterae,
466 2026 550 2112 quii)
574 2040 701 2105 accepta
724 2048 743 2089 a
761 2032 874 2106 pietate
890 2037 1000 2103 uestra,
1023 2033 1101 2090 sicut
1121 2032 1185 2106 r'pse
1205 2033 1334 2106 scripsit,
1359 2033 1481 2091 licentia

214 2151 285 2194 suos
307 2134 350 2192 ad
366 2140 487 2208 patrem
511 2139 639 2192 oestrum
661 2139 797 2192 sanctum
814 2148 933 2207 papam
960 2117 1092 2192 homines
1113 2133 1282 2192 destinarit.
1326 2133 1389 2193 Sea
1410 2137 1481 2209 quia

207 2239 327 2314 justum
349 2243 429 2307 erat,
460 2241 492 2294 ut
509 2236 599 2309 prius
621 2235 664 2292 aa
684 2236 870 2293 clenentiam
899 2244 1026 2294 uestram
1054 2236 1215 2308 diriperet,
1246 2236 1303 2295 boc
1325 2235 1418 2309 secit,
1449 2243 1481 2295 ut

216 2339 297 2398 uobr's
318 2338 495 2411 jubentibus
524 2343 612 2410 atquc
641 2337 850 2395 ordinantibus
877 2338 921 2423 aa
946 2353 1012 2396 enm
1039 2339 1169 2414 scripta,
1207 2354 1285 2412 quae
1312 2338 1478 2410 detulimus,

216 2441 279 2501 Deo
298 2441 434 2514 propitio
450 2437 657 2514 perferamus.
709 2431 742 2497 Si
764 2432 939 2517 imperator
960 2433 1090 2517 petierit
1112 2434 1264 2518 epistolas
1286 2457 1305 2497 a
1326 2434 1419 2499 nobis
1441 2435 1481 2498 ad

216 2537 416 2601 Vitalianum
439 2536 586 2616 directas,
610 2535 656 2598 sic
671 2533 927 2618 respondendum
943 2538 1006 2599 ost:
1030 2539 1099 2600 Non
1114 2540 1170 2601 boc
1185 2542 1268 2601 nobis
1277 2550 1370 2616 pater
1385 2550 1481 2602 uester

215 2651 339 2704 sanctus
356 2659 444 2718 papa
460 2644 634 2717 praecepit,
659 2659 713 2701 nec
729 2644 792 2701 sine
799 2644 936 2716 jussione
950 2643 1044 2717 ipsius
1059 2643 1176 2717 aliquid
1183 2659 1343 2722 possumus
1353 2642 1480 2715 secere:

216 2753 316 2805 tamen
339 2752 370 2805 ut
391 2745 495 2803 sciatis
515 2736 737 2819 simplicitatem
759 2745 944 2817 litterarum,
975 2746 1047 2818 quia
1073 2744 1150 2804 nibil
1177 2746 1264 2805 aliua
1293 2745 1402 2805 babent
1423 2747 1483 2805 nisi

214 2864 321 2923 preces
342 2848 385 2905 ad
404 2848 546 2920 pietatem
569 2853 697 2905 uestram
721 2848 860 2917 directas,
891 2852 924 2905 ut
940 2835 1176 2910 ‚accommodetis
1197 2849 1329 2907 animum
1351 2856 1480 2908 nestrum

210 2967 273 3026 pro
295 2951 410 3008 unitate
432 2948 602 3008 Ecclesiae:
628 2950 751 3023 junpite
772 2948 923 3008 nobiscum
947 2964 1124 3023 personam,
1156 2965 1216 3023 qua
1236 2956 1396 3024 praesente
1416 2957 1479 3009 tra·

217 3052 299 3111 ditae
328 3050 453 3110 anobis
478 3052 598 3109 litterae
625 3053 811 3123 relepantur.
863 3044 897 3109 Si
923 3067 998 3109 vero
1025 3044 1141 3109 dixerit
1166 3045 1339 3129 imperator
1366 3068 1419 3110 eas
1447 3067 1480 3110 se

216 3149 331 3212 debere
352 3147 475 3232 legere,
499 3147 670 3230 respondes
680 3147 722 3231 ⁶):
743 3154 813 3225 jum
835 3158 863 3210 te
883 3153 1073 3225 suppessisse,
1090 3153 1208 3228 ‚iussum
1230 3154 1286 3213 tibi
1304 3170 1364 3213 non
1382 3141 1505 3225 suase

217 3272 237 3313 a
250 3263 355 3314 sancto
368 3271 462 3330 papa.
501 3248 534 3313 si
549 3248 680 3313 dixerit:
704 3254 769 3314 Hoc
791 3262 906 3313 tantum
928 3262 981 3327 est,
1006 3254 1087 3328 quoa
1107 3255 1138 3313 in
1158 3255 1267 3314 litteris
1289 3258 1480 3316 continetur?

214 3364 340 3432 possunt
361 3359 439 3415 enim
461 3364 490 3416 et
512 3357 667 3415 mandatis
687 3358 750 3414 alia
771 3358 925 3425 nuntiari,·
953 3355 1032 3415 tuuc
1054 3352 1241 3435 respondes:
1265 3359 1348 3418 Absit
1368 3375 1388 3417 a
1409 3375 1479 3419 cou-

215 3462 342 3519 scientia
369 3462 491 3519 nostra!
546 3459 638 3518 Nobis
656 3467 720 3518 'iton
749 3464 792 3517 est
817 3460 886 3518 talis
912 3459 1111 3519 consuetudo:
1145 3476 1199 3519 nos
1219 3476 1282 3535 pro
1304 3460 1362 3520 Dei
1387 3479 1480 3522 causa

216 3564 362 3635 uenimus,
396 3570 424 3619 et
451 3563 481 3619 in
510 3560 604 3619 Deum
632 3562 820 3620 commissuri
844 3563 964 3621 sumus?
1007 3559 1143 3637 Simplex
1175 3568 1220 3622 est
1252 3565 1352 3623 sancti
1373 3580 1480 3640 papae

214 3665 342 3737 topatio,
373 3670 402 3722 ct
424 3663 558 3723 omnibus
580 3669 651 3722 nota
673 3665 741 3738 ipsa
762 3664 829 3740 ejus
844 3665 969 3741 petitio,
1003 3665 1088 3739 ipsae
1105 3679 1229 3738 preces:
1259 3671 1293 3724 nt
1318 3668 1479 3726 constituta

282 3969 303 4037 ⁸)
321 3967 430 4031 1taG¹;
448 3966 515 4020 boc
531 3970 760 4020 intercessionibus.
789 3967 876 4021 Porro
893 3970 1093 4032 confessionibus
1111 3965 1249 4035 designari
1267 3968 1358 4022 solent
1369 3970 1479 4038 aposto⁴

214 4053 303 4107 lorum
321 4051 431 4117 tumuli,
449 4050 574 4118 adeoque
592 4067 688 4119 preces
706 4049 743 4105 ad
760 4052 951 4121 apostolorum
964 4050 1040 4105 Petri
1058 4051 1086 4104 et
1104 4051 1182 4105 Pauli
1200 4053 1321 4106 tumulos
1338 4053 1415 4107 susae
1433 4053 1478 4107 hic

215 4138 434 4192 commemorant
469 4181 474 4190 .

281 4226 302 4291 ⁴)
321 4223 388 4276 hcc
404 4228 558 4291 respondete
630 4228 749 4290 adjicite,
768 4238 801 4277 ac
817 4222 855 4276 sic
873 4221 989 4276 subinde
1007 4220 1093 4276 verba
1111 4220 1211 4276 similia
1228 4239 1279 4293 pro
1292 4223 1408 4278 arbitrio
1422 4241 1478 4277 mu-

214 4309 283 4362 tant.
304 4338 335 4345 -
353 4306 417 4360 Mox
436 4308 478 4362 ed.
498 4313 567 4377 quod
582 4325 626 4361 vos
696 4321 862 4376 capnoscnnu
881 4306 980 4361 deinde
998 4306 1032 4361 G¹
1053 4313 1135 4375 lepitis
1153 4315 1297 4376 opnoscitis.

282 4397 302 4461 ⁵)
321 4392 355 4446 G·
369 4395 395 4447 a¹
415 4400 474 4462 quia
492 4406 611 4462 accepta,
630 4392 725 4447 littera
742 4414 759 4446 a
776 4409 868 4448 errore
886 4390 1006 4446 librariis
1024 4391 1156 4447 familiari
1167 4409 1315 4463 perperam
1326 4394 1476 4461 geminata.

214 4477 390 4542 Anastasius,
408 4479 440 4531 ut
452 4478 636 4548 Theophanes
648 4495 713 4547 pag.
724 4484 771 4533 137
785 4479 814 4533 et
829 4482 875 4533 138
892 4481 990 4531 narrat
1005 4477 1057 4544 (cd.
1072 4477 1159 4533 Bonn.
1174 4480 1290 4550 etism),
1308 4496 1326 4532 a
1337 4477 1477 4532 Vitaliano

214 4579 313 4633 pacem
325 4562 485 4633 impetravit
503 4580 537 4617 ea
555 4561 724 4628 conditione,
744 4565 774 4616 ut
791 4562 949 4630 concilium,
968 4579 1023 4631 quo
1039 4563 1185 4618 accederet
1196 4565 1337 4618 Romanus
1352 4564 1477 4630 antistes

215 4648 416 4702 celebraretur:
434 4651 555 4717 tuncque
575 4647 665 4701 eidem
683 4647 745 4702 duci
763 4664 883 4714 sacram,
903 4665 959 4716 qua
970 4647 1118 4703 Hormisda
1129 4649 1166 4702 ad
1179 4648 1313 4718 synodum
1326 4649 1478 4704 Heracleae

213 4732 373 4787 habendam
391 4735 551 4800 vocaretur,
569 4733 635 4787 darc
654 4731 810 4803 compulsus
828 4736 878 4787 est.

282 4821 302 4886 ⁸)
313 4819 339 4871 <b
353 4836 387 4873 cc
406 4824 611 4888 ilespomlebitis,
628 4825 686 4886 jam
703 4838 746 4873 vos
764 4825 933 4888 steppessirse,
956 4819 1058 4875 omisso
1076 4820 1176 4875 deinde
1199 4824 1256 4878 ult·
1280 4820 1309 4874 et
1330 4819 1403 4875 infra
1429 4832 1478 4874 trem

214 4908 400 4974 respondebitis
419 4907 447 4959 ct
465 4904 553 4959 omitt.
573 4911 642 4959 talis.
1450 4916 1453 4919 ’
