3412 5664
598 290 601 295 ‚
691 341 863 391 nrrsronn
887 329 958 388 124.
1395 322 1457 392 929

191 518 267 582 gnos
289 495 449 581 adjutorio
470 494 531 560 Dei
553 495 640 580 deff)
670 495 855 581 regionibus
879 516 987 559 eorum
1009 497 1059 559 est
1079 493 1171 580 pulsa
1198 495 1363 560 dissensio.
1408 495 1561 564 Deatao.

191 598 233 664 eis
256 619 328 664 sero
348 597 553 684 probavimus
575 597 764 682 prophetica
779 596 959 682 apostolum
977 618 1052 662 voce
1068 596 1196 681 dixisse,
1218 598 1254 662 in
1275 575 1568 701 novissimisgffi‘

191 699 301 765 diebus
320 698 444 765 instare
466 703 612 785 tempora
634 699 824 784 periculosa,
848 702 880 764 et
901 699 970 764 fore
991 697 1137 765 homines
1159 697 1208 764 sui
1222 702 1350 765 tanturn
1372 723 1458 766 arna-
1488 685 1494 710 '
1569 687 1575 698 ¹

191 804 290 886 uires,
319 801 476 867 habentes
504 802 641 866 formam
669 801 814 885 pietatis,
844 801 995 866 virtrrtem
1022 804 1129 867 autem
1155 802 1224 887 ejus
1246 803 1456 889 abnegantes,

191 903 298 990 itaque
325 925 394 969 esse
421 903 578 969 vitandos.
630 902 721 968 Haec
748 904 819 968 ideo
849 903 1013 969 dilectioni
1039 906 1164 969 vestrae
1195 904 1368 970 indicanda
1400 906 1459 971 sub

191 1006 357 1072 occasione
385 1006 589 1089 credidimus,
623 1028 680 1090 ne,
708 1007 736 1070 si
762 1005 840 1070 illuc
865 1005 988 1070 fuerint
1009 1004 1093 1070 forte
1115 1006 1228 1090 delati,
1258 1007 1457 1093 ignorantes,

191 1108 455 1194 quemadmodum
477 1108 567 1173 sein
592 1108 670 1173 urbe
692 1107 838 1174 Romana
866 1107 1140 1195 tractaverintffl),
1169 1107 1227 1172 snb
1256 1109 1363 1195 aliqua
1390 1131 1459 1176 ver·

191 1211 305 1276 borum
327 1209 530 1275 simulatione
552 1211 746 1295 deciperent.
1188 1229 1194 1237 ·

259 1312 307 1378 -4.
340 1310 385 1376 Hi
407 1333 491 1396 rer0,
519 1334 597 1397 quos
619 1335 675 1378 vos
697 1312 736 1378 de
758 1310 868 1378 Fausti
892 1313 1057 1398 eujusdam
1080 1311 1166 1377 Galli
1188 1312 1343 1378 antistitis
1366 1313 1460 1379 dictis

191 1413 387 1479 consuluisse
397 1413 514 1479 litteris
525 1413 701 1499 indicastis,
718 1414 750 1479 id
762 1414 824 1480 sibi
835 1436 1022 1498 responsum
1032 1413 1189 1479 habeant:
1204 1435 1307 1500 neque
1321 1415 1460 1502 illum¹⁷)

191 1537 294 1600 neque
322 1537 527 1601 quemquam,
562 1538 639 1602 quos
666 1518 702 1581 in
729 1517 953 1582 auctoritatem
984 1519 1114 1602 patrum
1140 1537 1206 1580 non
1238 1517 1354 1602 recipit
1388 1539 1460 1582 era·

191 1639 276 1701 men,
302 1617 477 1683 catholicae
492 1618 567 1682 fidei
582 1620 637 1683 aut
653 1618 887 1684 ecclesiasticae
905 1617 1094 1704 disciplinae
1110 1618 1354 1704 ambiguitatem
1368 1640 1460 1704 posse

191 1719 344 1805 gignere,
370 1722 426 1784 aut
447 1719 605 1806 religiosis
627 1721 858 1805 praejudicium
881 1741 1076 1806 comparare.
1122 1719 1202 1786 Fixa
1224 1724 1301 1786 sunt
1322 1743 1341 1785 a
1362 1720 1461 1805 patri-

191 1820 267 1905 bus,
296 1842 378 1905 qnae
399 1821 509 1886 fideles
532 1821 648 1886 sectari
674 1822 812 1888 debeant
838 1823 1004 1907 instituta,
1034 1822 1100 1887 sive
1125 1822 1365 1908 interpretatio,
1395 1822 1462 1887 sire

190 1922 399 2008 praedicatio,
423 1946 479 1994 seu
494 1924 625 1988 verbum
647 1924 756 2009 populi
779 1925 1000 2015 aedificatione
1016 1924 1241 2010 compositum:
1263 1924 1291 1989 si
1314 1946 1386 1990 cnm
1399 1924 1462 1989 fide

191 2028 282 2090 recta
304 2028 337 2090 et
359 2025 506 2090 doctrina
528 2048 608 2090 sana
630 2025 813 2110 concordat,
837 2027 1028 2111 admittitur,
1057 2025 1085 2090 si
1107 2026 1277 2110 discordat,
1307 2025 1461 2092 aboletur.

191 2124 302 2192 Unum
324 2129 374 2191 est
393 2126 656 2212 fundamentum,
686 2130 776 2193 extra
798 2129 881 2214 quod
903 2126 1064 2213 quaelibet
1084 2126 1208 2194 fabrica
1231 2129 1258 2194 si
1284 2129 1460 2212 consurgit,
1481 2115 1567 2171 ¹⁰⁰³·

191 2227 320 2292 infirma
342 2232 405 2311 est,
436 2250 531 2313 snper
552 2228 631 2295 illud
653 2229 842 2316 quisquisffl)
866 2229 1014 2294 aedificat
1039 2252 1095 2295 seu
1121 2229 1198 2295 vilia
1227 2252 1282 2294 seu
1310 2230 1460 2315 pretiosa,
1486 2191 1556 2251 a,t1.

191 2329 383 2396 consideret.
428 2328 528 2395 Errat
549 2334 656 2395 autem
679 2333 745 2419 ali)
768 2331 836 2415 via,
865 2332 919 2417 qui
949 2331 990 2396 ab
1017 2352 1054 2396 eo
1082 2331 1165 2417 quod
1192 2334 1321 2416 patrum
1349 2331 1463 2397 electio
1489 2394 1491 2399 .

191 2431 387 2496 monstravit
408 2431 577 2497 exorbitat.
623 2431 692 2499 Nec
719 2437 828 2498 tamen
853 2433 1054 2519 improbatur
1081 2433 1250 2520 diligentia
1277 2456 1334 2519 per
1362 2434 1463 2499 multa

191 2532 385 2617 discurrens,
409 2533 464 2599 sed
487 2534 612 2598 animus
635 2557 654 2598 a
676 2535 811 2599 veritate
833 2535 1008 2601 declinans.
1047 2534 1149 2620 Saepe
1164 2536 1202 2601 de
1217 2535 1268 2601 his
1283 2537 1463 2602 necessaria

191 2634 388 2719 providetur,
412 2635 451 2700 de
475 2636 589 2721 quibus
604 2636 666 2720 ipsi
682 2637 797 2701 aemuli
814 2636 1057 2719 convincantur,
1079 2638 1259 2703 instructio.
1295 2636 1364 2703 Nec
1384 2637 1462 2702 vitio

191 2735 263 2801 dari
285 2740 393 2822 potest
414 2758 518 2820 nosse,
541 2738 625 2823 quod
646 2739 770 2824 fugias3
793 2745 890 2823 atque
905 2738 976 2803 ideo
991 2760 1057 2803 non
1075 2739 1219 2825 legentes
1233 2741 1413 2825 incongrua
1427 2739 1463 2804 in

192 2838 322 2923 culpam
344 2839 492 2922 veniunt,
522 2839 577 2904 sed
600 2843 778 2926 sequentes.
824 2839 915 2917 Quod
942 2840 969 2904 si
997 2841 1045 2905 ita
1071 2862 1139 2905 non
1167 2844 1266 2925 esset,
1295 2862 1463 2926 nunquam

191 2940 306 3005 doctor
337 2940 392 3005 ille
425 2943 572 3027 gentium
601 2942 811 3027 acquievisset
841 2942 992 3006 nuntiare
1026 2941 1186 3007 fidelibus:
1223 2946 1330 3007 Omnia
1364 2932 1595 3009 rnemllhffl·

191 3047 329 3122 probate,
353 3049 436 3122 guod
456 3049 564 3108 bonurn
586 3056 630 3108 est
651 3056 757 3109 tenete.
795 3042 870 3108 Non
892 3043 949 3107 abs
971 3065 1005 3108 re
1027 3047 1086 3126 est,
1111 3043 1170 3108 etsi
1184 3044 1383 3110 mundanum
1397 3067 1463 3111 non
1490 3007 1559 3068 δάι’

191 3147 303 3208 nmen
327 3167 345 3207 a
366 3145 491 3210 ratione
514 3145 686 3210 discretum
708 3146 842 3211 miscere
869 3166 1057 3210 sermonem.
1102 3143 1224 3232 Fert²⁰)
1252 3146 1382 3230 quidam
1408 3168 1463 3212 no·

192 3385 248 3420 sess
265 3365 445 3435 postmodum
462 3365 588 3433 exhibet,
611 3364 803 3436 quamprimo
827 3365 1006 3436 praetulisset
1026 3372 1219 3433 assensionem,
1241 3365 1316 3436 quod
1338 3369 1372 3438 et,
1389 3367 1464 3438 apud

193 3448 289 3505 Ooahl
309 3451 338 3505 et
354 3449 384 3505 in
401 3449 462 3505 aliis
479 3449 558 3506 libris
576 3450 693 3509 obtinet.

264 3537 296 3605 ¹⁵)
313 3537 340 3590 a¹
359 3541 391 3590 de
408 3540 571 3605 religionibus
584 3546 622 3589 est
633 3544 716 3605 pulsu,
736 3535 837 3592 omisso
855 3555 940 3592 eorum
953 3542 1092 3598 dissensio,-
1109 3536 1177 3590 bcc
1194 3542 1226 3590 de
1244 3542 1366 3607 reiigione
1378 3558 1464 3594 eorum

193 3632 234 3676 est
244 3628 321 3691 gulsa
333 3625 467 3688 dissensio,
485 3620 576 3677 Cochl.
592 3626 623 3675 de
635 3627 739 3691 regione
752 3623 803 3676 etc.
821 3621 1007 3677 Praeferimus
1019 3639 1081 3676 curn
1094 3618 1127 3675 G·
1142 3621 1171 3675 et
1181 3619 1254 3675 Max.
1266 3625 1299 3675 de
1310 3626 1462 3690 regionibus,

191 3701 248 3760 hoo
265 3705 321 3760 est:
343 3703 501 3774 praedictos
523 3705 674 3760 monachos
692 3707 767 3777 apud
784 3706 936 3774 Romanos,
958 3722 1076 3776 quorum
1095 3704 1220 3760 subsidio
1238 3704 1394 3761 schismatis
1412 3706 1465 3761 dis-

192 3789 286 3845 sensio
305 3806 320 3844 e
337 3789 465 3859 partibus
479 3788 609 3860 Scythiae
626 3790 751 3861 adeoque
770 3808 785 3845 e
803 3790 965 3862 regionibus
984 3807 1080 3847 eorum
1103 3785 1338 3860 depulsaluerat,
1363 3790 1465 3846 discor-

193 3875 271 3931 diam
282 3874 392 3944 agitare
404 3875 532 3930 voluisse.
558 3876 598 3931 De
611 3875 664 3930 hac
675 3876 798 3945 partium
810 3875 976 3946 Scytharum
995 3875 1218 3930 reconciliatione
1230 3875 1380 3932 Hormisda
1391 3893 1464 3932 anno

193 3966 243 4016 atr
264 3960 345 4030 epist.
365 3966 398 4015 26
415 3979 442 4015 n.
462 3969 478 4016 3
496 3961 532 4016 ad
549 3961 688 4031 Hispanos
707 3961 825 4031 scripsit.

265 4047 297 4114 ¹⁶)
314 4046 359 4100 Ita
376 4063 437 4100 cum
450 4045 511 4101 aliis
523 4045 602 4100 libris
615 4045 701 4100 etiam
711 4045 832 4100 Manent.
847 4045 923 4116 apud
935 4045 1041 4112 Cochl.;
1055 4048 1085 4100 at
1096 4045 1125 4098 in
1136 4044 1264 4101 biblioth.
1281 4048 1354 4118 patr.
1368 4046 1463 4101 Colon.

191 4135 366 4200 congesserint
383 4136 481 4201 atiquo,
504 4147 538 4185 ex
560 4130 628 4184 nota
649 4129 817 4198 scholiastis,
841 4130 889 4199 qni
911 4130 947 4186 ad
967 4147 1056 4200 marg.
1076 4130 1255 4201 adscripserit
1275 4136 1403 4203 gesserint
1420 4134 1465 4184 sub

191 4221 289 4286 aliqua
325 4216 366 4270 Ro
384 4214 446 4284 ipsa
463 4215 508 4269 hic
525 4214 641 4270 verbum
660 4222 825 4270 tractaverint
843 4215 959 4286 perinde
977 4217 1122 4285 astatque
1139 4221 1277 4285 gesserint.

265 4302 297 4368 17)
314 4301 381 4355 bcc
399 4300 462 4355 add.
482 4307 572 4370 recipi.
603 4300 664 4354 Hoc
681 4302 776 4355 autem
794 4299 848 4354 sibi
864 4301 925 4356 vult
936 4300 1097 4356 Hormisda:
1117 4320 1198 4372 negue
1210 4307 1276 4356 illuns
1289 4319 1369 4371 neque
1382 4319 1465 4370 gueru-

191 4405 269 4457 grurm
287 4405 383 4449 emunt,
402 4392 507 4456 gnesin
525 4391 700 4440 arsetoritotern
719 4385 786 4453 eta,
804 4390 988 4456 arnhiguitntem
1004 4406 1081 4456 posse
1096 4393 1203 4457 gignere
1221 4392 1247 4440 in
1264 4405 1343 4441 causa
1359 4389 1464 4439 cordoli-

191 4491 240 4527 rse
255 4475 320 4537 tides·
336 4482 380 4525 aret
397 4476 583 4526 ecclesiasticae
601 4474 759 4538 cauponae.
794 4470 928 4526 Faustum
946 4474 1041 4527 autem
1057 4466 1223 4527 nominatim
1241 4470 1304 4525 ideo
1322 4469 1463 4541 ambigui·

191 4558 285 4613 tatem
303 4554 419 4626 gignere
436 4572 491 4611 non
504 4572 586 4626 posse
599 4555 704 4621 censet,
723 4555 789 4622 quia
802 4555 930 4611 cumdem
948 4562 974 4611 t'n
992 4563 1169 4612 auctoritatem
1186 4568 1287 4626 gotrurn
1304 4575 1354 4609 non
1372 4560 1465 4626 recipit

191 4661 304 4698 tamnen
321 4646 460 4698 mtiotr'cae
475 4648 550 4708 fidei,
569 4661 586 4698 a
604 4641 716 4698 Gelasio
734 4639 865 4696 videlicet
887 4640 1052 4697 institutum.

267 4727 297 4795 ¹⁸)
315 4726 398 4797 Apud
410 4726 501 4782 Cochl.
522 4735 634 4799 quisquis
652 4732 856 4797 superaedificat.
886 4726 978 4796 Magis
991 4725 1128 4782 arrideret
1145 4733 1248 4796 quisque
1261 4746 1326 4798 guse
1339 4731 1466 4793 aedificat.

264 4812 297 4879 ¹⁹)
316 4808 408 4865 Cochl.
429 4818 472 4882 gui
488 4833 504 4866 a
522 4819 562 4866 uin
580 4834 652 4884 gruum
668 4828 777 4883 patrum.

263 4897 297 4963 ²⁰)
315 4896 359 4951 Ita
376 4897 410 4951 G*
424 4900 460 4951 ab
496 4897 546 4952 Ed.
568 4904 661 4953 Fertur
732 4903 782 4952 sibi
797 4904 970 4968 proposuisse.

224 5000 385 5037 nrrsronur:
399 5001 501 5037 nouas.
517 5003 628 5039 nosris.
649 4989 670 5039 1.
1223 4992 1262 5048 59
1348 4998 1352 5006 ·
