3412 5664
348 336 410 401 852
788 347 817 396 s.
833 343 1041 394 noanrsnaa
1062 342 1178 391 aaran

242 523 267 560 a·
278 512 335 560 519-
347 505 421 569 bilis
444 504 493 568 vir
508 501 607 586 ipsius
624 501 764 566 civitatis
780 501 927 566 similiter
948 500 1093 565 libellum
1115 499 1213 581 dedit,
1237 496 1292 582 qui
1315 494 1437 559 libellus
1454 492 1574 560 inercie

349 607 396 671 sia
419 609 468 669 est
490 604 645 688 relectus,
682 608 714 669 et
741 605 849 668 omnia
879 603 1054 669 secundnm
1083 600 1348 667 constitutionem
1378 600 1497 663 vestam
1516 598 1579 662 runi

348 710 447 774 facta.
487 707 613 792 Rogata
636 706 755 789 Deum3
779 709 905 790 sperate
928 707 969 771 ab
992 703 1145 788 apostolis
1168 704 1238 787 ejus
1260 700 1442 768 beatissimo
1460 699 1533 764 Petro
1555 698 1583 758 et

348 810 459 894 Paulo,
483 813 518 873 ut
534 808 632 892 Deua,
656 809 710 891 qui
733 808 828 873 initia
850 809 930 873 talia
951 807 1084 872 donavit
1099 806 1299 871 orationibus
1322 804 1443 886 vestris,
1464 799 1587 866 salites

348 915 522 997 sequantur
544 914 576 974 et
597 933 767 996 prospera,
797 914 834 974 ut
855 914 1000 994 tempora
1024 908 1193 994 coronael)
1216 906 1396 973 vestraein
1420 903 1591 969 comestione

349 1013 555 1078 ecclesiarum
578 1035 702 1097 semper
724 1012 959 1097 praedicentur.
1005 1011 1108 1087 Quam
1135 1010 1306 1095 epistolam
1335 1009 1375 1073 ad
1403 1004 1595 1091 apostolatum

348 1120 488 1180 vestrum
511 1115 683 1181 direximus
706 1116 756 1179 die
778 1113 945 1179 Nonarum
967 1113 1169 1180 Martiarum.

857 1301 1040 1406 Epistola
1068 1303 1112 1387 ot
1163 1416 1166 1421 ¹

957 1455 1005 1493 sen

207 1511 333 1634 {hm}
431 1532 635 1601 Exemplum
655 1532 764 1588 libelli
786 1533 953 1589 iohannis
976 1531 1126 1601 episcopi
1148 1526 1514 1599 constantinopolitani.

381 1665 502 1714 Eamdem
518 1682 560 1725 se,
579 1681 651 1730 qaam
669 1647 822 1724 llormisda‚
844 1666 920 1728 fidem
942 1666 1063 1730 profiteri
1084 1664 1230 1727 coufirmat,
1254 1679 1286 1712 ae
1304 1662 1409 1712 libellam
1425 1676 1472 1726 per
1486 1660 1587 1723 leonto!

710 1751 860 1799 destinatam
879 1767 894 1799 a
911 1764 939 1798 ae
956 1749 1123 1813 subscriptam
1140 1750 1252 1799 remittit.

498 1882 666 1948 Domino
694 1904 775 1947 meo
803 1883 1025 1966 peremnia
1047 1881 1303 1947 sanctissimo
1326 1883 1364 1946 et
1385 1879 1632 1946 beatissim⁰

591 1985 715 2050 fratri
743 1988 782 2050 et
805 1985 1112 2070 comministro¹)
1145 1982 1382 2049 Hormisdae
1411 1982 1632 2049 lohannes

592 2087 805 2172 episcopus
827 2088 869 2152 in
890 2087 1058 2152 Domino
1080 2087 1260 2152 salutem.

240 2215 333 2277 spir.
434 2209 462 2270 1.
495 2205 642 2270 Redditis
663 2206 744 2271 mihi
765 2208 883 2273 litteris
893 2207 920 2293 ²)
942 2209 1067 2272 vestrae
1090 2206 1284 2290 sanctitatis,
1307 2206 1342 2270 in
1365 2205 1491 2272 Christ)
1510 2205 1632 2270 mter

240 2327 282 2379 ep.
294 2317 335 2364 ὁὶ).
349 2308 522 2391 carissime,
546 2330 604 2392 per
620 2307 755 2374 Gratum
771 2309 982 2374 clarissimum
999 2310 1158 2392 comitem,
1183 2313 1216 2373 et
1237 2330 1325 2374 nunc
1346 2331 1405 2394 per
1420 2308 1630 2375 Germanum

345 2413 378 2474 ct
407 2409 590 2475 Johannem
623 2411 902 2477 reverendissimos
936 2412 1100 2496 episcopos
1129 2413 1162 2476 et
1188 2410 1329 2476 Felicem
1363 2415 1397 2476 et
1427 2410 1618 2477 Dioscorum

345 2513 563 2576 sanctissimos
598 2513 749 2579 diaconos
779 2517 811 2578 et
844 2512 1005 2578 Blandum
1037 2514 1276 2598 presbyterum,
1312 2513 1452 2579 lactatus
1478 2535 1540 2579 sum
1561 2511 1616 2575 de

345 2615 506 2698 spirituali
529 2615 663 2680 caritate
685 2620 810 2681 vestrae
833 2616 1028 2699 sanctitatis,
1052 2616 1135 2700 quod
1156 2615 1317 2679 unitatem
1339 2616 1602 2681 sanctissimarum

344 2715 405 2780 Dei
429 2716 635 2782 ecclesiarum
657 2718 832 2782 seeundum
855 2722 995 2782 veterem
1016 2722 1146 2802 patrum
1167 2718 1304 2801 requiris
1330 2718 1539 2798 traditionem,
1559 2720 1598 2779 et

344 2813 569 2883 dilaceratores
592 2820 793 2885 rationabilis
816 2821 925 2906 gregis
941 2819 1061 2886 Christi
1084 2841 1190 2884 amore
1211 2818 1341 2904 pulsare
1363 2819 1504 2886 festinas.
1529 2818 1594 2884 ta-

253 2911 258 2922 ’
343 2923 396 2982 tus
419 2921 521 3004 igitur
542 2922 640 3004 scito,
664 2922 851 3007 peremnia
873 2922 1090 3006 sanctissime,
1114 2922 1199 3006 quia,
1223 2922 1399 2987 secundum
1421 2922 1498 3007 quod
1516 2917 1587 2983 robis

344 3022 472 3106 scripsi,
503 3045 568 3087 una
589 3027 696 3089 tecum
719 3024 825 3110 cum⁴)
848 3024 983 3089 veritate
1006 3025 1165 3107 sentiens,
1195 3045 1306 3088 omnes
1335 3027 1410 3089 ate
1431 3022 1587 3108 repudiatus

342 3123 520 3189 haereticos
547 3147 648 3190 renuo
677 3129 710 3191 ct
737 3148 812 3211 ega,
848 3148 961 3210 pacem
990 3125 1136 3212 diligens.
1183 3126 1412 3192 Sariotissimas
1438 3124 1514 3197 enim
1531 3117 1581 3184 liei

342 3226 502 3310 eeclesias,
526 3226 559 3290 id
582 3231 631 3292 est
652 3227 858 3313 superioris⁵)
880 3233 1004 3293 restrae
1028 3232 1060 3291 et
1081 3228 1226 3293 novellae
1248 3228 1342 3292 istius
1360 3227 1485 3309 Romae,
1504 3240 1577 3289 mam

342 3350 410 3391 csse
434 3328 573 3413 accipio,
601 3329 691 3393 illam
712 3329 820 3394 sedem
842 3330 977 3414 apostoli
1000 3329 1090 3394 Petri
1111 3335 1144 3395 et
1165 3330 1257 3394 istius
1288 3334 1444 3416 augustae
1468 3322 1571 3394 aunis

341 3453 439 3493 unam
461 3452 530 3495 esse
553 3431 680 3496 definio.
719 3431 876 3496 Omnibus
899 3432 980 3496 actis
1002 3454 1022 3497 a
1044 3432 1254 3498 sanctissimis
1263 3435 1290 3518 ⁶)
1313 3436 1447 3519 quatuor
1465 3424 1566 3515 synodis

341 3636 418 3703 cujus
440 3634 536 3689 laudes
553 3634 730 3689 Marcellinus
749 3634 847 3690 Comes
864 3636 901 3690 ad
919 3653 1021 3690 annum
1039 3642 1089 3691 oto
1106 3636 1298 3707 prosequitur,
1320 3635 1477 3692 successisse
1490 3629 1563 3685 tillim

343 3719 495 3774 'l‘heodorit
530 3764 535 3774 .

408 3809 427 3874 ³)
446 3805 479 3859 H.
499 3823 523 3861 e.
541 3811 704 3875 pontticatar
720 3813 808 3863 vestri
837 3806 923 3860 Paulo
936 3807 1020 3862 antea
1037 3807 1079 3862 est
1096 3807 1263 3862 anacolutha
1280 3807 1385 3875 oratio,
1403 3804 1475 3877 quasi
1488 3800 1561 3870 leitil!

344 3894 396 3944 Dee
415 3902 520 3945 auctore
592 3902 744 3960 sequautur,
761 3891 806 3946 vel
826 3897 894 3946 Deae
968 3904 1130 3964 exaequatur.

339 3979 369 4029 61
408 3978 428 4042 ¹)
447 3974 481 4029 G'
501 3982 723 4031 comministratori
744 3975 789 4042 (al.
813 3980 992 4046 comministro)
1014 3984 1155 4042 Jotiaarres,
1178 3994 1234 4033 non
1256 3978 1356 4033 addila
1376 3994 1440 4033 voce
1460 3979 1561 4046 epiawP'·

339 4059 445 4114 l'adcrn
464 4061 602 4116 omittitur
619 4061 648 4113 in
666 4060 802 4116 relatione
820 4061 946 4131 ejusdem
963 4062 1098 4117 iohannis
1115 4080 1164 4117 seu
1180 4062 1210 4117 in
1228 4081 1289 4134 sup.
1309 4081 1354 4134 ep.
1372 4071 1411 4120 ta.

406 4148 427 4214 ²)
445 4144 508 4199 Scil.
528 4163 600 4214 quae
618 4164 702 4216 supra
718 4146 814 4200 Horm.
835 4147 914 4216 epist.
933 4152 966 4201 lt
985 4150 1014 4202 et
1031 4155 1071 4203 52.

407 4233 427 4298 ³)
445 4231 489 4285 Ita
505 4230 522 4285 J
528 4230 549 4284 O
564 4234 587 4284 c¹
602 4234 635 4285 οἳ.
667 4230 701 4285 G¹
715 4234 741 4286 a*
755 4232 774 4285 b
787 4236 813 4286 οἵ
825 4234 863 4286 c¹⁰
880 4239 1038 4288 laceratores
1111 4239 1206 4289 Cirrieti
1222 4240 1304 4288 animo
1322 4243 1460 4304 reputem.

406 4315 427 4384 ⁴)
445 4316 489 4369 Ita
507 4315 540 4369 G'
554 4316 568 4369 J
575 4321 579 4349 ¹
594 4318 621 4369 a¹
634 4315 653 4369 b
666 4333 712 4383 cc,
734 4317 787 4371 nisi
809 4317 884 4386 quod
902 4318 936 4373 G¹
953 4329 998 4374 tua
1015 4333 1107 4381 teram:
1124 4318 1146 4373 i²
1164 4331 1243 4375 tecam
1262 4327 1387 4382 veritater
1408 4321 1435 4375 al
1451 4311 1564 4373 mallim

338 4418 397 4469 sup.
418 4417 461 4470 ep.
481 4406 514 4453 43
532 4419 558 4455 n.
580 4407 593 4455 1
613 4407 772 4460 inveritate.

405 4487 426 4551 ⁵)
445 4485 488 4538 lta
506 4484 539 4538 G¹
553 4485 578 4539 J¹
593 4488 619 4540 a¹
633 4487 652 4540 t
666 4503 701 4541 cc
711 4487 745 4554 i²;
764 4491 793 4541 al
804 4489 938 4557 praetulit
949 4496 1059 4545 centurie
1070 4489 1221 4544 secundum
1232 4491 1359 4561 ejusdem
1371 4489 1495 4546 iohannis
1507 4482 1564 4555 epil

338 4574 369 4622 tl
387 4587 412 4624 n.
433 4575 457 4622 ⁶2.

404 4657 426 4722 ⁶)
444 4656 487 4708 lta
504 4655 521 4707 J
526 4655 548 4709 Ο
561 4656 589 4709 i².
621 4655 655 4709 θ’
669 4660 696 4711 a*
709 4657 728 4710 b
740 4675 773 4711 ss.
792 4666 888 4713 sanctie
911 4666 970 4716 itta.
988 4692 1021 4701 -
1039 4661 1147 4716 Ibidem
1162 4661 1257 4717 verbis
1281 4668 1314 4718 de
1331 4657 1567 4732 confirmatione&

337 4756 408 4806 quae
426 4739 545 4794 Romani
562 4741 716 4810 praesules,
739 4742 857 4798 maxime
876 4745 924 4799 ubi
943 4745 976 4800 de
995 4746 1213 4802 Calchedonemi
1229 4748 1337 4817 synodo
1353 4763 1441 4804 sermo
1457 4746 1518 4809 ersi,
1533 4736 1567 4792 ⁸4
1628 4752 1632 4789 ¹

333 4822 420 4889 jiccrc
439 4824 600 4892 studebant,
620 4829 701 4880 caute
719 4827 864 4898 subjungit
880 4829 1021 4887 iohannes
1039 4845 1065 4887 et
1081 4845 1150 4887 etam
1168 4837 1313 4899 Ecclesiae,
1334 4852 1389 4906 qao
1405 4849 1473 4905 quae
1487 4829 1518 4885 ab
1530 4821 1568 4878 lli*

337 4907 448 4976 synodis
464 4908 492 4963 in
511 4910 630 4979 gratiam
649 4911 722 4967 sedis
739 4931 805 4969 suas
824 4913 939 4971 definita
957 4919 1038 4972 erant
1054 4935 1233 4990 propugnare
1250 4921 1354 4992 posset
