3412 5664
715 344 886 391 s1³1srona
913 335 940 390 1.
1399 330 1462 394 305

219 497 334 584 prinum
357 478 582 582 imperatorem
609 499 722 561 contra
747 497 846 585 ⁴iidem
875 497 1068 561 catholicam
1094 497 1217 581 facere,
1254 519 1290 561 ac
1317 520 1376 582 per
1404 499 1464 564 hoc

224 619 273 663 nou
289 620 350 664 esse
369 597 574 682 catholicum,
597 600 666 685 ipse
688 599 866 683 profitetur.
910 599 984 664 Non
1012 603 1062 664 est
1083 621 1170 684 ergo,
1202 621 1300 685 quare
1329 600 1463 667 anobis

230 699 274 766 dici
290 701 476 786 persuadeat,
507 701 590 786 quod
611 703 682 786 ipse
710 702 870 786 depromit
892 702 942 766 vel
964 702 1048 787 quod
1069 702 1138 787 ipse
1159 704 1309 766 testatur.
1339 701 1463 767 Deinde

232 802 273 867 loc
288 804 359 888 ipsu,
387 825 450 888 quo
477 824 512 867 se
540 804 604 868 vim
633 804 703 888 pati
730 804 892 889 perhibet,
922 805 1041 868 malum
1068 806 1237 888 profitetur
1266 828 1349 890 esse,
1379 806 1463 892 quod

1476 502 1511 567 (a.
1522 505 1572 554 488

1474 573 1581 633 489.)

233 904 296 990 lucit,
313 910 340 970 et
359 909 476 970 contra
492 906 589 970 fidem
612 903 805 971 catholicam
828 928 861 970 se
884 927 980 991 agere
1003 906 1217 971 demonstrat:
1241 929 1297 972 cur
1318 930 1395 993 ergo
1412 932 1464 973 me
1490 929 1497 941 ‘

234 1005 341 1073 hortatu
363 1011 397 1073 et
424 1008 510 1093 petit
535 1007 631 1091 hujus
665 1009 712 1072 rei
741 1009 929 1092 complicem
956 1031 1025 1073 esse
1053 1008 1183 1092 debere,
1219 1032 1314 1097 quam
1342 1011 1463 1076 fatetur

234 1128 281 1173 asc
295 1109 487 1194 perversam?
508 1108 543 1175 Si
565 1113 673 1174 autem
688 1111 806 1174 malam
828 1133 893 1175 non
917 1133 986 1175 esse
1010 1111 1186 1195 contendit,
1210 1115 1321 1197 restat,
1346 1117 1462 1179 utnon

230 1209 278 1291 jan
294 1233 319 1276 se
338 1213 399 1276 vim
422 1213 493 1297 pati
515 1213 556 1276 ab
579 1212 781 1297 imperatore·
794 1214 996 1298 persuadeat,
1026 1236 1123 1298 quum
1145 1217 1259 1298 sponte
1282 1236 1339 1279 sua
1361 1215 1394 1279 id
1417 1217 1463 1280 fa-

233 1311 289 1396 tiat,
309 1314 383 1399 quod
411 1315 535 1380 bonum
560 1337 628 1380 esse
658 1315 836 1380 confirmat.
882 1313 985 1390 Quum
1015 1317 1101 1380 enim
1129 1316 1249 1380 bonum
1282 1317 1362 1382 dicit
1395 1340 1464 1383 esse

230 1414 290 1496 quod
305 1416 384 1501 lacit,
408 1420 525 1502 sponte
547 1418 609 1483 hoc
630 1439 665 1482 se
686 1416 804 1502 facere,
828 1421 994 1503 tamquam
1016 1418 1099 1502 quod
1121 1421 1216 1502 putat
1238 1440 1306 1484 esse
1332 1421 1462 1503 honum,

171 1534 173 1581 ;
230 1517 280 1580 sine
295 1517 483 1584 dubitatione
504 1519 664 1606 designat.
709 1519 784 1585 Non
807 1542 884 1606 ergo
912 1520 972 1585 hoc
1001 1521 1183 1606 compulsus
1208 1522 1290 1586 facit
1312 1524 1462 1605 Aeacius,

227 1617 290 1698 quod
306 1621 416 1686 inuitus
437 1643 503 1686 non
518 1622 601 1688 lacit
613 1627 779 1708 tamquam
795 1624 925 1707 malum,
949 1624 1003 1688 sed
1020 1627 1135 1708 sponte
1149 1626 1313 1708 tamquam
1331 1625 1461 1691 bonum.

226 1714 251 1781 Sl
276 1724 342 1788 euim
368 1725 565 1809 compulsus,
594 1726 704 1811 utique
726 1726 862 1809 inuitus3
896 1726 922 1789 si
945 1727 1083 1808 invitus,
1112 1725 1223 1811 utique
1251 1727 1372 1792 malum
1399 1732 1463 1811 est3
1552 1781 1557 1789 ,

224 1838 277 1887 tou
291 1846 355 1912 erqo
375 1832 491 1911 sponte
513 1828 604 1911 facit,
627 1832 792 1913 tamquam
820 1827 881 1893 hoc
904 1828 1039 1912 bonum,
1069 1828 1124 1892 sed
1152 1832 1317 1913 tamquam
1343 1830 1464 1894 malum
1505 1829 1517 1853 ⁸

222 1919 372 1993 innume
397 1952 462 1995 non
485 1929 606 1995 invitus
628 1935 792 2017 tamquam
821 1931 957 2014 malum,
987 1931 1145 2016 sequitur,
1176 1935 1213 1995 ut
1239 1934 1356 2016 sponte
1383 1936 1464 1996 tam·

221 2040 296 2105 tuan
312 2030 435 2096 bouum.
481 2031 593 2097 Studio
616 2055 693 2118 ergo
721 2037 753 2097 et
775 2036 849 2097 voto
872 2037 905 2097 et
931 2033 1097 2098 voluntate
1126 2037 1159 2098 et
1176 2033 1299 2117 judicio
1320 2033 1462 2119 proprio,

220 2142 275 2192 ³⁰11
291 2139 425 2218 coactus3
449 2156 514 2200 non
537 2156 614 2220 ergo
636 2135 700 2199 vim
723 2136 856 2220 patitur,
880 2135 936 2200 sed
959 2140 1073 2221 sponte
1096 2135 1263 2220 delinquit.

287 2236 328 2300 32.
369 2241 433 2301 Sed
458 2243 656 2302 obstinatione
677 2250 786 2316 oestro,
822 2239 946 2323 inquis,
981 2247 1011 2302 in
1032 2245 1203 2318 periculum
1226 2261 1350 2305 cuasam
1373 2246 1465 2304 totius

218 2329 348 2404 &Certae
368 2344 531 2404 adducitis.
577 2338 611 2405 Si
642 2339 720 2404 tides
749 2341 992 2426 communioque
1024 2340 1189 2405 catholica¹
1205 2343 1398 2425 custoditur,
1429 2343 1463 2406 in

214 2435 365 2507 adetum
385 2441 502 2527 religio
522 2444 614 2506 venit
640 2443 689 2507 vel
712 2442 913 2527 periclitatur
934 2442 1073 2528 religio?
1117 2443 1161 2507 Et
1183 2445 1225 2529 si,
1255 2444 1339 2530 quod
1368 2444 1463 2527 absit,

212 2524 282 2602 fides
299 2544 532 2629 communioque
555 2544 714 2609 catholica
736 2544 884 2630 violatur,
916 2547 950 2609 in
979 2547 1155 2630 periculum
1187 2547 1301 2633 religio
1323 2570 1388 2612 uon
1412 2547 1464 2610 ud-

210 2626 320 2710 durium
338 2647 388 2711 uel
410 2646 501 2711 salva
522 2647 637 2732 religio
659 2647 733 2711 est?
770 2647 875 2733 Absit,
903 2652 939 2712 ut
961 2649 1021 2712 hoc
1044 2650 1209 2734 quisquam
1233 2650 1409 2714 catholicus
1432 2653 1464 2712 et

208 2747 382 2819 *malitae
403 2750 477 2814 fidei
499 2750 583 2814 lilius
604 2749 700 2815 dicat.

285 2850 327 2917 33.
370 2852 477 2939 Saum)
503 2859 791 2934 apostolicaesedis
813 2860 990 2933 diastolem
1013 2861 1071 2918 ista
1101 2860 1299 2919 obstinatiore
1319 2861 1462 2919 minuitis.

208 2930 244 3005 Si
265 2948 327 3018 fida
348 2955 592 3040 communioque
615 2955 772 3020 catholica
802 2959 956 3038 servatur,
985 2955 1128 3040 dignitas
1157 2956 1240 3020 sedis
1270 2957 1464 3040 apostolicae

208 3044 353 3141 minuta,
378 3058 405 3122 si
429 3057 486 3122 illa
510 3056 655 3141 violatur,
679 3057 763 3122 sedis
792 3057 988 3141 apostolicae
1016 3056 1161 3141 dignitas
1188 3057 1322 3122 manet?
1356 3058 1462 3141 Absit,

210 3148 247 3208 ¹¹¹
271 3151 319 3222 hoc
341 3158 545 3226 Christianus
575 3159 813 3243 catholicusque
842 3160 1018 3244 depromat.
1064 3157 1099 3224 Si
1131 3158 1210 3224 fides
1240 3159 1398 3225 catholica
1432 3167 1465 3225 et

212 3262 370 3327 murmurio
397 3259 547 3345 laeditur,
578 3261 759 3346 respublica
784 3262 933 3345 juvatur,
964 3265 997 3325 et
1023 3262 1049 3325 si
1075 3261 1131 3324 illa
1153 3262 1242 3326 salva
1270 3262 1328 3346 sit,
1357 3284 1464 3347 respu-

214 3343 289 3422 ΝΜ
304 3361 460 3429 laeditur?
503 3361 609 3447 Absit,
639 3367 676 3428 ut
702 3365 762 3428 hoc
785 3363 988 3429 Christianus
1010 3366 1043 3427 et
1066 3363 1241 3429 catholicus
1263 3365 1462 3449 profiteatur.

217 3444 249 3514 Sl
267 3458 329 3529 tides
348 3466 508 3532 cathohca
530 3470 563 3530 et
585 3467 766 3530 communio
788 3469 942 3549 servetur,
967 3466 1141 3550 imperator
1162 3466 1309 3544 laeditur,
1343 3471 1376 3531 et
1401 3467 1464 3532 illis

222 3552 323 3630 violatis
340 3568 515 3653 imperator
536 3590 601 3633 non
623 3568 785 3632 laeditur?
813 3569 918 3651 Absit,
942 3571 978 3630 ut
999 3567 1060 3633 hoc
1082 3567 1285 3634 Christianus
1308 3574 1341 3634 et
1357 3569 1464 3634 catho-

226 3650 289 3725 licus
306 3668 470 3755 imperator
492 3671 590 3754 dicat,
615 3670 664 3734 vel
688 3671 803 3755 aliquis
826 3670 1002 3736 catholicus
1018 3669 1221 3736 Christianus
1243 3672 1331 3736 dicat
1350 3672 1465 3737 debere

227 3754 289 3864 istri,
307 3767 356 3836 boc
377 3777 445 3838 est:
478 3773 561 3839 laedi
591 3773 686 3837 fidem
709 3777 743 3837 et
766 3774 1021 3837 communionem
1050 3773 1158 3838 deberi
1187 3774 1394 3857 catholicam,
1423 3798 1464 3839 ne

230 3874 365 3966 {nucum
385 3874 543 3957 laedatur,
567 3876 642 3960 quia
664 3875 691 3939 si
714 3880 859 3940 seruetur
880 3876 958 3940 fides
982 3874 1139 3940 catholica
1160 3881 1256 3960 atque
1272 3878 1462 3960 communio,

232 3974 365 4045 mperutor
384 3977 542 4042 laedatur.
588 3976 655 4042 Nos
684 3978 909 4062 imperatorem
932 3982 1060 4042 tantum
1091 3999 1234 4043 amamus
1243 3978 1295 4065 ⁶²),
1325 3983 1361 4044 ut
1389 3978 1462 4044 veli-

233 4074 282 4127 Μ’
298 4094 363 4143 eum·
376 4080 495 4163 facere,
527 4079 611 4164 quod
638 4101 696 4164 pro
719 4080 823 4145 salute
845 4081 945 4165 ipsius
968 4081 1026 4162 sit,
1055 4079 1139 4164 quod
1166 4102 1224 4165 pro
1252 4081 1376 4163 anima,
1406 4103 1464 4165 pro

234 4172 389 4245 audenus
408 4181 510 4267 ipsius
533 4186 593 4246 est.
638 4180 850 4248 Pontificibus
874 4180 1040 4247 catholicis
1063 4184 1189 4248 etiamsi
1211 4205 1274 4268 qua
1297 4184 1461 4267 probatur,

233 4340 496 4385 N...-

226 4466 340 4625 εἴξῃ
361 4491 439 4560 quasi
462 4489 704 4547 commentationis
725 4488 845 4562 speciem
869 4508 942 4559 esse,
967 4490 1009 4546 cui
1032 4490 1130 4548 ultima
1152 4510 1249 4548 manus
1271 4488 1393 4547 nondum
1416 4487 1462 4546 ad·

219 4642 302 4785 ὦ
312 4652 414 4717 Eadem
437 4664 617 4718 conserantur
639 4663 667 4718 in
686 4663 789 4718 Gelaaii
816 4662 939 4733 epistolis
965 4669 995 4718 10
1013 4659 1104 4731 n.'10,
1129 4664 1463 4731 ran.a,etrecu1runt

303 4779 308 4787 ·
330 4752 367 4801 ll.

213 4808 442 4973 ffl‘llpimrqur
461 4834 598 4889 senonem
617 4834 725 4888 munau
743 4833 818 4888 reru
839 4834 863 4887 11
881 4834 960 4904 epist.
983 4841 992 4887 ι
1014 4853 1039 4887 n.
1062 4841 1072 4887 ι
1094 4837 1123 4888 eu
1140 4834 1317 4888 Annaeum
1336 4833 1462 4888 cerasus

344 4934 368 4972 n.
405 4961 411 4973 .

234 4980 381 5059 ”ulons
395 5024 499 5064 sonas.
514 5024 628 5062 scurra.
647 5011 667 5061 1.
1148 5025 1152 5039 '
1218 5012 1259 5072 20
