3450 5678
188 302 252 368 810
627 317 880 369 11111111111
902 318 1016 366 aaran

82 501 106 539 a.
118 490 176 565 ⁶.¹⁷·
189 473 359 560 pulsantur
380 472 516 558 insidiis,
540 476 583 557 et,
606 473 690 538 sicut
711 472 832 537 dictum
854 475 913 555 est,
937 480 991 553 qai
1011 477 1114 538 volant
1131 480 1184 553 pie
1205 479 1305 537 vivere
1319 479 1354 538 in
1371 478 1467 538 Citri-

75 555 244 687 Quo,
264 583 488 657 persecutiones
504 583 675 657 patiuntur.
720 575 783 642 Sed
805 576 987 640 consolatur
1014 594 1086 659 spes
1114 574 1239 658 ajusto
1261 574 1466 641 retributore

76 690 175 746 Matth.
188 678 359 763 promissa:
392 686 465 758 qaia
486 684 591 743 beatas
611 690 671 759 est,
704 687 757 758 qai
781 699 841 744 non
865 681 966 755 suerit
996 681 1230 743 canonizatus
1256 684 1288 742 ia
1316 682 1464 745 Baetim.

100 763 167 825 ¹¹²⁰·
188 780 263 844 Non
284 780 438 864 dejiciant
463 780 582 844 milites
603 779 664 844 Dei
692 781 829 866 impetus
856 779 989 864 fragiles
1017 782 1051 843 et
1078 779 1199 843 caduci.
1244 778 1305 856 Qui
1334 780 1467 847 assistit

187 881 342 966 11191111,
376 904 441 947 non
470 877 648 948 delectatum
674 882 813 967 ignavis.
867 880 974 946 Facile
1003 883 1251 946 contemnuntur
1284 883 1351 947 ista
1377 904 1465 968 quae

186 987 372 1068 transeunt,
406 986 434 1049 si
455 984 512 1049 illa
533 1005 614 1070 quae
636 988 712 1049 sunt
732 1005 884 1049 mansura
907 983 1100 1068 cogitentur.
1150 984 1388 1069 Amplectenda
1412 989 1465 1051 est

187 1085 386 1172 probationis
413 1086 552 1152 occasio:
586 1087 661 1171 quia
688 1086 765 1152 licet
792 1087 859 1151 sint
884 1086 964 1150 dura
991 1107 1089 1151 onera
1116 1085 1279 1170 laborum,
1313 1088 1464 1172 praemia

187 1191 297 1253 tamm
318 1188 442 1272 majora
463 1189 629 1253 virtutum.
663 1187 932 1264 Quemadmodum
954 1210 1013 1274 par
1035 1188 1096 1253 erit
1117 1190 1381 1272 remunerationi,
1405 1191 1464 1275 qui

188 1312 222 1356 se
242 1291 399 1376 imparem
420 1294 578 1355 monstrat
601 1290 765 1355 examini?
800 1290 875 1356 Non
896 1291 994 1355 simus
1016 1311 1132 1375 segnes
1154 1291 1195 1355 ad
1211 1290 1320 1374 fortia,
1344 1292 1373 1356 si
1388 1314 1464 1376 per·

188 1393 297 1458 venire
320 1393 465 1479 cupimus
488 1393 528 1456 ad
549 1393 716 1478 promissa.
755 1391 832 1468 Quis
854 1415 950 1477 super
970 1392 1031 1458 hoc
1053 1397 1218 1477 exspectet
1232 1413 1344 1458 119911
1358 1393 1464 1459 hami·

74 1474 248 1597 Mgissgnis,
272 1517 369 1580 quum
391 1494 531 1578 quotidie
554 1494 647 1559 nobis
668 1495 798 1559 insonet
818 1495 980 1561 sententia
1002 1494 1163 1559 veritatis:
1186 1499 1288 1579 Beati,
1312 1504 1369 1576 otti
1383 1518 1461 1578 pot·

116 1584 122 1609 '
186 1605 284 1663 tiones
299 1604 464 1678 patiantur
482 1607 612 1678 propter
625 1603 798 1678 justitiam!

270 1699 301 1764 2.
339 1698 402 1764 Sed
423 1721 465 1764 ne
485 1721 547 1782 me,
570 1699 687 1764 fratres
710 1697 880 1782 carissimi,
904 1698 980 1764 licet
1002 1699 1087 1784 apud
1101 1698 1211 1764 fideles
1225 1721 1349 1786 magna
1369 1700 1458 1788 siet),

186 1801 346 1886 spirituali
367 1804 496 1866 1111111
516 1822 572 1866 111
595 1802 732 1866 credatis
754 1800 993 1866 confirmatione
1009 1800 1121 1867 solari:
1144 1801 1384 1886 aproridendis
1399 1824 1460 1888 pru

186 1905 293 1968 vestra
313 1902 521 1968 mibulatione
543 1903 707 1987 remediis,
741 1905 899 1990 quantum
924 1903 960 1967 in
986 1901 1116 1968 homine
1143 1924 1212 1968 esse
1233 1904 1358 1988 potuit,
1390 1927 1457 1971 non

186 2004 303 2090 quievi.
347 2004 433 2069 Nam
455 2027 512 2089 per
533 2004 658 2091 legatos
681 2004 721 2069 ad
737 2004 879 2070 Orientis
901 2005 1080 2090 principem
1102 2004 1279 2071 destinatos
1301 2011 1336 2072 et
1357 2006 1456 2072 Thea

186 2107 417 2173 salonicensem
439 2107 633 2192 episcopum,
656 2117 694 2171 ut
715 2105 756 2170 ab
775 2105 984 2172 infestatione
998 2111 1104 2172 vestra
1119 2110 1269 2191 cessaret,
1292 2107 1454 2194 admonui,

187 2212 220 2274 et
240 2208 422 2294 prorogatis
443 2208 585 2294 paginis,
607 2212 643 2273 ut
664 2208 851 2293 imperatori
873 2208 1117 2294 supplicaretur,
1140 2210 1278 2294 injunxi.

269 2311 301 2376 3.
338 2309 428 2376 Haec
450 2313 605 2395 quantum
627 2310 667 2375 ad
688 2311 872 2395 praesentia
894 2315 970 2376 sunt
990 2312 1132 2396 prorisa3
1154 2312 1210 2378 sed
1226 2311 1294 2396 illa,
1318 2333 1402 2398 quae
1415 2313 1455 2379 sd

186 2435 276 2498 spem
296 2413 441 2478 futuram
462 2413 638 2497 pertinent,
662 2412 741 2477 haec
764 2415 841 2477 sunt
862 2412 968 2497 potius
989 2414 1151 2480 mentibus
1166 2413 1336 2480 intruendas.
1371 2413 1453 2482 Saue

186 2515 247 2580 hoc
267 2537 320 2580 me
340 2514 446 2580 fateor
465 2515 565 2580 fuisse
586 2514 754 2598 miratum,
785 2513 868 2599 quod
890 2514 976 2579 inter
998 2515 1209 2600 allegationes
1230 2517 1453 2602 angmtiarum

186 2618 354 2703 religiosae
376 2617 566 2702 prudentiae
587 2620 712 2681 vestrae
733 2616 814 2681 haec
840 2616 946 2701 potuit
975 2638 1050 2681 cura
1078 2617 1265 2702 subrepere,
1298 2621 1338 2683 ut
1364 2640 1452 2683 ame

186 2720 245 2784 sub
268 2718 512 2784 consultationis
520 2720 546 2804 ⁴)
571 2718 675 2783 colore
696 2718 857 2804 dirigendi
875 2718 915 2782 ad
929 2718 1247 2785 Thessalonicensem
1270 2720 1452 2807 episcopum

187 2821 304 2887 solidas
326 2820 452 2885 litteras
473 2820 606 2887 licentia
626 2825 822 2906 posceretur.
866 2820 980 2907 Egone
1002 2820 1099 2906 hujus
1120 2823 1167 2887 rei
1189 2825 1304 2888 auctor
1325 2823 1451 2889 exsiste

185 2945 269 3008 rem,
293 2945 389 3009 quam
412 2923 438 2987 si
460 2923 562 2988 inscio
584 2945 635 2988 me
658 2943 883 3008 cognoscerem
897 2923 1019 2988 factam
1035 2945 1114 3007 esse,
1139 2924 1329 3011 culparem?
1360 2925 1452 2991 Absit

185 3027 248 3091 ista
270 3024 480 3112 perversitas!
517 3025 636 3090 Audite
659 3024 868 3110 apostolicam
890 3046 1009 3109 vocem,
1034 3025 1088 3089 sed
1103 3047 1260 3111 personae
1275 3048 1367 3093 meae
1382 3049 1451 3093 oon·

34 3128 351 3210 Gal2,ts.venienter
373 3127 561 3211 aptandam:
584 3131 622 3192 Si
640 3148 719 3208 qaae
740 3131 893 3208 destrttai,
923 3132 1000 3193 itaec
1027 3134 1133 3194 iterum
1154 3135 1336 3209 reaedifico,
1362 3151 1449 3210 prae

185 3237 387 3296 oariwtorem
410 3250 457 3294 mc
474 3236 632 3296 constituo.
670 3227 789 3311 Nolite,
813 3229 955 3313 obsecro,
979 3230 1019 3294 ad
1036 3229 1157 3295 evitata
1177 3230 1232 3295 1111
1253 3231 1360 3298 redire
1382 3253 1452 3298 eou-

184 3333 286 3417 tagia,
309 3352 369 3396 nec
391 3330 486 3414 pedes
508 3331 593 3414 luta,
616 3351 678 3415 quo
700 3330 909 3415 tenebantur,
939 3331 1065 3396 1111111
1086 3331 1257 3417 patiamini
1279 3334 1366 3400 male
1387 3357 1452 3400 111-

35 3448 238 3515 honestans
259 3433 417 3519 immergi.
462 3432 564 3498 Sinite
591 3433 762 3498 obliterata
790 3455 858 3498 esse
879 3436 1054 3500 transacta.
1092 3439 1187 3500 Nemo
1200 3444 1320 3504 mittens
1333 3460 1452 3504 11111111

184 3556 270 3602 seam
293 3543 324 3599 in
346 3548 485 3600 aratrum
507 3548 536 3599 et
559 3541 730 3615 adspiciens
750 3549 832 3601 retro
854 3546 943 3617 aptas
964 3547 1008 3601 est
1022 3557 1116 3616 roano
1131 3541 1197 3602 liei.
1231 3537 1454 3625 Impediuntur

185 3661 205 3702 a
226 3659 376 3722 processu
397 3637 553 3722 propositi
574 3637 716 3721 itineriS,
745 3639 799 3722 qui
826 3637 952 3702 reflexis
974 3637 1074 3702 oculis
1101 3638 1281 3725 respiciunt
1301 3643 1385 3728 quod
1408 3664 1454 3708 re·

184 3740 345 3825 linquunt.
387 3738 462 3805 Non
485 3742 596 3803 amant
609 3739 807 3826 Ecclesiaei)
830 3740 961 3805 strictae
981 3739 1170 3825 disciplinae
1192 3764 1258 3827 eos,
1282 3744 1318 3810 11
1341 3746 1455 3831 quibus

184 3844 331 3907 remanet
350 3840 505 3906 memoria
526 3840 592 3905 ulla
611 3841 776 3926 perfidiae:
799 3844 885 3906 totos
901 3842 942 3905 ab
957 3842 1138 3908 errantibus
1153 3849 1282 3929 oportet
1295 3846 1454 3931 abscindi,

184 3945 259 4030 quia
281 3945 316 4007 in
342 3946 469 4008 tantum
502 3942 707 4007 detestabiles
741 3943 965 4008 existimantur
991 3944 1031 4008 ad
1059 3948 1169 4030 spreta
1197 3947 1387 4035 redeuntes,
1420 3952 1455 4015 ut

187 4068 292 4076 .---

252 4115 273 4182 ’)
291 4114 335 4167 lta
353 4112 397 4167 G¹.
432 4112 482 4167 Ed.
500 4118 565 4175 sint,
587 4117 732 4181 spiritualia
750 4123 844 4168 motura
861 4126 961 4169 vertrae
983 4117 1106 4169 extitere
1123 4121 1239 4171 credatis
1256 4124 1456 4186 eamr-slede

183 4205 290 4258 solatio.-
306 4204 471 4266 prooidendit
489 4204 561 4253 enim.

250 4282 325 4353 ⁴)G1
338 4284 357 4338 b
370 4300 405 4339 oc
426 4289 621 4343 comotottoaitr
642 4283 691 4337 sed
711 4283 861 4352 legendum
883 4299 944 4339 esse
965 4291 1169 4353 sonantioris,
1192 4286 1284 4357 liquet
1304 4304 1341 4345 ex
1363 4288 1455 4345 verbis

184 4369 348 4425 Hormisdae
366 4370 400 4424 de
417 4368 544 4424 Johanne
563 4385 596 4423 ae
613 4368 719 4438 synodo
741 4368 800 4437 ejus
818 4367 944 4438 apiatas
961 4367 1001 4425 sic
1022 4368 1175 4437 loqueatis:
1199 4380 1363 4431 1111111191
1378 4382 1454 4430 eti-

184 4475 237 4518 aot,
256 4467 338 4510 atrurn
356 4461 474 4509 timemus
491 4460 528 4508 eis
545 4460 670 4508 licentiam
687 4459 835 4509 relationem
852 4460 888 4509 ad
904 4460 1061 4524 deripaotuar
1077 4462 1224 4525 episcopan
1241 4464 1378 4515 aarum
1393 4479 1451 4515 m·

183 4547 338 4597 matinen
349 4544 504 4595 destinandi.
533 4538 570 4593 Et
587 4554 652 4594 vero
664 4539 718 4594 hoo
728 4540 860 4595 mendum
873 4538 1036 4608 antiquariis
1048 4539 1129 4594 valde
1143 4542 1187 4595 est
1198 4541 1352 4610 familiare,
1369 4561 1451 4613 quum

184 4625 269 4681 etiam
286 4624 364 4691 alins,
381 4624 491 4694 quoties
509 4630 701 4679 concitatioris
717 4625 883 4681 vocabulum
896 4623 1029 4680 orationis
1042 4623 1184 4681 evidentia
1198 4627 1336 4697 postolat.
1352 4630 1450 4683 oveto

184 4710 261 4766 ribus
279 4709 357 4765 libris
374 4710 495 4779 aliquem
513 4707 558 4763 vix
576 4708 698 4778 reperire
714 4710 764 4778 sit,
785 4709 815 4764 in
833 4727 887 4778 quo
905 4716 1085 4766 consolationis
1102 4725 1157 4766 vox
1174 4727 1231 4767 111
1251 4711 1313 4783 mm
1330 4712 1391 4771 tosa
1406 4728 1449 4768 es·

183 4793 320 4851 hibeatur.

252 4882 273 4946 ³)
292 4880 335 4934 Ita
352 4878 396 4935 Gt
431 4880 483 4936 Ed.
501 4885 689 4936 ecclesiasticae
706 4885 856 4950 disciplinae
930 4886 1050 4937 messoria
1066 4886 1111 4936 ttto
1182 4890 1208 4937 in
1226 4888 1332 4939 tradito.
