3412 5664
313 291 376 354 872
751 302 779 350 s.
796 299 1001 350 nonmsoan
1024 298 1138 348 runnu

207 488 231 526 a.
242 477 300 524 ors.
314 458 507 544 apostolicae
530 457 680 521 revocati.
715 454 793 519 Post
814 454 932 519 multas
955 454 1148 519 afflictiones
1170 458 1204 519 et
1225 475 1309 539 pene
1323 455 1358 519 in
1371 458 1430 520 tres
1448 479 1538 525 nenses

315 586 334 625 a
349 561 495 644 partibus
503 560 528 644 3)
551 561 714 642 protracta
736 556 929 639 certamina,
952 557 1116 641 piissimus
1130 557 1308 642 imperator
1323 579 1380 621 sua
1393 561 1539 628 auctoritate

315 662 450 727 Paulum
472 661 601 725 nomine
629 660 851 743 presbyterum
880 659 917 723 de
947 659 1081 723 eeclesia
1104 658 1455 743 Constantinopolitana
1470 663 1540 748 elegit

317 766 500 848 episcopum
522 761 590 825 fieri
613 762 647 824 in
664 761 1023 843 eeclesiaAntioehena,
1048 761 1157 826 dicens
1180 761 1267 825 inter
1291 759 1355 824 alia
1377 765 1406 825 et
1419 761 1469 827 hoc
1478 767 1541 829 testi·

316 865 459 930 monium
481 864 520 927 de
543 864 627 947 ipso,
652 863 727 946 quia
748 864 869 927 duobus
893 862 987 927 annis
1008 863 1043 926 in
1060 863 1236 926 Antiochia
1251 864 1376 947 positus
1389 884 1447 927 non
1459 865 1541 929 nredio

318 970 414 1033 criter
436 965 607 1030 resistebat
630 963 745 1029 Severo
768 964 943 1047 haeretic03
976 965 1094 1028 similia
1118 966 1150 1027 et
1172 986 1283 1028 ornnes
1307 964 1447 1030 catholici
1465 989 1543 1031 coum

317 1070 451 1134 nabant.
497 1067 614 1132 Omnia
636 1070 745 1130 tamen
767 1067 830 1130 ista
858 1066 895 1129 de
923 1088 1059 1149 persona
1080 1066 1237 1151 praedicti
1266 1066 1436 1151 imperator
1454 1090 1478 1132 se
1494 1091 1544 1152 pro

319 1171 406 1235 misit
428 1169 468 1234 ad
491 1172 630 1232 vestram
653 1168 884 1232 beatitudinem
906 1168 1092 1233 relaturum.

403 1273 434 1336 3.
472 1270 596 1335 Harum
617 1273 727 1333 tamen
749 1269 994 1333 tribulationum
1015 1270 1194 1353 provisores
1217 1274 1251 1335 et
1273 1271 1351 1336 socii
1373 1275 1405 1336 et
1417 1273 1546 1353 unitatis‘l

320 1373 526 1439 eeclesiarum
553 1372 784 1455 impedimenta
811 1371 960 1435 monachi
990 1371 1028 1435 de
1051 1371 1183 1455 Scythia
1210 1372 1360 1457 fuerunt,
1392 1375 1443 1458 qui
1466 1380 1548 1459 postea

319 1477 373 1540 liic
396 1475 596 1557 defecernnt3
630 1473 788 1558 assignati
816 1473 857 1536 ab
879 1474 1025 1537 omnibus
1053 1473 1136 1537 nihil
1163 1475 1336 1558 pacificum
1359 1477 1498 1562 cogitare,
1522 1476 1549 1539 ud

321 1577 553 1642 beatitudinem
575 1579 714 1639 vestram
738 1579 962 1657 cucurrerunt,
990 1579 1155 1658 sperantes
1178 1577 1351 1661 subrepere
1373 1582 1404 1642 et
1424 1600 1474 1663 per
1489 1578 1550 1641 litte·

321 1702 373 1744 ras
396 1681 520 1743 vestrae
543 1678 626 1741 sedis
649 1699 722 1740 snas
744 1677 941 1741 intentiones
965 1677 1163 1742 confirmare.
1202 1678 1262 1743 lsti
1285 1679 1324 1744 de
1347 1701 1403 1744 sua
1423 1680 1552 1764 provincia

322 1781 488 1866 episcopos
510 1783 673 1861 accusant,
699 1779 785 1842 inter
807 1800 885 1863 quos
908 1782 957 1842 est
978 1778 1137 1843 Paternus
1160 1780 1351 1846 Tomitanae
1374 1781 1499 1847 civitatis
1515 1802 1553 1843 an·

322 1884 423 1948 tistes
467 1882 644 1946 Petitiones
671 1880 872 1962 obtulerunt,
908 1884 940 1944 et
963 1882 1065 1945 coacti
1092 1882 1211 1965 piisimi
1238 1883 1396 1967 principis
1417 1887 1448 1947 et
1465 1881 1554 1947 donini

322 1985 481 2050 Vitaliani
502 1984 651 2068 magistri
673 1983 811 2047 militurn
829 1982 984 2065 jussione,
1008 1982 1193 2067 frequenter
1208 1984 1249 2048 ad
1264 1985 1458 2049 audientiam
1471 2005 1554 2049 causa

325 2086 545 2167 convenimus,
577 2107 642 2149 nou
664 2085 755 2169 quasi
777 2084 920 2148 volentes
942 2105 1000 2147 nos
1023 2085 1057 2147 in
1079 2085 1130 2149 his
1153 2085 1295 2170 negotiis
1317 2108 1479 2170 occupare:
1503 2085 1557 2170 quia

324 2188 416 2252 nobis
438 2191 514 2251 sunt
537 2190 612 2251 ante
634 2187 741 2252 oculos
762 2185 971 2250 beatitudinis
993 2190 1118 2250 vestrae
1146 2191 1338 2271 praecepta,
1368 2188 1474 2271 quibus
1492 2208 1557 2271 prae

326 2289 465 2373 cepistis,
490 2293 525 2353 ut
548 2311 661 2353 causae
683 2291 810 2352 tantum
827 2289 877 2352 cui
892 2310 1081 2352 veneramus
1101 2289 1232 2370 intenti,
1256 2289 1355 2353 nullis
1370 2289 1439 2353 aliis
1452 2288 1558 2374 negotiis

325 2393 545 2473 rniseerenrur3
574 2392 627 2453 sed
651 2393 816 2475 sperantes
839 2411 931 2474 posse
959 2390 1155 2454 intentiones
1178 2413 1289 2454 eorum
1310 2391 1434 2474 pacari,
1461 2389 1496 2454 ad
1515 2388 1559 2453 hoc

326 2492 557 2557 descendimus.
602 2492 645 2555 Et
667 2493 742 2577 quia
763 2492 856 2555 nobis
878 2492 933 2555 diu
955 2477 1177 2556 laborantibus
1206 2494 1239 2556 et
1266 2491 1332 2576 illis
1354 2492 1471 2557 nullam
1488 2490 1560 2555 susci·

326 2594 487 2679 pientibus
509 2597 683 2676 rationem,
712 2593 794 2657 nihil
816 2594 1004 2676 proficiebat
1024 2594 1093 2680 in⁵)
1116 2615 1178 2677 quo
1200 2593 1428 2677 tendebamus,
1456 2594 1561 2658 elenen·

326 2697 469 2760 tissimus
502 2696 676 2779 imperator
709 2695 743 2758 in
772 2698 931 2759 conventu
959 2695 1103 2779 publico,
1137 2695 1192 2759 ubi
1222 2699 1254 2760 et
1287 2717 1348 2760 nos
1381 2694 1560 2767 interfuimus,

328 2799 502 2862 Paternum
530 2796 728 2880 praedictum
757 2797 940 2881 episcopum
976 2800 1008 2861 et
1035 2797 1243 2881 magnifieum
1272 2798 1376 2862 virum
1399 2796 1562 2861 Vitalianum

327 2900 486 2985 reduxirss)
510 2899 550 2962 ad
571 2899 727 2982 gratiam:
750 2902 951 2963 accusatores
966 2921 1090 2984 quoque
1106 2899 1174 2983 ejus
1196 2921 1254 2963 suo
1270 2899 1434 2984 praecepit
1446 2897 1562 2981 episopo

328 3001 517 3086 supplicare.
563 3000 713 3064 hlonachi
737 3023 930 3085 veroquam
953 3001 1099 3064 similiter
1121 3001 1161 3064 ad
1185 3001 1389 3065 concordiam
1410 3019 1563 3085 quaereren-

328 3108 397 3184 tur,
421 3104 500 3188 fuga
521 3102 603 3186 lapsi
626 3101 808 3167 maluerunt
824 3103 862 3167 de
878 3103 1008 3167 civitate
1026 3103 1203 3185 discedere,
1227 3125 1324 3188 quum
1340 3103 1380 3167 ad
1396 3100 1562 3167 concordiam

328 3226 504 3289 pervenire.

397 3497 416 3561 3)
436 3495 480 3547 Ita
491 3493 536 3559 (21,
554 3493 596 3547 ed.
617 3497 732 3561 patricae
748 3505 878 3561 protacta.
907 3494 984 3549 Haec
1001 3495 1123 3564 partium
1141 3494 1234 3550 studia
1250 3496 1340 3565 legati
1354 3497 1414 3566 jsm
1425 3496 1466 3551 die
1476 3492 1562 3548 aua-

328 3579 361 3632 tii
379 3577 458 3648 epist.
477 3584 509 3632 64
528 3578 762 3648 significaverantr
781 3586 909 3647 pecaniam.
930 3579 1021 3648 ajunt,
1039 3586 1107 3633 inter
1124 3587 1226 3635 diverso
1244 3593 1304 3635 uota
1319 3588 1466 3650 populum
1481 3584 1507 3632 dr
1519 3596 1561 3645 per·

328 3685 407 3718 ,conoe
430 3669 551 3717 electione
574 3684 623 3717 non
650 3667 790 3717 coarctat.
837 3664 868 3716 In
894 3664 947 3717 hac
970 3664 1130 3734 eligentium
1153 3664 1296 3720 discordia
1317 3682 1401 3736 saepe
1421 3660 1561 3735 imperatoris

330 3747 481 3802 auctoritas
498 3746 655 3802 intercessit
673 3747 755 3816 (conf.
772 3748 835 3802 Eus.
855 3749 913 3802 vita
931 3747 1023 3802 Const.
1042 3750 1095 3815 III,
1114 3756 1159 3815 (51,
1177 3749 1255 3806 Socr.
1275 3750 1341 3815 VII,
1360 3756 1412 3817 40).
1447 3751 1500 3819 lpse
1513 3746 1561 3800 llor-

330 3832 420 3886 misda
442 3832 523 3901 epist.
545 3838 592 3885 105
614 3850 640 3885 n.
661 3839 672 3884 1
697 3831 738 3901 pii
759 3832 892 3902 principis
912 3850 945 3887 ea
961 3833 990 3886 in
1009 3851 1039 3888 re
1060 3835 1232 3903 potestatem
1255 3835 1444 3895 commendat.
1464 3830 1561 3902 quuniu

329 3918 473 3987 procinctu
491 3934 550 3971 esse
569 3934 598 3970 se
615 3918 749 3984 testatur,
768 3922 800 3971 ut
817 3917 980 3988 imperatori
998 3919 1114 3977 scribat,
1139 3935 1194 3986 quo
1212 3919 1380 3973 llioscorum
1399 3921 1560 3973 Alexandrina

330 4010 475 4071 episcopum
492 4006 582 4055 debeat
595 4007 725 4060 acclinare.
755 4000 929 4071 Quamquam
949 4004 1024 4069 quod
1042 4002 1146 4057 ibidem
1158 4002 1262 4057 dieitur
1274 4004 1350 4058 idem
1362 4005 1500 4075 imperator
1509 3999 1560 4053 nisa

331 4105 404 4152 osse,
423 4088 453 4139 ut
471 4104 535 4140 mor
554 4086 657 4140 dictrrm
675 4086 838 4141 Dioscorum
855 4088 1045 4142 Antiochense
1063 4090 1251 4157 praeponeret
1269 4088 1413 4153 ecclesiae,
1428 4087 1514 4141 inditio
1526 4090 1560 4135 ab

331 4191 393 4226 curn
412 4171 441 4224 in
458 4171 510 4225 hoc
528 4173 588 4226 toto
607 4171 720 4240 negotio
739 4188 793 4225 non
811 4172 1008 4242 praecipientis
1026 4172 1075 4226 sed
1093 4172 1235 4226 suadentis
1254 4191 1336 4227 usum
1354 4190 1411 4228 esse
1422 4168 1553 4227 austeritate

331 4257 432 4312 Paulus
444 4272 509 4310 vero
523 4255 665 4310 ordinatus
683 4259 726 4310 est
743 4256 771 4309 in
788 4257 879 4309 locum
893 4256 1000 4323 Severi,
1019 4275 1102 4326 quem
1121 4275 1206 4325 quum
1223 4256 1379 4328 imperator
1396 4258 1431 4311 ob
1442 4252 1557 4311 meatim

330 4341 403 4395 illius
420 4340 643 4411 praedicationes
662 4341 858 4410 comprehendi
873 4341 1015 4410 jussisset,
1032 4342 1068 4395 ab
1087 4358 1160 4395 anno
1179 4342 1318 4412 superiori
1336 4360 1428 4397 mense
1439 4332 1557 4410 sacnti

333 4444 365 4480 ex
383 4426 557 4480 antiochena
575 4426 640 4480 sede
658 4427 762 4494 fugisse
780 4427 915 4495 Euagrius
933 4427 979 4493 IV,
997 4433 1014 4480 4,
1030 4426 1126 4480 tradit.

399 4515 422 4578 ⁴)
440 4512 483 4565 lta
501 4511 549 4576 G¹3
568 4510 610 4564 cd.
631 4517 722 4563 cenitari
791 4518 964 4580 impedimento
1038 4517 1176 4567 intentione
1195 4532 1282 4566 eorum
1298 4519 1399 4581 pacari.

401 4602 422 4659 τὶ)
440 4596 507 4649 bec
525 4602 551 4649 r'a
569 4615 598 4649 eo
617 4616 665 4664 quo
683 4599 835 4649 terrebamur.

400 4680 515 4749 ⁶)11.e.
534 4683 630 4734 mutuo
653 4679 853 4746 reconciliauit,
876 4698 961 4747 quum
984 4681 1148 4748 magistrum
1170 4681 1291 4735 militum
1313 4682 1390 4753 prins
1410 4674 1515 4735 monachi
1530 4671 1554 4724 ⁸¹³

334 4766 463 4835 episcopo
481 4765 692 4819 abulienassent.
730 4766 783 4818 lste
802 4766 938 4820 Paternus
957 4765 1085 4820 relationi
1103 4766 1230 4835 synodali
1248 4766 1282 4822 de
1295 4766 1462 4822 ordinatione
1471 4756 1554 4831 triph·

333 4850 371 4902 nii
390 4849 462 4905 inira
480 4849 558 4919 epist.
580 4856 626 4905 131
645 4848 835 4904 subscribitur.
