3450 5678
587 334 594 339 ’
690 366 891 415 reaumaus
915 367 964 413 111.
1398 352 1460 417 541

155 518 321 585 Christo
342 539 472 583 manere
493 522 698 604 perpetuam:
721 520 857 584 dolenda
878 520 985 603 potius
1007 541 1116 583 eorum
1138 519 1271 604 grandis
1295 522 1343 582 est
1364 519 1461 583 caeci·

159 625 251 704 tas,
285 643 349 707 qua
376 643 442 685 non
469 621 590 703 vident,
619 645 685 686 non
713 622 792 686 duos
821 620 964 686 Christos
994 644 1051 707 per
1078 621 1158 686 haec
1185 643 1278 705 posse
1305 621 1459 703 depromi,

164 745 225 788 ex
251 724 369 809 quibus
391 724 519 807 integer
541 723 687 788 Christus
714 724 840 789 exsistit
867 727 900 788 et
925 724 994 787 sine
1017 746 1151 808 quarum
1173 744 1362 807 unaquaque
1389 723 1461 786 sub-

176 827 314 890 stantia
335 827 463 911 integer
484 847 551 890 non
573 826 675 909 possit
696 826 832 909 ostendi,
860 827 915 890 sed
942 826 1003 909 ipsi
1024 826 1131 910 potius
1154 847 1188 890 se
1210 847 1276 889 non
1298 825 1460 909 integrum

177 926 355 993 Christum
377 927 571 991 confitentur
593 927 767 1011 adstruere,
796 950 894 1011 quum
923 928 958 991 in
981 927 1090 991 eodem
1113 930 1314 991 sacramento
1342 926 1461 1010 aliquid

185 1029 225 1094 dc
248 1031 301 1113 iis,
325 1029 439 1114 quibus
462 1029 589 1113 integer
611 1033 748 1113 oonstat,
779 1033 936 1094 conantur
964 1028 1160 1093 abstrahere.
1206 1028 1319 1111 ltaque
1349 1028 1459 1113 nos27)

186 1132 295 1217 magis
318 1154 417 1195 unum
439 1131 585 1214 dicimus,
608 1132 661 1215 qui
684 1132 848 1216 integrum
869 1131 1066 1216 profitemur,
1090 1135 1123 1195 et
1144 1130 1189 1194 illi
1214 1133 1339 1214 partem
1360 1151 1460 1193 remo·

190 1234 293 1298 vendo
316 1233 356 1297 de
377 1233 427 1316 iis,
452 1256 489 1298 ex
513 1233 627 1317 quibus
648 1234 776 1319 integer
799 1237 832 1298 et
853 1256 936 1298 unus
959 1234 1095 1313 exsistit,
1121 1233 1168 1297 ita
1195 1255 1296 1296 unum
1317 1253 1383 1295 non
1405 1231 1460 1294 ha·

190 1334 279 1417 bent,
304 1335 387 1399 sicut
408 1356 469 1399 nec
490 1335 671 1420 integrum,
708 1339 740 1400 et
767 1336 850 1400 sicut
878 1335 1040 1420 integrum
1065 1357 1130 1399 non
1160 1335 1296 1417 habent,
1327 1335 1373 1398 ita
1400 1356 1460 1398 nec

189 1458 310 1501 verum.
356 1437 556 1521 Quapropter
577 1459 674 1521 quum
696 1438 790 1502 nobis
812 1438 971 1521 objiciunt
994 1437 1222 1520 ὃυόφυσιν,
1253 1437 1322 1501 sine
1344 1436 1459 1520 quibus

190 1537 320 1625 integer
341 1560 423 1603 unus
446 1542 478 1602 et
511 1560 604 1602 verus
628 1538 775 1604 Christus
797 1541 929 1604 omnino
951 1562 1017 1603 non
1038 1543 1182 1621 constat,
1213 1539 1361 1622 aperiant
1388 1559 1459 1602 oeu-

188 1639 236 1703 los
259 1641 310 1704 sui
334 1640 436 1705 cordis
464 1644 497 1704 et
523 1640 670 1723 videant,
701 1641 784 1727 quod
807 1642 885 1725 ipsis
916 1642 1024 1726 potius
1050 1640 1240 1725 poro'pmnr
1262 1641 1379 1704 rectius
1402 1640 1459 1703 im·

187 1745 331 1826 putetur,
360 1764 535 1827 perquam
557 1727 622 1807 non
651 1744 779 1828 integer
801 1742 958 1826 Christus,
993 1763 1069 1827 ergo
1097 1763 1158 1807 nec
1179 1764 1262 1806 unus
1284 1763 1345 1807 nec
1366 1763 1460 1806 verus

189 1844 274 1928 apud
298 1865 352 1908 eos
374 1865 442 1908 esse
464 1844 624 1909 doceatur.

278 1947 326 2010 13.
371 1945 612 2031 Numquidnam
640 1969 737 2032 quum
764 1947 859 2012 homo
888 1971 927 2012 ex
955 1948 1063 2012 anima
1092 1949 1217 2011 constet
1250 1950 1282 2010 et
1315 1968 1456 2030 corpore,

187 2067 324 2131 quorum
346 2047 424 2111 duas
446 2053 578 2113 naturas
601 2071 670 2114 esse
692 2071 757 2114 non
781 2050 912 2114 dubium
934 2054 993 2133 est,
1017 2071 1082 2113 non
1102 2048 1296 2113 adunatione
1318 2048 1458 2112 naturali

187 2170 256 2212 una
276 2170 413 2233 persona
436 2154 468 2214 et
489 2173 571 2215 unus
594 2154 644 2216 est
657 2151 776 2216 homo?
799 2153 947 2236 Amplius
963 2153 1113 2217 dicimus:
1137 2155 1223 2216 certe
1238 2154 1271 2215 et
1286 2159 1458 2216 interiorem

187 2255 338 2315 bominem
367 2255 400 2316 et
426 2261 607 2317 exteriorem
628 2255 806 2337 scripturae
829 2255 957 2320 divinae
985 2278 1079 2340 saepe
1107 2257 1245 2319 testatur
1273 2254 1456 2336 auctoritas,

188 2355 225 2416 et
244 2355 353 2417 tamen
376 2376 441 2419 non
463 2354 534 2419 ideo
556 2356 617 2418 duo
639 2355 785 2419 homines
812 2357 848 2420 in
875 2378 949 2440 uno,
979 2357 1034 2420 sed
1062 2380 1126 2420 una
1156 2378 1293 2440 persona
1323 2362 1355 2418 et
1377 2376 1458 2418 unus

188 2457 240 2518 est
261 2454 365 2519 homo.
389 2454 482 2520 Unde
505 2464 632 2523 interior
661 2461 693 2521 et
714 2466 851 2522 exterior
878 2459 918 2522 ad
940 2459 1191 2542 significantiam
1214 2458 1331 2522 dicitur
1359 2456 1458 2540 quali-

187 2559 303 2640 tatum,
334 2579 400 2621 non
428 2559 468 2622 ad
496 2559 690 2623 evidentiam
719 2560 920 2644 personalem
948 2561 1090 2624 duorum.
1136 2560 1264 2635 Quanto
1291 2558 1396 2643 magis
1424 2559 1458 2621 in

187 2657 246 2721 illa
278 2659 433 2723 ineffabili
462 2661 655 2726 adunatione
694 2662 882 2727 indivisibili
915 2684 1140 2747 nunquamque
1173 2660 1340 2741 solvenda,
1376 2661 1460 2723 sicut

187 2760 277 2825 salva
299 2763 495 2846 proprietate
517 2765 682 2849 utriusque
708 2767 853 2848 naturae,
885 2787 923 2829 ex
950 2766 1064 2849 quibus
1087 2763 1147 2827 hoc
1174 2762 1361 2846 mysterium
1385 2783 1457 2824 eon-

187 2867 275 2927 stare
296 2886 362 2928 non
384 2864 515 2930 dubium
538 2869 597 2947 est,
621 2869 655 2930 ct
677 2867 746 2930 aine
768 2868 883 2950 quibus
899 2870 1045 2930 constare
1062 2888 1128 2930 non
1143 2887 1235 2948 posse
1250 2864 1457 2927 manifestum

187 2968 253 3047 est,
286 2966 371 3030 sicut
403 2990 467 3031 una
494 2968 667 3052 eademque
696 2991 833 3053 persona
863 2972 911 3031 est
933 2967 1063 3033 Domini
1090 2967 1193 3031 nostri
1224 2964 1301 3030 Jesu
1325 2965 1455 3045 Christi,

186 3067 234 3131 sie
255 3068 394 3153 integer,
417 3071 463 3133 sic
490 3093 583 3153 unus,
612 3072 658 3136 sic
685 3094 778 3135 verns
802 3070 947 3135 Christus
975 3073 1033 3133 est.
1078 3069 1122 3133 Et
1149 3069 1253 3162 magis
1281 3089 1363 3131 uuus
1391 3088 1455 3129 non

185 3173 246 3253 est,
270 3170 298 3234 si
321 3171 448 3255 integer
469 3194 534 3235 non
558 3176 616 3255 est,
641 3174 715 3257 quia
737 3172 865 3236 sublata
888 3175 979 3256 parte
1002 3194 1038 3234 ex
1057 3171 1108 3254 iis,
1132 3171 1246 3255 quibus
1262 3171 1388 3253 integer
1404 3168 1456 3230 ad-

184 3272 351 3356 probatur,
376 3273 523 3337 dimidius
546 3274 706 3338 videbitur
728 3296 796 3337 esse
818 3297 885 3339 non
907 3275 1042 3358 integer.
1070 3272 1115 3336 Et
1137 3274 1183 3336 sic
1204 3295 1287 3337 unus
1309 3293 1374 3335 non
1398 3273 1456 3351 est,

184 3375 269 3438 sicut
290 3375 419 3460 integer
440 3397 506 3439 non
530 3379 593 3459 est3
622 3380 654 3439 et
682 3375 765 3439 sicut
787 3376 915 3460 int-eger
937 3398 1002 3439 non
1025 3379 1083 3457 est,
1114 3375 1160 3439 sic
1189 3397 1280 3439 verus
1303 3396 1369 3438 non
1392 3376 1456 3456 est,

184 3477 213 3540 si
236 3499 329 3542 verus
352 3481 498 3560 nonest,
522 3478 622 3542 falsus
645 3478 728 3561 apud
752 3500 804 3542 eos
828 3478 973 3543 Christus
997 3500 1064 3541 esse
1088 3477 1300 3541 convincitur.

274 3580 323 3643 14.
353 3579 444 3654 Quod
466 3581 652 3664 mysterium
675 3604 693 3643 a
716 3581 830 3644 beatae
854 3580 1071 3662 conceptionis
1095 3581 1223 3643 exordio
1245 3580 1291 3642 sic
1314 3579 1456 3662 coepisse

184 3704 277 3745 sacra
299 3681 467 3767 Scriptura
494 3685 632 3746 testatur
659 3682 808 3746 dicendo:
847 3687 1006 3762 Sapientia
1035 3689 1208 3759 aedificavit
1239 3687 1296 3745 sibi
1322 3687 1453 3761 domum,
1466 3707 1607 3773 Proser,

184 3783 382 3867 septiformis
404 3782 542 3868 Spiritus
565 3784 726 3847 soliditate
748 3786 932 3867 subnixam,
963 3806 1043 3868 quae
1066 3785 1200 3848 incarna
1201 3783 1298 3847 tionis
1322 3782 1453 3867 Christi,

184 3908 243 3970 per
263 3908 361 3970 quam
383 3889 534 3963 efficimur
557 3893 677 3951 divinoe
699 3899 851 3951 consortes
869 3899 1010 3964 naturae,
1036 3887 1149 3951 minist
1135 3889 1236 3950 traret
1258 3884 1453 3950 alimoniam
1469 3878 1567 3997 ’31Ρ333
1616 3959 1625 3975 ⁸

185 3987 279 4052 (erte
302 3991 516 4070 sacramenta
540 4010 621 4071 (puae
643 3989 808 4071 sumimus,
838 3989 978 4072 corporis
1008 3994 1040 4051 ct
1072 3989 1239 4072 sauguinis
1263 3987 1382 4052 Christi
1412 3952 1504 4050 ‹li-¹'

184 4090 262 4153 vina
282 4112 335 4154 res
356 4093 416 4174 est,
446 4093 578 4174 propter
603 4091 686 4175 quod
714 4095 747 4153 et
773 4112 830 4172 per
853 4090 962 4153 eadem
986 4096 1107 4154 divinoe
1127 4093 1282 4166 efficimur
1304 4103 1456 4155 consortes

183 4205 333 4265 naturoe;
358 4195 517 4257 ettamen
541 4215 697 4256 essenon
725 4193 843 4256 desinit
870 4193 1051 4256 substantia
1078 4191 1128 4254 vel
1156 4195 1273 4255 natura
1302 4193 1395 4275 panis
1424 4194 1456 4253 et
1485 4242 1489 4253 .

184 4294 263 4359 vini.
309 4294 353 4358 Et
377 4301 462 4359 certe
484 4296 591 4379 imago
614 4298 646 4358 et
668 4294 843 4358 similitudo
867 4295 1006 4376 corporis
1034 4297 1066 4357 et
1088 4294 1256 4377 sanguinis
1279 4293 1397 4357 Christi
1421 4291 1453 4354 iu
1495 4293 1528 4368 s

182 4395 311 4460 actione
334 4397 558 4481 mysteriorum
582 4396 793 4460 celebrantur.
840 4395 924 4459 Satis
948 4417 1024 4479 ergo
1046 4395 1139 4459 nobis
1163 4395 1327 4459 evidenter
1349 4398 1453 4456 osten-

181 4498 270 4563 ditur
293 4498 353 4562 lroe
376 4499 504 4563 nobis
495 4522 529 4562 rn
557 4499 626 4582 ipso
650 4499 776 4563 thristo
801 4498 936 4560 Domino
965 4497 1183 4580 sentiendum,
1213 4495 1332 4581 quod
1323 4493 1453 4574 majus

180 4600 326 4685 imagine
349 4602 545 4683 profitemur,
570 4601 1018 4665 celebramustesumimus:
1048 4603 1084 4663 nt
1109 4599 1247 4664 sicutm
1271 4598 1364 4676 bauo,
1395 4594 1452 4657 sci-

250 4927 284 4993 n)
303 4920 379 4978 Editi
398 4946 447 4979 non
465 4930 555 4994 megia,
575 4942 692 4992 moxque
711 4931 809 4978 onenino
829 4946 878 4980 raon
896 4937 1014 4980 caumont
1087 4931 1248 4993 imputentur.
