3412 5664
626 331 827 383 Tolerinus
851 333 897 381 IV.
920 334 954 380 V.

659 488 867 573 tractatus
894 488 928 572 V

769 643 817 680 seu

191 731 284 795 Dicta
305 736 496 794 beatissimi
518 737 646 795 Gelssii
667 751 776 807 papae
798 739 960 796 adversus
982 736 1200 805 Pelagisnam
1220 738 1399 796 haeresim.

199 863 303 919 Panum
320 885 365 920 eos
383 870 489 932 residet,
508 872 551 936 qai
567 872 687 921 irerrriaenr
704 874 729 921 ia
748 873 795 920 tere
813 872 864 920 sita
882 888 912 921 eo
930 872 1064 934 peruenire
1076 885 1152 933 posse
1163 877 1261 934 pateat,
1280 879 1307 920 ut
1319 872 1393 921 anellis

191 967 299 1015 prorsas
315 959 431 1020 pulsetur
448 956 569 1005 hrcrrmnae
585 956 739 1020 frapilitntis
757 957 890 1020 affectibus
903 953 938 1017 (a.
954 954 1064 1019 1-13).
1097 956 1119 1004 Τ
1118 973 1156 1005 ura
1173 958 1251 1005 vinnm
1268 958 1393 1016 infidelem

191 1054 241 1099 per
257 1042 381 1091 rurationem
396 1043 496 1104 fidelem
514 1058 545 1090 ec
563 1042 616 1090 eice
634 1057 708 1091 uerso
731 1058 863 1107 cocuntque
884 1044 952 1105 filios
974 1043 1011 1090 itu
1033 1042 1191 1104 scrrrctifieori
1213 1042 1335 1098 ostendit,
1365 1050 1392 1090 nt

191 1127 302 1191 mopria
325 1126 406 1176 eritne
428 1128 630 1189 sanctificatione
657 1134 747 1189 sperent
771 1124 805 1187 (a.
826 1125 953 1183 1-1—19l.
999 1127 1112 1192 Denique
1139 1128 1171 1176 de
1197 1128 1392 1176 resurrectionis

191 1213 313 1262 realitate
336 1212 444 1261 masinae
466 1213 588 1262 adversus
611 1227 654 1261 eos
676 1212 804 1275 (imputat,
834 1214 877 1278 qni
896 1212 1005 1275 feminas
1028 1228 1078 1261 aon
1100 1214 1125 1261 in
1146 1216 1280 1277 propriam
1301 1213 1392 1262 sedin

361 1299 456 1348 virilem
471 1298 578 1360 sormam
596 1305 790 1346 resurrecturas
808 1313 863 1347 esse
881 1297 1024 1347 sentiebant
1042 1295 1077 1357 (a.
1089 1299 1217 1361 iti—⁸26).

248 1434 275 1496 l.
310 1431 359 1496 Dc
381 1430 567 1517 Pelagianis
589 1431 716 1515 quidem
739 1431 885 1496 sensibus
907 1431 1175 1517 blasphemiisque
1198 1432 1364 1517 sacrilegis
1393 1434 1426 1496 et
1480 1441 1483 1446 '

191 1535 241 1599 rel
267 1535 403 1619 majores
425 1536 551 1597 nostros
574 1537 640 1597 tam
664 1534 780 1597 divinis
802 1556 897 1618 quam
921 1533 1069 1598 humanis
1097 1534 1222 1618 legibus
1246 1535 1335 1618 justa
1363 1535 1425 1599 dis-

191 1636 304 1701 sione
332 1634 503 1718 dannratis,
533 1636 628 1700 nimis
651 1639 700 1700 est
727 1636 855 1721 copiosa
883 1637 1031 1719 materia3
1060 1637 1135 1721 qrria
1164 1641 1196 1700 ct
1223 1636 1350 1704 illorum
1377 1640 1426 1701 cst

198 1739 325 1824 tiplex
352 1738 532 1823 perniciosa
560 1739 763 1822 perversitas,
788 1761 886 1823 coque
915 1739 1097 1823 nocentior,
1127 1762 1189 1823 qao
1212 1739 1425 1803 verisimilitu-

191 1839 245 1904 is
267 1842 370 1906 colore
393 1840 549 1923 subtilior,
573 1864 669 1925 quam
692 1843 730 1905 dc
752 1842 851 1926 ipsius
874 1841 1008 1906 humani
1023 1841 1150 1927 generis
1166 1840 1311 1926 principe
1327 1865 1425 1926 pravo

191 1947 348 2028 erebique
371 1947 549 2008 commento
565 1966 630 2007 non
652 1944 713 2007 rite
737 1952 925 2029 conceptam
939 1966 1046 2009 rerum
1062 1945 1324 2028 consequentium
1339 1966 1425 2009 men-

191 2043 261 2109 iis
281 2048 461 2111 texuerunt.
506 2045 644 2111 Necesse
667 2050 716 2111 est
737 2047 834 2131 enim,
865 2051 901 2111 nt
923 2046 978 2131 qui
1000 2068 1020 2110 a
1045 2046 1204 2131 principio
1227 2047 1362 2111 deviarit
1385 2047 1427 2111 ub

191 2170 288 2233 egro
310 2151 450 2231 tramite,
475 2171 576 2234 vagus
598 2149 713 2233 ubique
736 2150 955 2236 progrediere,
979 2153 1099 2233 quanto
1120 2172 1153 2213 se
1169 2171 1294 2214 currere
1311 2150 1426 2214 fortias

191 2254 264 2331 et,
286 2253 378 2315 tanto
400 2252 472 2336 plus
496 2254 590 2335 erret,
614 2251 703 2316 etin
725 2251 786 2335 his,
803 2257 847 2334 ⁸ut
870 2252 1033 2336 competit,
1051 2251 1231 2316 refutandis
1253 2252 1427 2337 ehsputstio

191 2349 285 2419 lira
312 2354 429 2418 debeat
451 2352 611 2418 adhiberi:
645 2355 946 2440 quoniamquidem
968 2355 1131 2439 perfectae
1153 2354 1331 2419 medicinae
1359 2377 1427 2419 mos

191 2500 200 2525 s
262 2457 416 2542 originem
446 2456 494 2519 vel
523 2456 704 2541 intelligere
732 2457 820 2542 prius
850 2458 898 2522 vel
927 2479 1069 2522 reserare
1097 2458 1289 2542 morborum,
1320 2459 1427 2542 eisque

191 2558 330 2624 eiectis
352 2558 510 2622 medelam
526 2560 682 2624 conticere
706 2565 944 2646 congruentem.
975 2559 1062 2636 Quae
1078 2563 1204 2644 cuncta,
1228 2561 1255 2624 si
1271 2560 1427 2624 Dominus

191 2677 262 2724 ¹·1n
286 2660 535 2744 facultatemque
570 2661 735 2745 tribuerit,
772 2663 806 2727 in
839 2666 994 2748 quantum
1028 2663 1159 2727 coelesti
1186 2685 1257 2727 rore
1286 2663 1426 2747 vegetati

191 2760 344 2848 elsinas,
369 2762 448 2827 alias
471 2763 637 2828 moliemur
660 2766 829 2849 explicare.
876 2765 971 2830 Nunc
1000 2768 1107 2829 rudem
1135 2765 1220 2829 hunc
1243 2765 1425 2843 articulum,
1455 2814 1460 2825 .

236 2866 387 2950 quosdam
409 2888 536 2932 movere
558 2866 760 2952 perhibetur,
784 2869 982 2932 sufficienter
1004 2868 1135 2931 interim
1157 2867 1304 2932 duximus
1328 2867 1425 2951 expli-

191 2966 312 3052 1dun13
343 2972 378 3033 ut
406 2970 515 3034 coelem
545 2971 773 3035 earrveuienter
801 2971 963 3055 inspectu,
998 2971 1081 3055 quod
1114 2970 1147 3033 in
1178 2970 1292 3033 ceteris
1316 2991 1427 3033 carvere

194 3082 217 3125 ¹
251 3071 417 3154 debebant,
452 3071 590 3135 Domino
619 3071 687 3136 lieo
714 3078 824 3136 nostro
853 3076 1039 3157 praestante
1066 3070 1277 3157 perpendant.
1323 3071 1427 3135 Aesti-

191 3176 259 3236 un
279 3174 377 3258 igitur
399 3174 574 3258 quidsnrl),
597 3174 632 3236 in
654 3175 715 3238 hac
738 3175 804 3239 vita
826 3199 919 3258 posse
941 3197 1131 3260 quemquam
1154 3174 1214 3238 hac
1231 3174 1427 3258 perfectione

191 3274 343 3360 asistere,
368 3281 404 3340 ut
426 3276 546 3340 nullius
568 3300 697 3361 prorsus
712 3278 901 3361 fragilitatis
917 3278 1077 3341 humanae
1089 3277 1233 3361 pulsetur
1249 3276 1425 3358 affectibus,

191 3388 225 3432 *s
248 3380 402 3464 corporeis
425 3381 607 3465 exagitetur
629 3380 798 3443 illecebris.
823 3380 913 3456 Quod
936 3381 1080 3465 (piisque,
1104 3379 1131 3443 si
1156 3378 1291 3463 propriis
1307 3378 1428 3443 viribus

191 3487 296 3564 ¹iterque
312 3481 475 3565 proposito
492 3482 664 3546 rolnntatis
681 3482 876 3567 cristinae)
900 3483 1045 3567 adipisci,
1068 3483 1274 3566 semetipsum
1295 3481 1579 3565 seducit,1J0h‚1,s.

191 3575 333 3647 inritas
356 3584 390 3648 iu
413 3606 450 3648 eo
472 3608 538 3648 non
561 3589 619 3648 est.
665 3584 749 3648 Narn
776 3586 803 3649 si
832 3585 866 3649 in
890 3585 968 3669 ipsis
989 3585 1102 3670 primis
1124 3583 1323 3667 horninibus,
1353 3583 1428 3647 durn

192 3698 225 3745 ua
244 3685 389 3749 nimirum
412 3686 568 3751 felicitate
591 3687 767 3770 eorrfidunt,
792 3711 808 3751 c
845 3692 970 3752 tantam
994 3685 1054 3751 Dei
1076 3688 1217 3773 gratiam
1238 3688 1273 3750 in
1294 3708 1429 3750 vacuum

191 3785 364 3872 eripientes,
400 3812 465 3853 non
493 3789 629 3872 orande,
659 3789 742 3873 quod
770 3790 880 3875 utique
908 3812 1066 3875 nusquam
1092 3789 1207 3854 fecisse
1234 3790 1427 3872 referuntur,

233 4065 250 4115 'r
267 4064 384 4127 (hunam
403 4062 441 4116 illi
460 4062 516 4117 sint
534 4065 563 4116 ct
581 4062 628 4116 ubi
646 4062 771 4132 gentiani
790 4063 908 4131 degant,
926 4062 1052 4117 (telasius
1069 4064 1153 4116 tacet.
1190 4062 1346 4133 Scripserat
1364 4063 1429 4116 olim

191 4144 280 4199 ilarius
298 4147 334 4200 ad
353 4148 537 4215 August-inum
556 4148 634 4219 epist.
657 4156 717 4214 iss,
742 4149 876 4215 quosdam
900 4147 975 4217 repud
998 4147 1147 4215 Syracusas
1171 4166 1230 4201 esse
1249 4148 1429 4209 Christianos,

191 4234 209 4285 ri
228 4249 308 4300 pesse
327 4249 386 4286 esser
405 4233 545 4287 hominem
563 4233 622 4288 sinc
640 4236 757 4304 peccat-o
775 4235 804 4287 et
821 4232 954 4286 mandata
973 4232 1023 4285 Dei
1042 4233 1122 4286 facile
1140 4233 1292 4297 cristodire,
1314 4232 1336 4284 si
1355 4231 1430 4293 velit,

191 4319 342 4372 iirerrarcnt.
373 4319 544 4387 nugantium
563 4336 673 4388 quoque
692 4318 738 4371 lib.
759 4319 793 4372 de
811 4317 984 4388 perfectione
997 4316 1124 4386 justitiae
1143 4338 1164 4373 e.
1181 4326 1193 4371 1
1213 4317 1266 4371 sibi
1284 4317 1318 4370 de
1337 4315 1430 4369 Sicilia

191 4406 259 4456 testes
282 4421 344 4456 esse
367 4405 488 4458 testatur
511 4405 645 4472 quasdam
668 4403 856 4468 definitiones,
884 4403 983 4472 quibus
1006 4402 1079 4455 idem
1105 4402 1240 4472 placitum
1263 4401 1427 4455 defenditur.

193 4488 214 4541 «l
234 4505 302 4555 qnos
320 4506 393 4542 nune
411 4491 514 4544 refutat
535 4489 672 4554 (Gelasius,
691 4489 752 4558 plns
770 4488 876 4556 aliquid
894 4488 1090 4553 adstruebant,
1113 4505 1197 4555 quum
1215 4486 1355 4541 hominem
1374 4503 1429 4539 nou

191 4575 248 4627 ium
268 4573 326 4627 sinc
345 4577 461 4643 peccato
479 4575 527 4629 sed
551 4580 579 4629 ct
597 4576 654 4628 sine
673 4574 811 4628 hnmanae
833 4573 993 4643 snsgiliiatis
1016 4573 1163 4627 aflectibus
1187 4577 1271 4642 atquc
1293 4571 1430 4625 illecebris

191 4678 217 4713 sc
237 4674 330 4728 posse,
356 4658 482 4727 sulcoque
501 4655 665 4721 ἀπείθειαν,
688 4677 772 4728 quam
791 4658 961 4729 Augustinus
979 4659 1014 4714 de
1032 4659 1082 4714 civ.
1101 4658 1153 4712 Dei
1172 4658 1243 4724 XIV,
1261 4664 1277 4711 9
1295 4673 1350 4711 non
1368 4674 1429 4711 esec

191 4746 240 4813 jus
261 4743 334 4798 vitae
353 4743 447 4811 docet,
466 4746 692 4815 propugnabant.

223 4832 246 4893 ’,ι
267 4828 308 4882 lta
327 4828 371 4883 (1¹.
402 4829 477 4884 Editi
495 4837 630 4886 existimet.
660 4831 725 4886 Mox
743 4830 778 4887 (3¹
798 4836 894 4885 nimium
910 4835 1048 4897 felicitate,
1067 4830 1159 4885 nescio
1176 4847 1213 4883 sn
1231 4827 1291 4883 sols
1303 4828 1429 4899 scriptio·

191 4930 333 4969 tracuus.
