3412 5664
531 366 732 414 rnncrarrs
756 367 792 412 n.
818 368 867 413 m.
1272 354 1333 419 531

65 516 208 580 fossione
235 517 453 599 promendam.
500 516 700 601 Quapropter
735 520 831 582 nimis
864 519 1000 582 sollicite
1034 522 1256 602 praecavenda
1289 526 1337 585 est

66 616 149 681 haec
171 617 326 682 insidiosa
347 619 551 702 perversitas,
576 642 658 702 quae
679 642 739 683 nec
755 621 827 683 lidci
846 621 979 684 veritate
1002 642 1060 685 nec
1084 644 1188 685 rerum
1212 623 1335 686 ratione

67 719 229 802 consistit,
254 721 287 783 et
308 720 405 783 noxia
428 721 608 784 subtilitate
631 723 761 785 molitur
783 723 817 786 in
840 722 1067 786 Restauratore
1083 728 1193 787 nostro
1210 725 1336 806 quibus

67 844 194 905 cunque
216 822 318 885 modis
342 824 436 886 unius
459 823 709 908 intelligentiam
733 825 864 889 delinire
887 829 1031 889 naturae.

152 924 182 987 2.
206 922 290 987 Nam
313 947 411 1008 quum
433 926 501 1009 pari
527 926 725 1010 blasphemia
747 930 881 1010 utrmque
904 928 1004 1010 pestis
1027 928 1181 1009 insaniat,
1205 928 1240 991 in
1264 950 1337 992 con-

66 1026 197 1110 ceptae)
226 1026 349 1090 scilicet
374 1027 519 1112 Virginis
546 1051 655 1093 sacrae
684 1033 778 1113 atcpue
807 1030 877 1112 ipso
911 1029 1109 1113 primordiali
1140 1029 1189 1093 vel
1218 1030 1336 1093 initiali

69 1128 200 1191 llornini
223 1128 399 1193 Salvatoris
422 1135 545 1203 exortu,
569 1132 622 1215 qui
647 1133 681 1194 in
703 1131 877 1195 visceribus
893 1133 1035 1195 intactae
1056 1131 1169 1194 matris
1192 1135 1338 1195 cessante

65 1231 188 1295 terreni
211 1231 313 1314 patris
336 1232 444 1296 officio
460 1233 568 1296 diviua
584 1234 720 1316 sumpsit
735 1234 919 1316 operatione
941 1233 1145 1316 principium,
1171 1234 1338 1296 materiam

66 1333 262 1397 conditionis
284 1335 444 1398 humanae
466 1336 505 1398 de
521 1319 703 1398 substantia
718 1336 885 1420 genitricis
902 1335 1085 1417 instituens,
1110 1338 1142 1398 ct
1160 1335 1337 1398 unitionem

64 1435 198 1499 «livinae
220 1437 385 1518 potentiae
408 1437 597 1521 dignatione
620 1460 696 1500 suae
718 1438 898 1519 unrjcstatis
921 1437 1128 1520 impertienS,
1160 1440 1195 1499 ut
1224 1438 1339 1501 utrius-

63 1559 129 1621 que
156 1539 292 1600 naturae
327 1536 534 1601 inerrabiliter
561 1538 664 1601 unitio
700 1540 740 1601 ab
772 1539 841 1621 ipso
870 1561 945 1602 sirac
980 1539 1199 1622 conceptionis
1227 1541 1340 1602 exortu

62 1637 261 1703 mirabiliter
289 1661 326 1702 ac
355 1643 504 1722 potenter
532 1641 715 1703 exsisteret:
747 1662 807 1703 nec
835 1641 869 1721 iu
898 1644 1029 1704 sanctae
1060 1640 1181 1704 llariae
1209 1662 1338 1724 prorsus

62 1741 207 1804 internis
236 1742 327 1804 istius
356 1742 549 1804 sacramenti
578 1742 747 1825 quicquam
776 1742 824 1806 vel
848 1743 1057 1826 praecesserit
1079 1743 1128 1806 vel
1151 1745 1225 1825 post
1252 1764 1338 1805 secu-

60 1846 136 1906 tum
159 1842 259 1905 fucrit
280 1843 475 1924 institutum,
500 1843 554 1906 sed
576 1842 672 1926 hujus
694 1845 797 1928 magis
821 1845 914 1907 simul
938 1844 1086 1908 effectum
1103 1843 1244 1928 mysterii
1266 1865 1339 1906 con-

60 1948 182 2027 cept-us
220 1944 288 2028 ipse
321 1944 539 2028 praevenerit,
579 1968 639 2008 neo
673 1945 740 2009 illic
769 1946 873 2029 aliqua
901 1947 1129 2029 praeveniente
1157 1944 1339 2008 substantia

59 2045 225 2130 perfectio
248 2046 402 2109 unitionis
425 2046 605 2128 accesserit,
631 2048 684 2110 sed
708 2048 748 2110 ab
770 2048 916 2111 unitione
939 2047 1083 2130 perfecta
1104 2048 1209 2132 potins
1226 2047 1340 2110 utrius-

57 2170 129 2233 que
151 2147 351 2211 substautiae
372 2149 471 2211 fucrit
493 2148 688 2212 inchoatum.
714 2147 803 2213 Siout
826 2149 971 2233 Angelus
995 2148 1115 2212 dicenti
1138 2149 1340 2212 venerandae

58 2249 216 2331 Virgini,
244 2272 342 2333 quum
371 2250 409 2312 de
432 2249 570 2333 gloriosa
599 2249 705 2313 sobole
727 2252 837 2313 futura
860 2255 1082 2338 cognosceret:
1115 2256 1267 2326 Orvomodo
1286 2257 1339 2326 fiet
1379 2253 1462 2345 i‘u‘ss

56 2358 161 2428 mend,
186 2359 256 2429 qum
277 2359 373 2416 cirron
394 2374 452 2416 reon
467 2359 636 2432 coenosae?
659 2353 840 2435 respondit:
864 2358 996 2432 Spiritus
1017 2364 1139 2417 selectas
1153 2359 1342 2432 superveniet
1356 2328 1474 2404 ¹‘'3⁴'⁵⁵⁰’

52 2462 93 2521 r‘n
121 2464 161 2529 te,
186 2464 214 2514 el
236 2460 329 2517 virtus
352 2462 501 2518 Aleissv'mi
522 2460 709 2519 olurabrobe‘l
731 2461 801 2528 tibh·
820 2467 997 2534 propre-ca,
1023 2462 1164 2535 quodne
1186 2467 1215 2518 te
1238 2475 1340 2518 irasce-

54 2568 119 2620 lm·
139 2562 473 2650 sunctum,·uocobitcr
497 2563 592 2623 Filius
615 2563 679 2620 Dei.
716 2557 760 2620 llt
781 2579 820 2621 ea·
843 2569 871 2625 le
893 2568 1034 2621 ncnccdur
1057 2559 1111 2639 ait,
1143 2561 1178 2620 ut
1200 2557 1341 2639 proprie-

54 2660 172 2723 tatem
193 2655 231 2720 de
253 2661 356 2721 matre
379 2658 565 2721 sumendam
594 2666 723 2721 nostrae
753 2658 945 2721 conditionis
976 2659 1184 2741 exprimeret,
1217 2663 1249 2721 et
1270 2679 1340 2721 sen-

52 2774 162 2839 ceum,
191 2760 342 2842 quoniam
365 2760 434 2823 sine
458 2762 649 2844 contagione
673 2759 811 2824 carnalis
835 2760 1113 2842 concupiscentiae
1136 2760 1341 2841 gigneretur,

54 2866 96 2927 et
123 2866 281 2925 vocabitur
304 2867 400 2925 Filius
423 2866 494 2943 Ilei,
525 2865 561 2925 ut
589 2862 683 2926 simul
711 2862 870 2925 humanae
899 2862 1087 2944 divinaeque
1116 2863 1251 2923 naturae
1281 2859 1341 2921 hac

55 2962 290 3044 conceptione,
314 2962 398 3026 sicut
420 2963 540 3027 dietum
563 2970 621 3043 est,
646 2964 836 3027 mirabiliter
865 2963 1039 3025 mrieudum
1064 2962 1215 3044 proderet
1236 2981 1340 3023 sacra-

55 3068 226 3146 mentum,
254 3064 429 3128 secundum
456 3069 538 3149 quod
562 3068 732 3148 scriptum:
765 3071 803 3128 El
833 3072 844 3127 1
849 3070 960 3128 'erbum
983 3086 1058 3127 earo
1082 3068 1201 3140 sectam
1229 3076 1282 3137 csl,
1313 3072 1491 3135 retonare.

54 3173 220 3233 habitauit
232 3174 264 3228 ia
275 3172 368 3229 nobis.
393 3166 552 3253 hlalens‘l)
565 3168 703 3251 Spiritus
718 3167 775 3231 llei
792 3168 906 3247 dicere,
931 3171 1059 3229 l'crbum
1074 3187 1195 3229 carnem
1208 3168 1340 3244 frictum,

54 3290 169 3355 quum
192 3268 226 3332 in
249 3290 378 3331 carnem
402 3268 542 3332 Verbum
572 3293 637 3332 uon
666 3269 765 3332 fuerit
786 3269 917 3332 omnino
944 3291 1141 3349 conversum,
1172 3265 1341 3329 dummmlo

55 3369 260 3457 principalis
284 3369 438 3434 unitionis
460 3372 653 3435 naturaliter
675 3371 708 3434 in
732 3372 842 3434 eodem
865 3371 1043 3434 divinitatis
1066 3368 1342 3450 humanitatisque

56 3471 270 3557 significaret
292 3473 431 3554 pressius
455 3475 638 3555 verit-atem,
666 3495 763 3556 quum
792 3473 916 3537 scilicet
941 3475 1112 3556 appareret
1135 3470 1240 3553 ipsum
1264 3467 1341 3531 Ver·

59 3632 181 3645 -ι-ο

59 3726 233 3791 tunderent,
255 3726 295 3779 illi
318 3727 481 3781 dividerent.
515 3727 556 3780 Ex
577 3744 610 3782 eo
633 3746 711 3793 vero,
735 3727 809 3796 quod
828 3726 963 3781 Catholici
986 3726 1053 3779 duas
1076 3725 1177 3779 divisas
1200 3728 1343 3793 negarent,

59 3812 231 3883 arguebant
247 3811 424 3880 Eutychiani,
448 3828 495 3865 cos
518 3811 604 3879 igitur
623 3830 706 3865 uuam
726 3812 838 3866 credero
858 3811 972 3875 debere;
996 3811 1071 3879 quod
1094 3826 1148 3863 non
1166 3809 1231 3863 inde
1250 3827 1343 3864 couse-

60 3898 180 3969 quitur,
198 3896 265 3965 quia
282 3896 349 3950 fides
367 3897 440 3950 iuter
459 3898 588 3963 utrosque
607 3897 700 3951 media
718 3897 786 3949 duas
799 3895 924 3964 quidem,
943 3896 992 3949 sed
1010 3894 1125 3948 indivise
1139 3895 1230 3948 unitas
1245 3894 1342 3947 eredit.

138 3986 160 4047 ²)
179 3980 240 4046 Quo
257 3981 388 4035 nimirum
405 3982 491 4036 beata
508 3981 597 4035 Maria
616 3980 789 4035 Salv'ntorem
808 3978 947 4048 concepit,
967 3978 1040 4032 circa
1058 3996 1139 4048 quem
1159 3979 1278 4032 inanime
1291 3979 1344 4032 Ne-

61 4067 173 4125 storius
192 4068 222 4121 et
239 4065 377 4134 Eutyches
395 4067 536 4121 errabant.
575 4071 638 4119 Aba
657 4075 710 4125 illc,
729 4064 819 4133 iuquit
837 4066 893 4118 Leo
912 4081 993 4118 serm.
1014 4070 1030 4117 8
1048 4063 1082 4116 dc
1100 4066 1157 4117 nat.
1177 4064 1256 4117 Dom.
1277 4081 1298 4115 c.
1320 4069 1343 4125 5,

62 4160 169 4209 beaemn
189 4154 301 4205 illorima
318 4157 439 4217 vir-pineae
461 4156 566 4205 lerninis
584 4156 755 4204 [curlumrnodo
773 4170 849 4203 auem
868 4161 906 4202 cst
923 4154 1078 4216 praedicare
1095 4155 1256 4216 peniter’ccra,
1275 4159 1301 4200 ut
1320 4153 1344 4199 r'u

62 4249 195 4307 mneeptu
214 4242 271 4303 ejus
289 4247 313 4288 et
337 4248 414 4303 portu
433 4242 500 4288 nullu
523 4240 603 4288 Verbi
621 4248 645 4289 ct
663 4242 750 4287 carnis
766 4240 839 4300 sacto
857 4240 935 4287 uarice)
954 4238 1115 4293 crederetur,
1135 4239 1195 4301 quia
1215 4238 1263 4284 Ilei
1276 4237 1344 4298 filias

64 4344 120 4379 uon
139 4330 195 4392 ipse
212 4325 298 4388 seretur
315 4326 349 4373 sit
366 4325 484 4377 bortrinis,
503 4326 551 4373 scd
562 4332 650 4373 creato
668 4323 761 4373 leontini
774 4326 829 4372 solo
841 4340 869 4372 se
882 4325 1028 4387 dipaalione
1040 4326 1185 4372 sociavere.
1217 4320 1345 4382 Eutyches

64 4430 144 4469 nere,
171 4408 202 4459 nt
224 4405 401 4475 prosequitur
423 4404 526 4458 ibidem
546 4404 614 4469 Leo,
638 4411 772 4458 callionem
795 4410 893 4472 quidem
916 4409 941 4456 iu
961 4407 1061 4456 Christo
1084 4408 1190 4456 duarum
1214 4405 1345 4466 consessus

64 4507 108 4549 eal
127 4503 290 4549 nrrlrrrarurn.
312 4496 360 4543 sed
382 4495 440 4558 ipsa
458 4496 568 4543 unilr‘oae
587 4495 615 4543 id
632 4495 693 4542 dicit
712 4495 839 4556 effectum,
864 4500 890 4541 nl
908 4508 943 4541 cx
966 4492 1062 4541 (litabar
1082 4492 1179 4539 violaris
1198 4505 1246 4537 arna
1264 4503 1344 4536 reare·

66 4591 154 4643 neret,
173 4582 315 4629 ardlalcnus
332 4580 438 4628 alteriue
456 4582 596 4629 excaecare
607 4578 757 4633 sectaturae,
777 4594 841 4643 quac
853 4577 943 4641 ubique
958 4578 1037 4639 finiri,
1057 4576 1106 4623 ariri
1122 4583 1166 4623 aad
1177 4575 1345 4624 eorrsumlr’onc

65 4674 114 4717 u!
130 4668 299 4730 separatione
317 4681 366 4713 non
383 4672 479 4728 pesae.
510 4658 582 4712 Vide
600 4658 724 4727 ejusdcm
745 4657 842 4711 hcouis
861 4656 939 4726 epist.
955 4663 988 4711 35
1006 4675 1031 4709 n.
1046 4664 1062 4709 3
1081 4657 1109 4709 et·
1127 4655 1205 4724 epist.
1221 4660 1269 4705 lor
1282 4671 1307 4704 n.
1322 4660 1345 4715 3,

65 4766 122 4805 nee
140 4762 198 4801 non
216 4744 340 4799 Floriani
359 4743 506 4817 epistolam
524 4751 564 4797 26.

138 4836 160 4901 ²)
181 4830 387 4885 Grarunratiore
405 4830 481 4899 leges
499 4831 642 4901 postulant
660 4835 766 4883 cantante
780 4834 892 4898 ..spiritur
910 4827 959 4881 scd
977 4825 1045 4881 alibi
1063 4823 1149 4877 ctiam
1161 4821 1288 4877 (talasius
1300 4838 1347 4875 cras

64 4922 97 4977 in
115 4918 257 4975 similibus
274 4916 341 4971 loeis
359 4914 473 4989 spernit.

1081 4992 1146 5061 34*
