3450 5678
196 77 258 141 646
650 89 677 136 a.
695 88 876 136 svunscru
900 88 1012 134 vassa

134 261 182 312 t99.
196 249 262 310 tem
284 244 334 308 vel
356 243 466 328 populi
489 242 695 325 collisionem,
719 264 800 326 cquae
816 242 951 306 molesta
969 242 1227 325 incompetenter
1243 243 1465 328 episcopatum

197 346 446 412 desiderantium
468 344 635 430 generavit
657 344 803 426 aviditas,
827 347 864 408 ut
886 343 1095 429 extinguatur
1111 343 1229 409 futuris
1245 346 1466 431 praesumptio

135 508 141 515 .
195 453 265 514 tam
286 447 466 532 perniciosa
493 447 705 530 temporibus,
742 446 911 510 constituit
943 450 1057 511 sancta
1086 446 1239 530 synodus:
1273 451 1310 512 ut
1337 448 1366 513 si
1395 448 1466 534 quis

196 550 363 635 presbyter
385 552 441 613 aut
462 548 614 613 diaconus
637 552 698 615 aut
715 549 858 632 clericus,
883 570 967 632 papa
989 549 1142 613 ineolumi
1165 553 1199 614 et
1216 571 1253 614 eo
1270 549 1466 631 inconsulto,

197 656 254 718 aut
286 650 553 735 subscriptionem
584 673 643 735 pro
671 650 816 715 Romano
844 652 1034 735 pontificatu
1064 651 1279 734 commodare,
1315 658 1373 715 aut
1406 651 1468 737 pit·

196 755 329 839 tacio³¹)
351 753 538 838 promittere
561 755 617 816 aut
639 756 875 817 sacramentmn
896 752 1049 838 praebere
1072 753 1248 818 tentaverit
1264 756 1322 817 aut
1338 752 1469 837 aliquod

199 859 284 921 certe
312 853 501 939 suffragium
527 854 687 938 polliceri,
722 854 772 918 vel
801 855 840 919 de
869 854 929 919 hac
958 876 1054 919 causa
1075 855 1210 939 privatis
1233 854 1469 920 conventiculis

197 958 293 1023 factis
315 956 491 1021 deliberare
521 958 616 1040 atque
639 957 822 1038 decernere,
852 957 915 1021 loci
942 957 990 1021 sui
1018 957 1178 1042 dignitate
1206 956 1256 1022 vel
1264 956 1306 1039 32)
1329 977 1470 1021 commu·

197 1060 294 1126 nione
316 1059 460 1145 privetur
468 1060 500 1141 ;“
524 1097 566 1108 -
588 1058 746 1122 Universa
768 1059 906 1143 synodus
936 1080 1072 1144 surgens
1100 1058 1308 1124 acclamavit:
1343 1063 1473 1124 &audi

201 1167 332 1239 Christe,
367 1165 546 1244 Symmacho
575 1168 654 1225 uita!
685 1161 805 1224 dictmu
833 1161 946 1226 decies.
997 1166 1057 1225 liic
1081 1183 1152 1242 pax
1179 1182 1247 1226 cum
1269 1165 1472 1241 Symmacho!

199 1264 321 1328 dictum
335 1262 519 1348 quindecies
527 1261 578 1348 ³³).
618 1268 712 1343 Cujus
725 1270 833 1342 sedem,
859 1276 887 1327 et
902 1271 1016 1338 annos!
1038 1263 1160 1328 dictum
1174 1263 1285 1328 octies.
1309 1298 1352 1311 -·
1376 1261 1470 1347 „pari

1624 598 1713 816 τ’*
1641 365 1706 500 ιι.

1707 1179 1725 1204 Δ
1690 1082 1725 1107 ἐ

180 1336 193 1377 l

170 1392 173 1397 ·
199 1364 369 1430 severitate
390 1364 582 1450 feriend0³⁴)
605 1386 658 1446 ec,
682 1366 736 1449 qui
758 1365 819 1429 hoc
841 1366 930 1449 vivo,
960 1366 1055 1453 sicuti
1077 1365 1198 1430 dictum
1220 1368 1288 1448 est,
1318 1364 1471 1449 pontifice

200 1466 342 1551 quolibet
363 1467 456 1531 modo
478 1467 576 1530 fuerit
598 1467 734 1531 ambisse
758 1468 922 1533 convictus
945 1471 1002 1532 aut
1024 1470 1110 1533 certe
1131 1470 1292 1550 tentasse,
1323 1465 1471 1530 omnibus

200 1568 323 1654 pariter
344 1568 440 1653 hujus
457 1567 575 1653 culpae
598 1569 660 1633 scis
683 1569 898 1634 anathematis
920 1591 1025 1655 poena
1046 1569 1262 1654 plectendis.“
1283 1606 1327 1618 —

1609 1376 1695 1508 “8⁹

286 1668 494 1754 Symmachus
517 1671 683 1755 episcopus
705 1671 801 1736 dixit:
825 1677 910 1751 Eryo
932 1678 1123 1737 universitati
1137 1678 1244 1753 placet
1265 1682 1295 1736 et
1317 1675 1356 1734 ob
1379 1676 1468 1735 omni·

201 1779 256 1838 tus
276 1780 503 1852 recognoscitur
524 1779 571 1837 ocl
589 1778 739 1852 probatur
761 1782 819 1838 isto
839 1781 1010 1839 sententio?
1042 1773 1200 1839 Universa
1218 1772 1360 1857 synodus
1376 1770 1471 1836 dixit:

203 1882 315 1960 Placet,
338 1887 367 1940 ct
388 1880 470 1957 quod
491 1880 627 1939 omnibus
643 1882 756 1956 placet,
777 1883 851 1953 fiat!

807 2028 864 2092 IV.

287 2131 317 2196 5.
341 2129 410 2214 „Si,
434 2130 517 2214 quod
533 2078 627 2213 absit,
643 2130 761 2194 transit
762 2153 798 2194 us
813 2109 1085 2298 papqnopinat
1086 2152 1122 2195 us
1138 2131 1291 2214 evenerit,
1315 2133 1353 2194 ut
1367 2129 1408 2194 de
1425 2128 1473 2193 sui

204 2233 359 2298 electione
380 2232 580 2315 successoris,
604 2236 759 2317 utsupra
780 2233 913 2317 placuit
937 2236 1052 2319 n0n³³)
1075 2234 1177 2318 possit
1162 2235 1274 2297 tante
1290 2233 1472 2313 decernere,

204 2335 390 2420 siquidem
381 2357 417 2399 m
438 2357 537 2399 unum
552 2335 651 2398 totius
666 2335 870 2399 inclinaverit
885 2335 1061 2400 ecclesiast
1038 2339 1094 2400 t1c1
1086 2335 1235 2400 ordinis
1250 2333 1378 2417 electio,
1402 2354 1474 2398 con·

204 2440 346 2503 secretus
368 2435 488 2501 electus
511 2436 687 2521 episcopus,
726 2436 759 2501 Si
776 2441 892 2520 autern,
916 2441 953 2502 ut
973 2438 1042 2502 fieri
1065 2437 1156 2521 solet,
1179 2435 1287 2502 studia
1309 2435 1476 2520 coeperint

205 2561 274 2604 esse
296 2538 421 2604 diversa
443 2561 561 2620 eorum,
592 2539 630 2602 dc
653 2539 766 2623 quibus
790 2546 953 2605 certamen
975 2540 1150 2623 emerserit,
1179 2539 1291 2603 vincat
1312 2536 1476 2601 sententia

204 2641 424 2727 plurimorum,
448 2642 494 2705 sic
515 2645 635 2722 tamen,
659 2645 696 2704 ut
717 2640 894 2705 sacerdotio
910 2644 1028 2725 careat,
1052 2641 1107 2726 qui
1122 2643 1236 2726 captus
1251 2638 1474 2726 promissione,

205 2766 272 2809 ιιοιι
293 2747 381 2809 recto
400 2744 523 2827 judicio
545 2742 583 2807 de
607 2742 762 2806 electione
784 2743 996 2809 decreverit.“

291 2846 436 2931 Synodus
459 2845 554 2909 dixit:
580 2851 683 2909 Placet
690 2853 701 2908 !
723 2844 845 2911 dictum
868 2849 917 2910 est
939 2845 1055 2911 decies.

206 2102 214 2141 l

275 3119 308 3185 ³¹)
328 3119 351 3171 οΙ
369 3123 456 3186 pretio
472 3124 635 3185 promittere,
658 3117 685 3169 h¹
698 3116 729 3170 h²
746 3121 839 3186 pitatio
857 3123 1022 3179 committere,
1050 3118 1072 3172 O
1089 3123 1204 3188 pittatio,
1230 3116 1321 3171 ΚΜ*
1337 3120 1477 3185 pittacium.

207 3203 369 3258 Retinemus
392 3219 453 3255 cum
475 3202 555 3255 B¹E²
572 3200 778 3269 11(}1*H'³H¹³)
798 3208 908 3270 pittacio
930 3212 1087 3271 promittere.
1130 3207 1263 3257 Piliae-iuss
1284 3200 1382 3255 aulem
1403 3198 1477 3254 idem

208 3288 257 3351 est,
275 3287 350 3356 quod
367 3287 465 3340 charta
483 3302 530 3339 scu
549 3286 646 3340 tabula
663 3302 762 3354 parva,
785 3303 841 3356 qua
859 3287 926 3354 quid
944 3287 1127 3342 conscribitur
1149 3290 1238 3353 (cano.
1257 3282 1346 3341 Carth
1367 3285 1381 3340 1
1399 3302 1423 3339 e.
1438 3289 1476 3347 12,

207 3373 279 3440 Aug.
298 3389 378 3426 serm.
395 3377 441 3424 178
460 3388 482 3424 c.
497 3374 530 3437 7).
577 3369 745 3440 l'raeprimis
769 3375 915 3441 obligationi
937 3376 1102 3442 ehirographi
1129 3372 1171 3427 est
1193 3387 1380 3441 synonymum
1403 3369 1433 3437 ll.
1447 3376 1474 3422 11

208 3455 274 3511 eod.
295 3455 400 3510 Theod.
414 3455 473 3519 VII,
485 3462 509 3508 4.
547 3455 668 3509 Cassiod.
688 3472 744 3509 var.
764 3455 812 3509 lib.
825 3455 877 3510 XII
895 3456 975 3527 epist.
991 3461 1042 3526 20).

276 3542 307 3608 ³⁸)
327 3541 357 3594 Ιιι
376 3539 496 3608 vulgatis
514 3551 589 3608 ntqrrc
608 3544 782 3595 commissione.
813 3540 912 3596 Verius
929 3541 957 3595 in
975 3560 1038 3597 mss.
1058 3541 1154 3610 (etiam
1166 3541 1220 3607 13¹),
1237 3540 1270 3595 ul
1285 3556 1357 3611 pm
1376 3556 1407 3595 se
1424 3538 1477 3594 fert

209 3625 294 3680 etiam
311 3625 393 3694 hujus
411 3624 526 3695 capituli
543 3641 658 3691 summa,
682 3633 720 3679 oet
736 3633 912 3682 communione.
950 3627 1020 3682 Illud
1042 3626 1116 3682 enirn
1132 3628 1250 3698 propter
1266 3623 1356 3680 luco·
1372 3623 1477 3680 dictura

209 3711 259 3776 est,
276 3709 348 3764 sicut
364 3709 441 3779 prius
459 3710 576 3780 proptor
593 3709 706 3764 clericos
725 3712 767 3765 est
786 3711 936 3776 decretum,
959 3727 1007 3766 eos
1023 3711 1078 3767 loci
1095 3712 1137 3767 sui
1155 3709 1293 3782 dignitate
1311 3707 1476 3779 privandos;

209 3794 280 3850 adeo
299 3796 329 3849 ut
346 3796 459 3849 neutros
478 3793 579 3863 duplex
597 3794 645 3850 illa
662 3812 755 3865 poena
771 3795 852 3851 simul
874 3795 991 3864 afficiat,
1013 3798 1063 3852 sed
1084 3797 1228 3853 alterutra.
1270 3794 1380 3849 Deinde
1404 3798 1430 3849 θ’
1441 3796 1479 3849 ι’·

208 3899 316 3949 surgens
332 3886 447 3948 privetur
464 3885 619 3945 occlanaam‘t,
639 3883 737 3935 contra
754 3899 817 3934 mss.
838 3883 933 3949 (ctiam
952 3882 983 3936 ΒΙ
998 3882 1031 3936 E*
1043 3882 1077 3936 F²
1088 3882 1144 3951 11⁶).

278 3968 309 4033 ³³)
327 3964 364 4018 Ηο
382 3971 467 4020 decies
483 3972 558 4033 majus
574 3971 659 4020 sedem
730 3973 823 4020 nonies.
859 3970 883 4020 cl
897 3970 934 4020 c¹⁰
952 3974 1091 4038 quinquies.
1129 3971 1208 4034 (κίκι
1223 3970 1311 4019 serien
1327 3966 1382 4019 etc.

277 4051 310 4118 ⁸⁸)
328 4051 354 4103 c'
366 4066 421 4118 seq.
440 4056 558 4116 feriendo
577 4072 638 4108 eam.
680 4051 844 4105 Concinnius
861 4070 923 4109 mas.
941 4055 970 4106 ct
987 4056 1012 4106 c¹
1024 4052 1054 4106 Ιιι
1071 4057 1190 4119 feriendo
1208 4070 1248 4113 eo,
1271 4049 1393 4120 passive,
1413 4066 1477 4120 quo·

210 4133 293 4190 modo
311 4151 376 4189 mox
393 4142 534 4203 plectendis
550 4145 611 4198 reis,
629 4153 683 4190 non
702 4143 836 4205 plectendo
855 4158 921 4198 reiis,
940 4136 1092 4206 subjicitur.

278 4222 310 4288 εἴ·)
329 4219 392 4273 Non
409 4219 475 4274 satis
492 4221 588 4290 liquot,
606 4221 744 4288 quomodo
763 4221 832 4275 haec
854 4221 982 4291 componi
1004 4238 1067 4275 curn
1083 4221 1118 4277 iis
1135 4223 1252 4291 queant,
1275 4236 1350 4289 qaae
1367 4220 1478 4277 Hilarus

210 4322 286 4377 papa
304 4304 383 4375 epist.
399 4312 429 4359 15
448 4321 481 4358 cr
499 4305 612 4359 alterius
631 4306 729 4374 synodi
747 4306 888 4360 Romanae
906 4305 1044 4361 sententia
1061 4305 1186 4363 decrevit
1202 4304 1335 4360 adserms
1353 4320 1411 4372 cos,
1431 4305 1477 4374 qui

210 4389 262 4445 sibi
280 4406 449 4445 successores
466 4390 589 4457 deligere
608 4407 637 4444 sc
655 4408 734 4461 posse
751 4392 859 4461 putant.
901 4390 960 4445 Nisi
978 4393 1050 4447 forte
1068 4391 1173 4463 synodo
1197 4389 1261 4445 huie
1279 4406 1314 4445 ea
1332 4390 1478 4447 dumtaxat

210 4475 348 4545 placuerit
364 4475 528 4530 successoris
545 4477 651 4535 electio.
670 4494 740 4546 quae
759 4494 820 4531 curn
833 4476 899 4530 cleri
911 4476 1063 4547 populique
1080 4493 1213 4533 consensu
1225 4478 1301 4530 iacta
1313 4475 1406 4542 luerit,
1423 4492 1476 4545 quo

211 4562 294 4630 pacto
312 4562 483 4630 Augustinus
495 4560 634 4615 Eracliunr
651 4578 834 4617 successorem
852 4560 983 4615 instituit:
1002 4580 1088 4632 quum
1105 4561 1212 4631 synodo
1229 4560 1281 4614 sub
1295 4559 1393 4615 Hilaro
1411 4560 1476 4617 cele-

212 4647 310 4701 bratae
329 4647 491 4703 electionem
509 4646 619 4720 privato
637 4647 787 4702 decessoris
805 4645 895 4702 studio
914 4646 1017 4702 saetam
1036 4646 1206 4718 displicuisse
1224 4647 1342 4701 constet.
