3412 5664
275 310 338 379 750
703 325 732 375 e.
748 324 955 374 noenrsnnn
977 324 1092 373 rhein

145 496 180 560 (n.
192 494 261 561 515.)
268 495 395 565 patrum
417 504 477 548 non
499 491 745 560 corrumpantur,
769 490 802 544 ut
823 485 972 546 haeretici
992 486 1031 544 de
1048 485 1183 546 ecclesiis
1204 490 1452 553 removeantur:
1468 500 1564 560 proe-

274 600 320 651 ter
341 592 399 651 ista
421 591 535 664 lopatio
556 593 660 649 nostra
681 587 758 647 nihil
778 589 920 648 continet.

357 688 388 752 4.
426 687 460 752 si
482 685 614 751 dixerit:
637 690 715 749 Inde
735 695 765 748 et
787 691 831 749 ad
850 689 995 766 synodum
1019 690 1147 750 inuitaui
1164 696 1308 751 sanctum
1325 704 1467 765 popum,
1491 690 1565 749 utri

274 796 350 870 qaid
375 800 419 853 est
445 794 630 865 amhiaaum,
660 793 816 852 tolleretur
837 793 876 850 de
896 793 1012 861 medio‚·
1045 785 1308 869 respondendum
1329 790 1404 851 est:
1436 791 1564 865 Aoimtts

274 896 337 956 Deo
356 897 476 970 pretias
497 902 527 954 et
537 878 541 884 ²
545 896 657 969 pietati
677 900 803 962 vestrae,
827 895 900 968 quia
914 894 996 954 hunc
1017 910 1069 954 uos
1083 896 1228 969 affectum
1242 899 1274 954 et
1289 895 1435 953 animum
1449 893 1565 953 hahere

272 1001 492 1073 capnoscimns,
523 1003 556 1056 ut
577 1012 614 1055 ea
636 1011 715 1071 qaae
737 1012 757 1054 a
775 995 918 1070 patribus
938 997 1102 1056 constituta
1127 1003 1196 1055 sunt
1220 996 1427 1070 penerulitas
1447 1002 1564 1055 servu.-

274 1102 347 1176 puia
369 1107 440 1160 tanc
462 1115 535 1159 uera
563 1105 592 1158 et
613 1104 721 1158 sancta
749 1099 851 1157 unitas
866 1102 968 1173 potest
995 1114 1057 1157 esse
1084 1099 1164 1157 inter
1189 1099 1341 1158 ecclesius
1367 1096 1504 1170 Christi,
1539 1098 1566 1157 si

273 1197 356 1283 vos7)
373 1202 437 1261 Ileo
458 1202 628 1276 adjuvante
648 1200 716 1275 hoc,
739 1200 822 1274 qaod
842 1200 1014 1260 decessores
1027 1201 1122 1260 uestri
1134 1197 1320 1261 Marcianus
1335 1206 1369 1259 et
1382 1199 1450 1261 Leo
1467 1206 1563 1260 curta

273 1304 408 1382 dierunt,
432 1303 584 1378 eleqeritis
605 1318 667 1362 esse
687 1302 882 1362 servandum.
927 1295 961 1362 Si
982 1295 1037 1360 ille
1060 1295 1193 1361 dixerit:
1220 1301 1265 1361 Et
1286 1316 1375 1376 quae
1396 1309 1473 1363 sumt
1494 1304 1561 1375 rste,

273 1422 352 1481 puae
373 1407 473 1466 dicis?
508 1398 696 1484 respondes:
727 1405 764 1464 llt
790 1405 922 1480 synodus
945 1403 1197 1463 Calchedonemis
1222 1410 1253 1463 et
1275 1405 1436 1479 epistolae
1463 1406 1565 1465 sancti

276 1506 381 1568 Leonis
399 1523 519 1586 papae,
543 1524 621 1582 quae
642 1508 776 1581 scriptae
796 1513 866 1566 sunt
887 1512 995 1566 contra
1016 1506 1185 1565 imereticos
1207 1503 1391 1567 Nestor-itan
1413 1511 1447 1567 et
1470 1505 1562 1582 liutp-

273 1609 386 1670 chetem
409 1617 438 1669 et
458 1611 652 1682 dioscorum,
677 1609 849 1668 nullatenus
869 1613 1118 1684 corrumpantur.
1163 1600 1197 1666 Si
1218 1601 1361 1667 dixerit:
1385 1606 1455 1668 iios
1476 1622 1562 1685 sune

274 1712 343 1771 dura
360 1712 631 1773 Calchedonensem
652 1717 681 1769 el
696 1711 840 1785 epistolas
855 1725 961 1786 papae
975 1710 1084 1769 Leonis
1104 1715 1134 1768 et
1155 1711 1331 1786 recepimus
1352 1715 1385 1770 et
1407 1716 1561 1775 tenemus:

274 1829 329 1872 vos
356 1831 430 1873 mox
457 1808 581 1893 gratias
609 1806 696 1892 agite
729 1810 762 1871 et
794 1810 905 1891 pectus
937 1807 1006 1890 ejus
1033 1806 1223 1871 osculamini
1254 1805 1429 1871 dicentes:
1469 1811 1562 1871 Modo

273 1919 463 1990 cocnovtmus
486 1917 578 1975 lleun
600 1915 686 1975 nohis
706 1930 769 1974 esse
788 1916 969 1990 propritim,
999 1914 1124 1988 quondo
1141 1912 1254 1986 facere
1275 1915 1361 1975 tutio
1379 1912 1560 1986 festinatis:

273 2021 352 2092 qaia·
368 2020 426 2078 isla
447 2025 490 2078 est
509 2019 585 2090 fides
599 2017 762 2089 catholica,
787 2018 845 2075 isla
859 2023 913 2089 est,
938 2031 1030 2091 quum
1040 2018 1305 2091 praedicaverint
1320 2016 1476 2093 apostoli,
1498 2017 1561 2075 sine

272 2136 334 2193 quo
361 2121 461 2180 nullas
485 2127 582 2195 potest
607 2134 670 2179 esse
697 2118 900 2179 orthodoxus:
932 2120 992 2178 ista
1018 2119 1102 2178 dehet
1135 2118 1333 2179 sacerdotum
1365 2120 1560 2194 penerolitus

274 2229 374 2281 tenere
395 2229 425 2281 et
440 2222 655 2297 praedicando
669 2237 802 2280 souare.
842 2214 877 2280 Si
899 2214 1031 2280 dixerit:
1056 2219 1228 2281 Orthodoxi
1246 2226 1322 2281 sunt
1345 2221 1500 2297 epr'rcopi,
1523 2221 1559 2279 de

272 2324 439 2383 constitutis
455 2330 579 2399 patrata
601 2338 661 2382 non
683 2323 845 2392 recedunt:
873 2316 1062 2402 respondes:
1085 2323 1170 2398 Erpa
1190 2324 1220 2382 si
1238 2323 1417 2383 constituta
1434 2330 1556 2399 pann

271 2431 442 2498 seruantur,
467 2432 496 2485 et
517 2428 549 2485 in
570 2427 652 2484 nullo
674 2428 891 2503 corrumpitur,
915 2425 995 2500 qaod
1009 2427 1041 2485 in
1054 2432 1163 2485 sancta
1176 2424 1432 2485 calchedonensi
1442 2425 1557 2503 symm

270 2529 424 2599 firmatum
439 2534 483 2587 est
488 2546 500 2595 ,·
522 2543 603 2602 puae
615 2543 709 2587 causa
724 2535 777 2601 est,
803 2534 919 2588 tantam
934 2530 1015 2588 inter
1029 2529 1172 2587 ecclesius
1180 2527 1327 2603 partitam
1342 2529 1482 2588 drawn
1495 2542 1555 2587 esst

273 2629 466 2689 discordiae?
495 2631 549 2689 Vel
571 2645 650 2704 punc
671 2645 765 2689 causa
783 2628 876 2704 fucit,
901 2631 933 2690 in
948 2647 1008 2691 uno
1022 2630 1153 2691 Orientis
1166 2631 1330 2705 episcopos
1344 2646 1413 2691 non
1430 2645 1553 2693 ceam·

272 2732 330 2790 tire
337 2726 386 2813 ⁸)?
408 2724 442 2792 Si
457 2725 588 2790 dixerit:
613 2730 711 2802 Quieti
724 2739 813 2791 erant
823 2735 967 2811 episcopi,
982 2730 1159 2792 nominer
1173 2735 1253 2808 ipsos
1268 2732 1442 2793 decorem
1456 2748 1552 2792 oem·
1595 2812 1597 2821 Ι

271 2833 373 2893 betur:
385 2834 524 2894 decessor
534 2836 635 2894 sancti
638 2850 746 2911 papae
757 2836 873 2895 animos
883 2851 986 2895 eorum
994 2837 1091 2895 missis
1101 2836 1210 2895 litteris
1220 2835 1378 2895 excitant
1387 2836 1551 2895 etadcon
1595 2824 1597 2835 '

269 2933 419 3008 fusionem
441 2932 666 3017 sollicitand09)
676 2939 844 3012 perduxit:
865 2931 1138 3016 respondendum:
1160 2936 1306 3011 litteras,
1332 2954 1416 3013 quos
1430 2944 1552 2999 sanctu
1595 2970 1597 2981 =

270 3039 433 3098 memoriae
448 3055 536 3116 papa
555 3037 753 3116 Symmachus
774 3041 945 3113 destinauit,
967 3055 1046 3115 prae
1066 3040 1204 3100 monibus
1223 3038 1392 3110 truhemius:
1415 3042 1447 3101 si
1464 3046 1550 3101 entre

271 3138 347 3200 hoec
361 3143 550 3216 quaepietas
571 3147 671 3200 vestra
694 3142 783 3215 discit,
808 3142 863 3202 hoc
884 3148 943 3202 est:
969 3142 1311 3215 „Calchedonem
1337 3145 1549 3204 concilium

270 3258 414 3318 sequor,
438 3244 619 3319 epistolas
637 3243 909 3318 papueheonis
930 3245 1122 3318 admitto“,
1145 3240 1550 3326 cliud¹⁰)quidquomcon

271 3345 365 3404 tinent
378 3346 438 3405 nisi
450 3344 691 3405 exhortationem
706 3351 739 3404 ut
753 3346 813 3405 istc
827 3354 1001 3417 seruentur:
1023 3363 1127 3407 veruta
1142 3354 1195 3420 est,
1219 3349 1296 3422 quio
1313 3362 1380 3423 per
1393 3348 1495 3425 ipsun
1508 3352 1550 3407 est

268 3454 417 3520 penerata
438 3446 597 3519 confusio!
633 3447 673 3507 At
693 3449 722 3506 si
741 3441 799 3508 h'oc
819 3450 990 3509 continetur
1010 3451 1041 3509 in
1058 3450 1177 3524 littenssr,
1201 3449 1287 3524 quod
1299 3455 1330 3508 et
1342 3456 1443 3526 poter
1456 3456 1551 3511 nater

269 3555 374 3624 sperat
395 3557 424 3608 et
440 3551 541 3624 pietas
563 3555 663 3609 uestra
684 3553 840 3624 consentit,
866 3547 987 3632 quid¹¹)
1010 3552 1060 3611 illc
1077 3551 1166 3626 fecit,
1190 3552 1268 3628 quid
1288 3554 1321 3612 in
1344 3568 1386 3612 eo
1410 3553 1551 3613 mmet&

270 3665 333 3709 esse
358 3651 531 3726 culpabile?
580 3645 642 3710 His
670 3646 801 3730 adjicite
827 3668 939 3732 preces
966 3652 1000 3713 et
1026 3647 1184 3733 lacrymas
1210 3652 1390 3734 rogantes:
1426 3655 1551 3715 Bomint

270 3753 453 3828 imperator,
480 3753 671 3813 considerate
692 3753 802 3827 Deum,
827 3756 934 3831 ponite
960 3762 1032 3816 ante
1051 3758 1153 3817 oculos
1173 3762 1289 3817 uestros
1307 3753 1461 3828 futur-tan
1485 3758 1550 3833 ejus

263 3854 426 3928 judicium.
476 3853 584 3915 Sancti
605 3863 725 3931 patres,
760 3859 814 3931 aui
838 3859 896 3917 ista
922 3859 1157 3931 constituerunt,
1190 3859 1275 3919 beati
1299 3862 1445 3934 apostoli
1469 3858 1553 3920 sttri

267 3957 356 4028 fidem
378 3959 475 4017 secuti
493 3965 573 4032 sunt,
592 3974 764 4034 perquam
787 3959 950 4032 aedificata
971 3967 1016 4021 est
1036 3961 1174 4022 Ecclesia
1196 3960 1322 4021 Ohrt'sti.

336 4125 357 4189 ²)
375 4120 425 4175 Ed.
444 4121 595 4177 omittens
616 4123 645 4177 et
663 4127 713 4185 Et,-
730 4140 850 4191 moxque
868 4129 969 4179 aare?
991 4131 1197 4195 respondete
1215 4129 1300 4180 Deum
1316 4145 1382 4183 me
1400 4132 1473 4184 vohis
1487 4148 1550 4199 p*

266 4211 355 4274 pilium
429 4212 502 4261 ielom
519 4210 602 4262 dehet.

336 4295 357 4361 8)
376 4291 411 4345 G¹
429 4299 568 4354 sentium,
587 4291 661 4347 unde
679 4295 706 4348 αἱ
724 4303 828 4349 sentire.
852 4294 997 4350 Mellemue
1014 4297 1100 4352 antee
1117 4303 1143 4351 in
1159 4316 1241 4353 emm.

335 4380 357 4447 9)
375 4377 442 4433 bcc
458 4383 621 4433 excitandam
639 4379 668 4433 et
685 4378 773 4433 omitt.
797 4400 892 4449 popae.
928 4378 1087 4450 Symmachi
1104 4380 1255 4451 epistotam
1274 4388 1308 4439 ts
1329 4382 1383 4439 hie
1400 4381 1552 4442 memor&

268 4480 356 4533 prope
374 4462 562 4518 indubitatum
580 4464 629 4518 est.
1435 4472 1441 4481 '

337 4552 368 4617 ¹⁰)
386 4550 452 4604 bec
473 4554 545 4603 aliud
566 4555 732 4619 nequidquam
754 4556 883 4605 continent
905 4557 955 4606 nisi
971 4556 1175 4607 exhortationem
1190 4564 1218 4606 ut
1236 4558 1290 4608 isto
1306 4568 1470 4621 careum
1492 4576 1551 4629 ρ

268 4640 340 4689 nodo
358 4654 441 4689 vernn:
459 4645 497 4689 est
515 4645 562 4688 etc.
585 4635 698 4703 praeter
719 4637 842 4690 mentem
864 4635 1009 4707 archetypi
1027 4637 1056 4692 et
1072 4636 1252 4693 Hormindee:
1277 4640 1389 4709 utpote
1407 4641 1459 4713 qui
1476 4640 1552 4713 Sy·-

268 4718 408 4786 maehum,
426 4719 449 4773 si
467 4718 571 4788 scripte
588 4718 647 4788 ejus
665 4718 770 4787 aliquid
787 4721 900 4791 praeter
916 4720 1063 4792 praedicte
1080 4721 1239 4791 confident,
1257 4726 1443 4785 eonfmion'n
1459 4730 1552 4785 ιαὼ-

268 4819 327 4857 rem
345 4804 499 4858 constitisse
522 4802 561 4858 sie
581 4804 714 4874 largitur,
738 4808 769 4859 ut
790 4805 866 4859 eliud
888 4806 1041 4877 quidquem
1061 4806 1090 4861 in
1108 4808 1148 4864 ein
1166 4807 1309 4866 contineri
1329 4812 1441 4871 deinde
1458 4816 1550 4887 negti*

337 4892 368 4958 ¹¹)
386 4890 452 4945 bec
470 4894 532 4960 quid
547 4895 589 4944 iile
604 4894 686 4957 iecit?
704 4897 766 4961 quid
781 4897 845 4947 enim
862 4897 888 4947 in
905 4913 951 4953 eo:
967 4908 1087 4963 moxque
1105 4892 1194 4949 oniti
1215 4899 1302 4951 Petri.
