3450 5678
732 340 903 392 nrrsronn
926 331 977 391 30.
1423 323 1486 388 441

303 501 333 564 7.
369 497 473 575 Quum
495 497 600 561 denuo
615 495 784 578 sedissent,
809 494 956 559 Gelasius
972 493 1138 577 episeopus
1154 492 1250 556 dixit:
1273 491 1394 575 „Sedes
1411 514 1485 576 apo·
1498 516 1522 556 a.
1534 505 1592 555 495.

219 602 332 668 stoliea
363 599 508 686 quidem,
540 620 622 683 quae
652 596 780 663 Christo
812 595 951 660 Domino
985 596 1155 680 delegante
1186 594 1286 658 totins
1320 593 1485 658 Ecclesiae

218 703 337 769 retinet
358 701 586 787 principatum,
616 720 674 783 pro
700 697 940 782 dispensatione
963 718 1100 781 curaque
1122 696 1276 780 generali,
1311 717 1408 779 quam
1434 695 1485 760 vel

217 826 276 890 pro
296 803 361 867 fide
384 801 544 867 catholica
571 800 622 866 vel
648 821 707 885 pro
731 799 876 883 paternis
911 798 1087 862 canonibus
1114 797 1295 882 regulisque
1328 798 1486 881 majurum

217 905 400 972 necessaria
420 924 547 988 semper
561 901 846 986 circumspectione
861 900 1024 983 dependit,
1047 900 1207 963 Misenum
1222 902 1318 982 atque
1331 899 1483 982 Vitalem,

216 1029 296 1093 qnos
319 1009 433 1071 contra
453 1004 678 1089 Eutychianae
700 1001 905 1086 pestilentiae
927 1004 1100 1065 sectatores
1128 1001 1178 1064 vel
1203 1004 1315 1065 eontra
1337 1023 1401 1084 eos,
1430 1004 1485 1087 qui

215 1108 333 1174 talium
354 1128 390 1171 se
412 1106 635 1171 communione
657 1103 849 1188 polluerant,
873 1124 949 1167 suae
971 1103 1141 1187 potestatis
1161 1102 1324 1187 legatione
1339 1103 1485 1168 suffultos

217 1211 258 1273 ad
280 1208 447 1274 Orientem
468 1208 588 1272 dudum
615 1206 674 1271 sub
696 1209 828 1269 sanctae
855 1206 1028 1269 memoriae
1049 1205 1213 1269 decessore
1239 1225 1310 1268 meo
1339 1205 1484 1289 praesule

216 1310 407 1392 destinarat,
435 1310 518 1393 quod
547 1302 726 1394 apostolica
750 1311 923 1390 praecepta
945 1307 1144 1371 declinantes
1167 1306 1310 1390 quolibet
1335 1301 1485 1371 modo‘in

217 1433 337 1494 eorum,
366 1412 535 1476 adversum
556 1432 635 1495 quos
664 1410 754 1474 missi
782 1409 924 1490 fuerant,
954 1409 1116 1472 consortia
1143 1407 1348 1490 recidissent,
1384 1408 1484 1492 gestis

216 1513 424 1597 synodalibus
446 1534 553 1577 rerum
574 1512 771 1576 discussione
792 1510 968 1594 patefacta,
993 1509 1215 1574 communione
1236 1510 1359 1593 pariter
1376 1515 1409 1575 et
1430 1510 1485 1574 ho·

215 1636 295 1681 nore
320 1615 437 1679 merito
460 1614 596 1698 jureque
623 1612 793 1677 submovit.
838 1612 960 1688 Quibus
986 1615 1097 1675 tamen
1119 1610 1355 1675 misericordiae
1380 1612 1486 1677 locum

215 1738 338 1781 memor
364 1736 522 1800 supernae
550 1715 682 1800 pietatis
710 1736 768 1798 pro
796 1735 852 1778 suo
880 1713 1098 1777 moderamine
1124 1714 1315 1795 reservavit,
1350 1717 1383 1778 et
1410 1714 1485 1778 dum

214 1817 435 1882 conditionem
456 1816 565 1900 posuit
584 1815 728 1898 ultionis,
758 1837 847 1900 spem
873 1815 977 1879 noluit
998 1815 1237 1898 propitiationis
1259 1815 1396 1901 abscidi:
1425 1817 1485 1881 sic·

214 1941 278 2003 que
299 1941 391 1983 suam
419 1918 614 1983 sententiam
640 1917 847 2001 temperavit,
875 1920 913 1980 ut
938 1918 1072 1980 istorum
1101 1916 1227 1980 veniam
1257 1939 1335 1992 cum¹
1358 1918 1485 1982 illorum

214 2021 329 2084 mallet
355 2019 459 2084 salute
487 2021 666 2103 provenire,
691 2040 825 2103 quorum
850 2018 982 2082 fuerant
1008 2018 1257 2102 participatione
1279 2019 1416 2103 decepti,
1446 2041 1486 2084 ac
1572 2102 1574 2107 Α

215 2123 325 2206 potius
346 2121 540 2206 praeberent
559 2121 615 2204 eis,
639 2121 765 2207 qu0s¹⁵)
788 2142 845 2184 suo
859 2121 1068 2184 firmaverant
1082 2120 1117 2183 in
1132 2121 1292 2203 pravitate
1315 2127 1499 2204 consensu,'

215 2226 251 2288 et
264 2221 426 2287 salubrem
441 2223 699 2307 correptionis¹⁶)
715 2226 836 2287 metum
851 2225 884 2285 et
906 2221 1138 2285 emendationis
1160 2221 1336 2287 imitandae
1359 2245 1485 2287 consor-

215 2324 309 2389 tium.
354 2323 501 2408 Denique
528 2325 575 2388 sie
602 2324 674 2408 ipsa
700 2323 986 2389 animadversionis
1008 2323 1106 2387 verba
1127 2323 1246 2387 librata
1272 2329 1358 2407 sunt,
1388 2329 1425 2389 ut
1451 2347 1485 2390 se

215 2425 267 2490 illi
287 2428 322 2489 et
344 2447 416 2490 cum
437 2426 509 2489 istis
531 2426 694 2509 perculsos
717 2425 931 2509 adverterent,
960 2429 993 2489 et
1022 2447 1060 2489 ex
1083 2446 1191 2489 eorum
1215 2426 1397 2491 conditione
1418 2448 1485 2491 non

216 2526 402 2591 diffiderent
424 2547 517 2611 posse
539 2526 667 2591 salvari.
701 2527 741 2591 In
763 2548 824 2611 quo
846 2527 956 2611 utique
979 2527 1082 2591 ethis
1105 2549 1171 2591 non
1194 2531 1244 2591 est
1264 2528 1418 2592 intutum
1432 2529 1484 2593 via

216 2628 385 2713 praeclusa
412 2628 587 2711 remeandi,
619 2632 651 2692 et
673 2628 747 2712 illis,
777 2629 804 2692 si
826 2628 970 2711 mallent,
999 2650 1057 2712 per
1079 2629 1157 2692 istos
1180 2633 1229 2693 est
1251 2630 1359 2719 oblata
1383 2651 1484 2694 corre·

217 2731 292 2813 ctio,
321 2729 524 2815 studiumque
545 2735 741 2815 porrectum,
771 2752 832 2815 quo
854 2733 981 2813 possint
1001 2730 1131 2794 meliore
1154 2735 1272 2795 conatu
1294 2733 1484 2814 praeteritos

217 2852 424 2916 compensare
446 2832 625 2916 prolapsus,
648 2833 675 2896 si
696 2833 849 2914 favorem,
873 2853 967 2916 quem
990 2832 1298 2915 praevaricatoribus
1320 2831 1409 2895 facili
1431 2854 1484 2897 vo-

215 2933 344 2998 luntate
367 2933 560 3011 detulerunt,
590 2934 626 2997 in
639 2933 907 2998 'reformationem
936 2931 1165 2996 catholicorum
1193 2933 1298 3017 potius
1321 2937 1484 2998 converte·

216 3038 291 3099 rent
311 3035 512 3099 sacerdotum
522 3035 571 3121 11).

301 3136 332 3201 8.
377 3134 509 3201 Dictum
531 3141 581 3201 est
603 3136 699 3218 enim,
729 3142 845 3200 tamdiu
867 3142 938 3200 istos
955 3140 1029 3212 sore
1049 3156 1216 3215 supensos,
1242 3142 1338 3201 donec
1360 3149 1485 3202 auctore

216 3243 281 3301 Deo
308 3249 339 3302 et
366 3243 478 3303 adnisu
506 3245 725 3304 catholicorum
748 3245 925 3318 principum
955 3245 1001 3302 vel
1022 3244 1134 3317 populi
1164 3243 1331 3302 Christiani
1351 3245 1484 3304 Alexan·

217 3345 311 3403 duaa
332 3345 512 3405 catholicum
522 3341 560 3424 ¹⁸)
575 3346 761 3406 sacerdotem
776 3347 937 3420 recepisset
951 3346 1087 3405 ecclesie.
1112 3338 1346 3403 Gratulandum
1362 3339 1485 3405 scilicet

219 3439 410 3524 crederetur,
434 3426 523 3505 nullo
544 3441 637 3506 modo
653 3441 792 3506 Graecos
815 3463 881 3506 non
902 3463 995 3525 posse
1010 3461 1153 3524 renuere,
1178 3440 1261 3525 quod
1282 3441 1429 3508 viderent
1443 3443 1484 3507 ab

286 3697 316 3763 ¹⁵)
335 3695 380 3749 Ita
397 3692 431 3749 (Ξί
444 3695 493 3761 N⁸3
511 3698 539 3749 a¹
558 3715 621 3765 quos
631 3715 704 3753 suos:
721 3695 797 3749 missi
810 3712 839 3750 re
850 3695 913 3764 ipsa
924 3695 1035 3750 fuerant
1046 3693 1146 3748 Vitalis
1159 3696 1187 3748 et
1198 3694 1333 3763 Misenus,
1351 3698 1382 3750 ut
1394 3700 1424 3751 et
1434 3698 1484 3752 Pe·

216 3781 292 3833 trum
308 3779 479 3834 Alexandria
496 3779 642 3849 ejicerent,
660 3781 690 3833 et
701 3780 832 3834 Acacium
849 3780 886 3834 ad
903 3779 1050 3834 dicendam
1063 3795 1173 3833 causam
1185 3778 1214 3832 in
1226 3780 1330 3834 Urbem
1342 3785 1482 3838 vocarent.

216 3863 293 3918 Nihil
311 3879 376 3917 vero
394 3863 471 3918 aliud
488 3863 651 3929 effecerunt,
674 3864 727 3917 nisi
749 3867 780 3918 nt
797 3864 825 3916 in
842 3864 982 3934 pravitate
1001 3881 1052 3917 sua
1069 3867 1217 3933 utrumque
1235 3865 1391 3919 firmarent:
1413 3867 1484 3921 adeo

217 3951 250 4002 nt
265 3948 343 4002 Petri
359 3947 542 4003 Alexandrini
558 3964 672 4015 nomen,
696 3948 771 4016 qnod
789 3949 873 4003 antea
891 3948 961 4003 elam
984 3947 1013 4000 in
1030 3947 1116 4001 saeris
1135 3947 1273 4017 diptychis
1292 3949 1484 4006 Constantino·
1500 4001 1504 4007 .

215 4032 275 4102 poli
297 4031 481 4099 recitabatur,
506 4036 572 4102 post
593 4049 689 4087 eorum
711 4034 861 4087 adventum
887 4033 981 4102 palam
1007 4031 1174 4101 publiceque
1200 4032 1312 4087 recitari
1339 4035 1482 4105 coepisset.

153 4154 160 4160 -
215 4115 288 4170 Hine
304 4118 334 4170 et
351 4115 380 4170 in
397 4133 521 4172 errorem
537 4117 644 4171 inducti
662 4117 764 4185 quique
777 4116 958 4187 simpliciores
971 4115 1177 4185 divulgantibus
1194 4117 1353 4185 haereticis,
1372 4121 1404 4173 ut
1415 4120 1484 4174 Eva·

214 4200 293 4270 grino
310 4201 440 4267 helil,
458 4208 492 4257 20
503 4205 533 4256 st
544 4208 575 4256 21
594 4202 694 4268 tradit,
717 4201 831 4257 Petrum
849 4220 867 4256 a
883 4200 1094 4271 Romanasede
1111 4201 1141 4254 in
1159 4202 1382 4257 communionem
1399 4203 1483 4259 lineae

213 4287 390 4354 susceptam.-

284 4372 316 4438 ¹⁸)
335 4375 512 4441 &nepum
530 4369 711 4436 correximus,
731 4370 806 4438 qnod
824 4374 882 4425 fere
900 4385 1045 4439 sempera
1063 4369 1203 4424 veteribus
1219 4370 1341 4425 librariis
1354 4389 1416 4424 cum
1427 4391 1483 4426 eor·

214 4460 330 4510 rectione
342 4454 498 4524 promiscue
510 4457 643 4509 mutatur.
673 4455 793 4523 Moxque
811 4455 848 4508 Nl
858 4475 996 4524 percussor
1007 4460 1172 4509 adverterent
1184 4476 1219 4509 ex
1231 4476 1323 4517 eorum,
1342 4457 1371 4509 et
1383 4454 1483 4509 deinde

214 4539 252 4593 (³¹
270 4551 330 4593 ante
347 4558 460 4606 pensare
475 4546 623 4610 prolapsae.

286 4625 316 4690 ¹⁷)
334 4623 393 4677 Hoc
411 4625 466 4677 est:
484 4624 521 4678 ad
538 4623 568 4678 id
584 4624 677 4695 potius
696 4627 902 4691 converterent,
922 4627 952 4678 ut
970 4624 1093 4694 episcopi
1111 4624 1252 4690 catholici,
1271 4624 1318 4692 qui
1331 4623 1414 4693 ejecti
1425 4625 1483 4679 fue·

213 4710 294 4773 rant,
311 4706 424 4762 sedibus
441 4708 497 4762 suis
515 4708 705 4764 redderentur.

286 4795 316 4859 18)
333 4792 372 4846 N⁸
383 4795 410 4846 θ’
426 4798 551 4849 οιίΙιοΙὶσο
567 4800 704 4849 εαοενάοιε
722 4801 848 4864 coepisset
867 4800 984 4850 Ecclesia
999 4801 1128 4864 president
1144 4806 1171 4848 at
1188 4800 1293 4850 scilieet.
1325 4794 1359 4849 G'
1373 4796 1400 4848 a'
1414 4794 1432 4847 b
1445 4795 1483 4848 0¹⁰

212 4882 363 4931 catholiam
378 4884 539 4933 sacertotem
556 4885 697 4948 recepisset
714 4884 841 4936 Ecclesia.
879 4886 1061 4938 &eamden
1077 4885 1174 4934 scilicet
1192 4881 1243 4938 ete.
