3450 5678
115 300 141 337 a.
151 287 210 337 «183.

101 1165 200 1219 Mati-h.

82 1240 210 1300 ‘tultus

223 106 287 170 224
678 118 705 164 s.
722 116 859 165 runicis
875 117 901 164 11
924 115 1038 163 erese

223 274 358 359 ternisss)
381 278 414 337 te
436 273 577 354 vocibuS,
606 276 643 335 ut
664 293 792 335 sitorum
815 270 1023 355 praecipuum
1045 268 1193 352 filiorum,
1218 268 1411 354 compellere
1432 290 1501 334 non

224 377 373 441 desinens
396 379 473 438 ante
496 374 721 440 eorrfidentiam
743 378 818 437 tuae
840 372 971 457 pietatis
993 371 1167 436 exclamat:
1189 376 1393 450 „annectere
1409 378 1501 450 prin-

224 500 304 558 ceps,
337 501 393 542 car
414 500 461 541 rue
483 498 503 540 a
525 484 645 542 utriculo
667 484 814 548 cantatis,
838 497 898 555 qao
920 480 1059 539 Ecclesia
1077 481 1257 540 aniversalis
1278 478 1500 553 adstffnaitur,

221 588 371 661 permittis
392 586 506 643 letoldi?
551 584 613 643 Car
635 588 664 644 in
687 600 733 643 me
755 587 870 659 rumpis
892 585 981 642 latias
1004 581 1083 642 orbis
1104 598 1255 642 assensum
1263 583 1302 641 ?⁴‘

308 683 338 747 3.
371 682 494 757 Quaeso
516 686 559 764 to,
583 680 628 744 fili
651 680 803 765 piissime,
828 702 868 743 ne
890 679 1068 764 tunicam⁹j
1091 678 1231 762 Domini,
1256 700 1338 763 quae
1361 677 1504 763 desuper

226 789 375 849 contexta
398 806 456 868 per
476 787 580 847 totum
602 783 636 846 iu
659 805 758 846 unum
780 804 904 866 eorpus,
929 784 1041 845 saneto
1056 780 1178 866 Spiritu
1191 781 1309 866 ubique
1323 780 1502 866 dirigente,

224 886 420 950 individuam
443 886 510 967 ferre
532 884 651 950 siluisti
673 884 825 973 figurarit
847 882 1036 965 Ecclesiam,
1066 883 1147 977 ulla,
1160 882 1295 967 patiaris
1317 882 1412 947 sorde
1436 883 1503 947 vio

225 989 300 1070 lari;
327 1010 408 1051 neve
437 988 527 1071 cujus
553 987 639 1051 inter
667 987 764 1071 ipsae,
794 987 849 1071 qui
878 985 1104 1050 criieifixerunt
1130 984 1346 1067 Salvatorem,
1377 984 1504 1049 mansit

225 1090 397 1174 integritas
404 1141 412 1171 ,
442 1091 505 1154 tuis
534 1090 680 1152 videatur
713 1087 911 1171 temporibus
939 1109 1006 1151 csse
1035 1087 1176 1151 discissa.
1220 1084 1337 1151 Nonne
1371 1108 1448 1151 mea
1461 1088 1503 1173 ¹⁹)

224 1193 301 1256 fides
325 1196 384 1273 est,
413 1214 510 1276 quam
538 1191 638 1254 solam
661 1213 729 1254 esse
756 1212 864 1253 veram
887 1194 920 1254 et
947 1189 1037 1254 nulla
1065 1189 1259 1254 adversitate
1281 1188 1503 1273 superandam

225 1295 382 1359 Dominus
415 1295 483 1378 ipse
511 1292 717 1375 nionstravit,
753 1292 808 1376 qui
837 1291 1001 1356 Ecclesiae
1029 1314 1104 1355 suae
1132 1293 1166 1356 in
1194 1313 1265 1356 mea
1296 1292 1503 1357 confessione

225 1397 408 1462 t'mulandnc
431 1400 540 1480 portas
563 1395 658 1459 inferi
681 1416 843 1477 nunquam
864 1392 1097 1478 praevalituras
1118 1415 1187 1457 esse
1202 1392 1375 1478 promisit?
1408 1392 1503 1459 Haec

226 1505 258 1564 te
281 1504 430 1563 renatum
454 1498 492 1561 ad
516 1498 639 1581 regiam
668 1496 798 1559 sustulit
820 1496 1023 1579 dignitatem,
1054 1500 1150 1579 atque
1172 1496 1214 1559 ab
1235 1496 1305 1581 ejus
1327 1496 1516 1581 impugna-

225 1602 348 1666 toribus
371 1603 530 1685 potestate
559 1600 689 1663 detrusa
717 1597 921 1683 praevalendi
949 1597 1009 1661 tibi
1032 1598 1136 1662 denuo
1158 1599 1243 1662 viam
1264 1600 1301 1662 in
1322 1597 1427 1682 ipsius
1450 1597 1513 1664 de·

226 1705 371 1768 tensione
394 1702 557 1786 patefecit.

309 1806 340 1868 4.
385 1802 515 1885 Verum,
545 1825 672 1887 quaeso,
702 1824 844 1887 propone
867 1803 964 1867 etiam
986 1802 1132 1886 exempla
1153 1805 1330 1887 gestomm,
1360 1808 1395 1868 et
1416 1805 1507 1869 hane

227 1908 329 1971 vicem
352 1905 431 1968 meis
454 1905 592 1988 repende
616 1905 788 1987 beneficiis,
816 1908 852 1967 nt
875 1927 956 1988 quae
978 1926 1036 1989 per
1058 1926 1164 1969 rerum
1186 1905 1335 1969 examina
1357 1926 1505 1991 compro-

229 2008 323 2087 basti,
348 2010 379 2070 et
403 2007 581 2090 periculosa
604 2029 796 2091 praecaveas
819 2012 851 2070 et
874 2006 1014 2070 subsidia
1035 2007 1289 2093 recuperataefl')
1311 2030 1331 2071 a
1346 2010 1381 2072 te
1395 2007 1498 2093 digni·

226 2111 303 2173 tatis
332 2110 471 2172 affectes.
516 2107 616 2195 ΜΘΗ)
640 2131 728 2191 crgo,
758 2131 851 2193 quem
874 2107 961 2172 Deus
990 2130 1058 2171 csse
1085 2108 1187 2173 volun
1208 2109 1394 2192 praedictae
1417 2108 1497 2175 aedis

293 2300 314 2363 Β)
333 2297 376 2349 ua
394 2295 565 2348 restituimus
582 2295 671 2348 locum
692 2297 874 2364 ‹lepruvatum
888 2311 928 2348 ex
945 2295 977 2348 Ε1
991 2295 1036 2358 Ε’;
1056 2295 1100 2348 cui
1117 2296 1212 2350 favent
1228 2295 1261 2349 Iit
1273 2294 1311 2349 H*
1322 2307 1440 2351 materne
1456 2294 1496 2365 (1¹¹

225 2386 316 2445 inerter)
334 2388 382 2433 iate
400 2383 499 2433 vocans
518 2383 584 2444 otc,
603 2380 632 2431 ct
649 2379 709 2437 illu.
728 2397 800 2446 eluisse
818 2380 846 2432 in
865 2380 984 2449 epistola
1002 2379 1063 2447 jam
1081 2379 1191 2433 saeculo
1209 2378 1247 2433 Vl
1265 2381 1413 2451 supposita
1431 2380 1498 2437 reti·

226 2468 264 2521 cis
277 2466 313 2520 ad
325 2465 462 2519 Zenonem
481 2468 612 2531 (Conuenit
624 2471 781 2521 clenentiam
800 2464 835 2518 ad
853 2465 935 2533 hujus
948 2464 1156 2518 similitudinem
1169 2481 1299 2534 expressa
1311 2468 1390 2519 stante
1407 2478 1498 2521 cenete

226 2558 276 2606 Dei
293 2555 409 2605 Ecclesia
431 2556 552 2603 rantes-uis
570 2560 595 2602 te
613 2553 712 2603 cocibrar
734 2559 821 2617 utpote
840 2557 1003 2603 excellentem
1022 2555 1102 2617 ipsius
1116 2556 1193 2617 lilium
1211 2556 1307 2620 alloqui
1330 2570 1380 2605 nou
1399 2562 1500 2607 cesset:

225 2660 240 2691 o
258 2658 275 2690 a
292 2640 393 2690 Cirrata
411 2647 493 2687 amate
511 2641 662 2703 insperatae,
681 2654 751 2687 meae
769 2638 968 2688 venerabilitatis
985 2639 1119 2696 oiucniurn,
1138 2641 1164 2687 in
1182 2655 1231 2704 quo
1248 2640 1421 2691 rauitiludines
1435 2642 1499 2705 fiete·

225 2729 282 2775 liam
300 2725 562 2787 circunrstrinpantnr,
586 2726 689 2773 dissolui
707 2740 755 2773 uon
777 2727 917 2786 permittas.
938 2718 1034 2772 (Hasd.
1056 2718 1116 2771 coll.
1137 2734 1211 2772 conc.
1231 2719 1269 2786 ll,
1288 2724 1358 2789 827).
1396 2720 1454 2777 Sed
1471 2724 1502 2779 et

226 2807 418 2875 epist.15n.l
437 2803 513 2857 Felix
532 2804 670 2858 Zenonem
689 2802 829 2858 Ecclesiae
847 2809 1011 2871 praecipium
1026 2810 1110 2870 filiium,
1130 2802 1209 2873 epist.
1219 2810 1249 2858 l‘l
1267 2811 1314 2859 nil
1330 2813 1502 2876 praecipu

225 2912 316 2945 sacrae
329 2895 459 2957 relipianr's
467 2895 544 2955 filiurn
558 2891 585 2942 ei
597 2889 671 2943 insta
679 2906 705 2941 n.
716 2896 746 2943 10
760 2890 871 2943 Petrum
884 2895 998 2943 terrereris
1008 2895 1172 2957 praeeipuam
1185 2888 1319 2945 nominat.
1339 2876 1502 2949 Secttndum

226 2977 294 3029 haee
312 2975 398 3044 igitur
410 2974 470 3027 loeo
482 2979 630 3041 praecipue,
649 2974 724 3041 quod
740 2973 768 3026 in
781 2992 855 3040 iuss,
875 2973 983 3027 restitui
993 2980 1165 3042 praeeipnan,
1185 2973 1256 3028 sicut
1263 2973 1326 3043 jam
1338 2974 1372 3028 El
1385 2975 1415 3029 in
1428 2994 1505 3033 mar·

226 3061 290 3129 gine
309 3059 429 3113 secunda
447 3076 531 3111 mauu
542 3063 682 3126 principem
695 3058 851 3129 adscripsit.
878 3059 957 3112 Prius
970 3057 1048 3111 editi:
1067 3068 1182 3112 matema
1199 3065 1279 3113 instat
1290 3062 1393 3115 coelius
1405 3074 1433 3117 et
1443 3082 1506 3119 Μ·

226 3166 278 3197 cnm
296 3151 435 3212 praecipue
450 3149 559 3209 filiorum
578 3149 729 3210 compellare
748 3165 796 3197 nou
816 3150 934 3197 desinens
951 3149 1127 3209 confidentiam
1146 3181 1168 3196 ..
1187 3165 1203 3196 a
1221 3150 1347 3200 curriculo
1367 3151 1505 3207 conatu.

292 3234 313 3295 ⁹)
332 3228 375 3281 lia
392 3228 424 3280 ΕΙ
444 3227 477 3281 Ε*
490 3227 523 3280 F²
534 3228 584 3291 11⁴³,
608 3227 660 3280 nin
683 3229 757 3295 qnod
779 3229 811 3281 E¹
826 3228 859 3282 B'
878 3234 1024 3296 redipenle,
1048 3227 1084 3281 pp
1103 3241 1219 3297 repente,
1238 3231 1267 3282 et
1284 3228 1319 3281 Β*
1336 3246 1392 3284 aee.
1413 3248 1506 3287 manu

226 3331 288 3366 cum
306 3311 388 3366 editis
405 3324 483 3366 sorte.
520 3312 606 3365 Editi:
627 3318 710 3366 tunica
730 3318 829 3366 Deretini
847 3319 957 3381 ‹iesupcr
977 3355 995 3365 ..
1017 3323 1106 3375 tolum,
1124 3334 1173 3382 qua
1191 3318 1217 3366 in
1235 3334 1307 3368 anan
1320 3356 1341 3373 ..
1354 3327 1468 3385 repente
1481 3360 1507 3373 ..

225 3410 295 3453 sorte
368 3402 521 3466 ternporilras
539 3417 594 3450 esse
613 3402 702 3451 divisa.

295 3486 325 3549 ¹⁰)
344 3483 387 3536 lta
404 3482 435 3535 ΕΙ
449 3482 483 3535 E²
501 3484 529 3536 ct
548 3481 622 3536 editi.
660 3481 694 3533 13²
712 3499 765 3537 sec.
786 3481 869 3535 maim
888 3482 1009 3536 correxit
1027 3504 1087 3537 uera
1101 3488 1168 3549 ficies
1240 3505 1302 3539 vera
1319 3490 1505 3552 consessione.

224 3568 299 3623 Editi
317 3576 395 3623 solam
413 3589 469 3622 esse
488 3588 559 3620 aaran
621 3571 746 3634 liendutae
806 3579 934 3636 potestate
952 3578 1060 3622 extrusa
1079 3566 1120 3635 (ΕΙ
1141 3573 1258 3635 detruso,
1277 3568 1312 3622 E*
1329 3574 1451 3633 detrusa,
1471 3572 1510 3629 F!

224 3656 361 3719 desirata).

292 3739 323 3805 ¹³)
342 3737 375 3790 1³²
387 3738 423 3790 H*
442 3743 477 3791 acl
493 3749 529 3797 tc.
548 3736 580 3790 tl*
596 3737 628 3790 a*
646 3752 758 3806 prorsus
771 3736 911 3791 omit-tunt.
942 3736 973 3791 B*
994 3736 1122 3791 secundis
1141 3738 1213 3792 euris
1225 3751 1401 3809 recuperatae
1413 3748 1507 3815 diput-

226 3828 286 3876 lalis
304 3828 412 3891 affectas
430 3842 554 3891 apparas.

295 3910 324 3971 ¹²)
344 3908 386 3961 lta
400 3908 492 3963 locum
510 3907 748 3977 corruptissimum
766 3924 819 3978 ope
837 3908 869 3961 ΕΙ
882 3909 917 3961 E³
929 3909 962 3963 F²
981 3909 1163 3977 restituimus,
1180 3909 1229 3979 qui
1246 3928 1310 3965 eum
1321 3909 1364 3966 ita
1375 3910 1507 3973 habent:

225 3996 270 4045 ile
289 3990 330 4055 aa
344 3991 379 4045 F*
397 3998 464 4069 Ilpc)
483 4013 544 4059 erpo
562 4013 609 4062 pne
628 3993 659 4046 cli
679 4012 737 4047 esse
754 3999 831 4047 naluit
848 4000 1000 4062 praedictae
1017 4002 1087 4051 seclis
1105 4002 1241 4051 antistitem
1258 4002 1298 4050 rel
1317 4016 1370 4065 pra
1387 4004 1439 4053 enei
1457 4000 1505 4069 (ΕΙ

225 4076 259 4132 F*
275 4083 345 4135 neeis)
364 4083 462 4131 acclinis
480 4082 602 4147 puerilitate
621 4077 664 4130 iF²
683 4082 840 4148 puerilitatem)
858 4085 896 4133 uel
912 4100 961 4148 pra
981 4092 1020 4135 tue
1037 4087 1183 4136 secaraatie
1200 4080 1245 4147 OE¹
1261 4087 1301 4134 ael
1316 4090 1360 4135 tue
1372 4090 1506 4143 securint-

224 4165 296 4215 talisi
314 4167 406 4216 intuita
422 4161 465 4228 (Ρ
484 4167 606 4217 intuitnrni
624 4168 800 4229 hccjceseernorli
815 4170 873 4218 icleo
892 4163 936 4231 [ΕΙ
955 4169 1114 4231 ισιιεςεηιοάἰ
1123 4171 1147 4221 si
1158 4172 1203 4233 clo)
1219 4170 1362 4235 promenda
1379 4166 1428 4235 (ΙΝ
1435 4190 1495 4241 m

223 4253 346 4308 mendax,
366 4245 400 4299 Ε2
417 4264 470 4300 aec.
491 4264 574 4300 maim
593 4247 714 4301 correxit
728 4268 778 4316 pro
796 4254 896 4303 meritoi
960 4260 986 4301 nt
1005 4270 1054 4303 non
1071 4260 1121 4303 tam
1138 4249 1182 4315 (Επ
1193 4248 1227 4303 1³²
1243 4254 1281 4317 tu)
1299 4270 1350 4319 pec
1425 4274 1505 4325 qm

225 4332 269 4399 (F2
287 4352 346 4402 que,
364 4332 399 4385 E‘
417 4349 482 4386 rasa
498 4332 608 4399 lacunar
628 4340 783 4401 praecientia.
819 4332 906 4388 Editi:
926 4338 1000 4387 Ilaec
1018 4354 1094 4404 rapa.
1118 4356 1184 4405 qaae
1201 4340 1271 4390 dieta
1288 4338 1360 4390 Deae
1378 4356 1439 4394 me
1458 4360 1504 4397 ee·

224 4424 269 4470 luit
286 4439 335 4486 per
353 4423 437 4471 dictae
455 4423 523 4473 sedis
541 4425 677 4472 antistitem
696 4425 735 4473 nel
749 4439 800 4488 per
817 4426 865 4473 rnei
881 4424 979 4473 aretinis
995 4426 1147 4487 parcitatem
1167 4426 1210 4490 qui
1228 4432 1285 4474 neae
1296 4427 1451 4478 securitatis
1463 4430 1505 4481 in·

223 4508 287 4555 initu
361 4508 478 4556 vicariurn
495 4508 543 4555 secl
558 4512 703 4570 praesentis
765 4508 830 4558 absit
849 4524 898 4557 non
916 4509 1039 4573 inpretas.
1070 4496 1221 4574 sequentia
1238 4505 1284 4569 1¹2²,
1304 4521 1388 4561 erasa
1400 4510 1505 4565 nonin

225 4586 355 4651 tectiore,
374 4587 415 4641 ita
432 4586 562 4641 correxit:
582 4594 658 4642 altien
677 4593 791 4643 renueret
810 4593 859 4642 dia.
879 4609 930 4643 reu.
951 4595 1065 4644 err-dinem
1082 4603 1108 4644 et
1126 4594 1191 4645 iren.
1208 4594 1282 4644 eond-
1300 4597 1418 4660 aepiriee
1430 4600 1506 4665 quod

224 4676 289 4724 cetra
307 4694 323 4724 a
342 4685 385 4725 lua
402 4684 482 4728 ruente
499 4684 525 4726 at
545 4679 666 4742 inpretas.
