3412 5664
542 341 736 391 aristonem
761 330 906 388 13—15.
1297 322 1358 386 723

84 498 203 585 prioris
223 497 343 563 decreti
365 498 457 583 vigor
474 497 627 581 temporis
649 494 862 560 diuturnitate
877 492 1063 578 vergatur³)
1086 494 1121 558 in
1143 493 1279 575 senium,
1303 514 1357 567 ne·
1370 507 1463 555 asts.

85 602 261 666 cessarium
283 599 429 665 duximus
451 599 526 663 olim
549 598 762 683 promulgatis
784 597 888 661 lucem
909 596 1040 659 reddere
1055 596 1175 660 nostris
1195 596 1356 661 affatibus.

170 703 202 767 2.
229 701 353 767 Idcirco
373 702 639 787 quemadmodum
654 701 800 765 decessor
816 702 925 763 noster
937 697 1001 762 Leo
1016 720 1100 782 papa
1116 697 1235 762 dudum
1251 698 1360 782 cogni·

84 807 130 872 tis
152 804 401 889 allegationibus
423 804 564 888 partium
587 802 743 884 delinivit,
766 801 993 885 parochiarum
1008 822 1176 863 numerum
1193 799 1244 863 vel
1259 822 1359 884 quau·

84 908 215 973 titatem
237 906 421 971 Arelatensi
445 909 478 969 et
500 904 678 970 Viennensi
701 903 919 968 sacerdotibus
941 902 1210 987 deputandum⁴),
1241 903 1274 965 et
1300 925 1359 967 nos

85 1009 300 1095 praecipimus
314 1008 434 1072 nullius
449 1009 657 1091 usurpatione
673 1006 874 1070 transcendi:
897 1005 952 1068 sed
974 1007 1010 1068 ut
1032 1008 1108 1067 aute
1132 1003 1358 1088 praediximus,

81 1113 179 1196 juxta
210 1110 456 1195 indulgentiam·
482 1109 658 1194 supradicti
692 1108 853 1194 pontificis
886 1106 1087 1189 Valentiam,
1122 1105 1359 1189 'l'arantasian1,

86 1212 252 1278 Genea-am
280 1216 376 1297 atque
400 1211 657 1296 Gratianopolim
683 1211 801 1295 oppida
823 1209 1018 1274 Viennensis
1047 1208 1184 1272 antistes
1207 1207 1274 1291 jun'
1298 1230 1360 1273 suo

86 1314 244 1398 vindicet3
277 1313 531 1398 necquidquam
562 1313 698 1397 amplias
727 1312 767 1376 ab
795 1311 864 1395 his,
895 1332 977 1395 quae
1000 1309 1095 1374 semel
1121 1310 1161 1373 ab
1184 1310 1361 1394 apostolica

85 1417 149 1481 sibi
171 1416 246 1481 sede
268 1437 420 1480 concessa
442 1418 533 1499 sunt,
564 1415 713 1479 aestimet
734 1413 1011 1498 praesumendum.
1057 1411 1148 1475 illias
1171 1434 1246 1476 vero
1268 1434 1359 1497 paro-

87 1518 179 1584 chias
205 1519 256 1583 vel
285 1518 445 1582 dioeceses
473 1520 606 1581 cunetas
634 1516 803 1602 privilegio
836 1519 869 1580 ct
891 1514 1042 1591 honoria
1075 1536 1132 1577 suo
1159 1515 1360 1579 Arelatensis

87 1620 258 1705 episcopus
285 1620 345 1683 sub
371 1622 552 1703 temporum
580 1619 823 1683 continuatione
851 1617 1014 1681 defendat.
1064 1615 1167 1699 llacss)
1198 1618 1285 1681 enim
1307 1618 1361 1682 ob-

86 1723 270 1787 servatione
292 1724 326 1786 et
345 1722 517 1785 vetustatis
539 1721 719 1786 reverentia
742 1721 928 1803 custoditur,
959 1718 1150 1803 etamplius
1173 1720 1212 1783 de
1233 1719 1360 1785 humili-

87 1827 160 1888 tate
181 1823 285 1909 gloria
307 1823 515 1888 sacerdotalis
538 1822 707 1887 attollitur.

173 1926 205 1991 3.
242 1924 392 2008 Proinde,
415 1925 533 1990 fratres
556 1925 729 2008 carissimi,
755 1925 875 2009 singuli
897 1923 1028 1989 honoris
1051 1927 1098 1988 sui
1123 1924 1189 1990 siut
1211 1926 1360 1990 distribu-

85 2028 177 2091 tione
205 2028 365 2109 contenti,
400 2050 461 2092 neo
494 2049 552 2112 per
586 2027 762 2093 saecularia
795 2028 976 2112 patrocinia
1007 2050 1067 2091 nec
1099 2048 1156 2111 per
1190 2027 1361 2113 cujuslibet

86 2128 304 2195 excusationis
342 2130 510 2195 obtentum
545 2130 660 2194 illicita
701 2130 961 2215 praesumptione
997 2128 1151 2193 terminos
1190 2153 1361 2196 concessae

86 2231 260 2316 potestatis
281 2232 448 2297 excedant.
494 2231 628 2297 Studcre
651 2232 807 2316 siquidem
835 2233 1050 2317 unusquisque
1077 2232 1222 2317 debetl),
1257 2237 1294 2297 ut
1322 2235 1361 2297 de

85 2332 268 2399 devotionis
290 2333 396 2398 officio
418 2334 522 2418 magis
544 2335 700 2419 beatiam,
728 2356 825 2419 quam
848 2335 886 2398 de
908 2334 1083 2398 ambitione
1106 2333 1359 2400 llomininostri

83 2436 245 2499 offensam
267 2439 300 2499 et
322 2435 495 2499 humanam
517 2436 551 2499 in
574 2458 608 2501 se
630 2435 769 2501 lacessat
790 2436 954 2500 invidiam.
989 2435 1109 2499 Tacere
1125 2458 1184 2501 nos
1199 2438 1262 2501 ista
1278 2459 1361 2502 com·

83 2537 206 2603 missae
228 2536 477 2622 dispensationis
495 2538 570 2621 jura
592 2539 725 2603 mininie
746 2539 930 2623 patiuntur:
953 2541 989 2601 ut
1004 2542 1036 2602 et
1051 2538 1090 2603 de
1105 2537 1166 2623 his,
1190 2540 1244 2624 qui
1260 2539 1361 2604 ccele-

82 2640 229 2705 siasticis
263 2638 384 2725 regulis
416 2639 653 2724 obsecrmdant,
691 2640 969 2725 perseverantibus
1006 2640 1040 2703 in
1075 2641 1245 2705 concordia
1277 2640 1361 2706 sedis

82 2742 287 2827 apostolicae
308 2742 518 2827 gratulemur,
542 2747 575 2807 et
596 2743 655 2826 illi,
679 2743 732 2828 qui
756 2743 923 2807 catholicis
946 2741 1124 2826 disciplinis
1139 2743 1361 2828 obtemperare

63 2832 286 2928 destiterint,
309 2843 350 2907 ab
365 2844 531 2909 Ecclesiae
546 2845 653 2930 gratia
676 2849 709 2909 et
724 2845 858 2909 caritate
874 2867 908 2909 se
924 2844 1045 2908 alienos
1060 2845 1242 2910 ostendant.
1277 2845 1361 2909 lleus

79 2968 147 3011 vos
173 2945 349 3010 incolumes
378 2946 553 3029 custodiat,
589 2946 705 3011 fratres
738 2947 910 3032 carissimi!
954 2947 1041 3010 Data
1064 2946 1177 3033 Vllll)
1199 2946 1275 3011 ldus
1297 2946 1361 3012 No-

78 3046 241 3133 vembris,
264 3046 369 3113 Probo
390 3048 459 3113 viro
482 3048 658 3113 clarissimo
681 3049 819 3114 consule.

594 3235 779 3339 Epistola
806 3236 860 3319 15.

152 3384 358 3469 Synuuachi
381 3404 492 3472 papae
515 3387 558 3453 ad
582 3390 787 3456 Caesarium
810 3388 1014 3472 episcopum
1037 3386 1298 3453 Arelatensem.
1376 3380 1468 3495 2123
1471 3374 1499 3495 ¹⁸¹·

10 3538 59 3591 η,
118 3528 247 3579 Curare
261 3529 487 3579 consultationibus
504 3531 652 3593 respondet.
684 3530 772 3579 Eiidem
791 3543 934 3577 eoncessum
952 3544 1008 3578 esse
1025 3544 1094 3578 emim
1110 3530 1185 3592 pallii
1200 3535 1328 3585 memoret,

396 3630 428 3663 ac
444 3613 565 3679 IibeIIum,
584 3629 633 3679 quo
651 3616 733 3678 tpsma
749 3618 923 3669 consuluerat.
940 3612 1052 3674 subjicit.

101 3752 129 3803 Ι.
150 3746 212 3812 w)
229 3761 272 3798 m
289 3748 423 3798 Mariae
439 3762 488 3798 non
505 3750 657 3799 maneatur.

86 3836 130 3888 Π.
151 3833 188 3884 ut
203 3832 291 3883 nullm
307 3835 427 3883 honorem
443 3836 565 3896 praemiis
582 3835 702 3897 accipiat

72 3922 133 3973 m
152 3918 189 3969 ut
204 3918 268 3968 latei
284 3932 331 3981 par
348 3920 445 3981 gradu
461 3920 495 3969 ad
512 3920 682 3969 ssoerdotium
700 3921 879 3982 provehantur.

158 4140 181 4201 ³)
201 4136 244 4191 aa
260 4136 293 4191 11³
304 4136 346 4191 12⁴.
381 4134 437 4189 Alii
454 4149 549 4205 serpat.
586 4142 612 4191 οῖ’
624 4154 681 4205 seq.
697 4142 858 4205 pronrutputu
877 4142 916 4193 ιἠι
934 4152 997 4188 mss.
1017 4135 1046 4188 ct
1064 4136 1099 4187 0¹¹
1117 4134 1266 4203 sequimur.

157 4224 182 4287 ⁴)
199 4220 250 4275 Ed.
268 4228 446 4289 deputandum.
481 4222 545 4275 Mox
563 4221 597 4275 Ῑι3
614 4227 763 4287 transpredi
779 4223 808 4274 ct
826 4219 925 4273 dcintlc
944 4220 974 4272 ld
993 4224 1182 4273 tarentasiam.

159 4310 181 4375 ὗ)
201 4306 271 4361 llam
288 4306 318 4359 11¹
332 4306 373 4361 [ι’.
409 4305 464 4359 Alii
481 4311 577 4361 tunore
650 4314 821 4375 episcopatus.

157 4394 182 4459 ⁸)
199 4391 244 4445 lta
261 4390 301 4444 L'.
335 4390 391 4445 Alii
407 4406 474 4445 vero
493 4395 548 4444 Nec
564 4396 629 4443 enim
646 4394 789 4445 observatio
812 4401 837 4443 et
860 4397 993 4444 vetustatis
1014 4396 1159 4443 reverentie
1181 4396 1322 4443 evertoditur
1339 4397 1363 4443 εἰ

74 4482 208 4549 nuptas.
242 4474 330 4531 Iidem
347 4492 411 4530 mox
429 4475 519 4530 omitt.
538 4483 602 4529 stat.

158 4565 182 4629 Τ)
201 4560 232 4615 ln
249 4560 369 4631 vulgatis
386 4560 482 4629 (ctiam
501 4563 548 4629 0¹¹)
568 4564 644 4614 debet
661 4565 800 4613 (levationis
817 4565 926 4627 officinm
948 4567 1027 4630 mepta
1042 4567 1143 4631 pratia.
1168 4580 1240 4629 quom
1259 4566 1291 4614 de
1308 4580 1361 4613 nm·

74 4654 195 4713 titione,
213 4666 245 4701 ne
262 4658 287 4702 et
303 4651 406 4700 Homini
421 4653 505 4701 nostre·
520 4650 655 4714 offensum:
674 4662 746 4714 quac
764 4645 846 4699 lectio
863 4645 1014 4700 resarcitur
1031 4662 1065 4700 ex
1083 4647 1124 4700 1¹¹.

158 4736 181 4801 δ)
200 4731 244 4786 lta
260 4730 292 4785 11¹
306 4734 350 4786 0¹¹.
386 4730 442 4785 alii
459 4730 549 4787 omitt.
572 4734 656 4784 VIII.

160 4821 183 4883 1)
202 4815 288 4871 'l'ituli
309 4818 457 4884 sequentes
480 4834 498 4871 a
519 4815 668 4869 collectore
691 4815 814 4885 llispanu
841 4816 960 4869 contecti
987 4833 1005 4871 a
1027 4814 1175 4869 Sinnmrdo
1203 4816 1232 4867 et
1253 4814 1361 4869 habeto

75 4902 189 4981 piraticis
207 4900 307 4955 rnirtseti
325 4902 397 4955 siant
431 4900 593 4957 Sirruondus
610 4900 684 4954 enim
702 4900 807 4967 adjecit
824 4904 907 4971 eaput
926 4900 1049 4968 tertium,
1068 4900 1191 4954 liabatus
1209 4898 1302 4967 quarti
1320 4918 1361 4953 ne·

1094 4985 1161 5049 ,ma
