3450 5678
624 350 795 401 nrrsrocs
817 342 846 400 3.
1307 340 1368 405 317

38 504 259 598 quaeritis,
283 507 409 585 quanda
426 507 525 582 suerit
547 510 709 571 damnatus
724 511 875 571 Aeacius?
897 503 994 580 Quasi
1010 527 1130 589 revera,
1154 508 1281 572 etiamsi
1296 530 1369 573 eum
1381 517 1417 584 (a.
1428 523 1498 587 ssu.)

39 608 203 680 nullus
225 609 303 673 ante
324 596 519 690 damnasset,
543 628 610 672 non
632 606 778 673 debuerit
798 607 993 673 orthodoxae
1016 612 1048 673 et
1069 608 1264 693 apostolicae
1285 632 1368 675 com·

41 709 271 793 munionis,
296 708 388 793 cujus
409 709 648 794 praevaricator
670 710 795 776 exstitit
817 713 851 774 et
871 710 1023 794 desertor,
1050 712 1299 798 participatione
1321 735 1368 778 se

44 813 197 897 cludi3
227 811 312 876 ucat
339 811 438 876 etiam
466 810 611 896 quilibet,
645 812 700 896 qui
732 811 831 877 fuerit
858 815 934 876 ante
964 812 1155 897 catholicus,
1190 816 1367 900 cuicunque

46 915 220 982 haeresi
242 914 496 998 communicans,
525 915 641 979 merito
659 914 824 998 judicatur
855 935 874 977 a
896 915 1007 980 nost'ra
1030 917 1183 1005 societate
1205 939 1367 983 removen-

52 1016 153 1102 dus,
189 1017 303 1082 autin
324 1016 384 1082 tali
406 1021 492 1082 sorte
515 1016 702 1101 defunctus,
731 1017 818 1082 inter
846 1016 1075 1083 catholicorum
1100 1019 1233 1084 nomina
1264 1019 1366 1085 nulla-

57 1123 190 1185 tenus
212 1121 403 1205 computari.
448 1119 605 1184 Miramur
626 1124 746 1203 tamen,
770 1120 927 1205 quomodo
949 1119 1012 1184 ista
1033 1120 1199 1205 profertis:
1222 1121 1283 1187 hoc
1305 1126 1364 1204 est,

63 1221 115 1283 nt
144 1224 187 1286 et
206 1221 365 1306 mnodum
388 1220 680 1287 Calchedonensem
702 1243 758 1286 vos
781 1223 942 1306 suscipere
963 1244 1022 1307 pro
1044 1223 1106 1288 fide
1119 1223 1366 1308 catholicapro·

68 1318 262 1408 fitemini,
286 1327 319 1389 et
347 1346 411 1408 eos,
441 1345 521 1410 quos
549 1324 715 1389 damnavit
746 1325 940 1390 sectantium
969 1326 1269 1411 communicatores,
1299 1348 1366 1391 non

75 1425 262 1512 penate)
276 1425 535 1513 generaliterque
551 1427 672 1511 putetis
683 1426 783 1493 fuisse
795 1427 972 1492 damnatos.
998 1410 1266 1515 Ostenditeergo,
1284 1450 1365 1513 quae

79 1527 234 1607 synodus
246 1528 283 1594 in
298 1550 489 1614 unaquaque
504 1527 628 1602 haeresi
644 1529 758 1617 non²⁴)
782 1552 855 1595 cum
870 1530 985 1612 erroris
1002 1531 1185 1596 auctoribus
1206 1551 1365 1596 successo-

83 1643 158 1692 res
170 1652 269 1697 eorum
282 1630 335 1696 his
352 1631 625 1697 communicantes
642 1631 801 1717 simulque
816 1653 926 1697 omnes
948 1632 1112 1698 damnarit
1126 1637 1160 1698 et
1181 1633 1362 1718 complices.

82 1724 209 1818 ltaque
236 1732 293 1799 ille
325 1737 432 1800 vester
459 1734 611 1817 Acacius,
646 1734 701 1818 qui
734 1733 947 1819 Eutychianis
980 1734 1150 1801 haereticis
1182 1734 1365 1802 detestabili

87 1837 315 1902 communione
337 1834 443 1902 factus
465 1839 515 1902 est
534 1836 707 1922 particeps,
721 1836 773 1931 ,ab
796 1837 906 1901 eadem
928 1837 1049 1921 synodo
1071 1839 1141 1904 sine
1163 1838 1364 1904 dubitatione

88 1930 264 2004 danum
291 1942 351 2022 est,
380 1961 462 2024 quae
489 1942 522 2003 et
547 1936 719 2023 Eutychen
746 1936 997 2024 Dioscorumque
1025 1961 1098 2005 cum
1128 1940 1363 2007 successoribus

91 2054 206 2106 eorm
224 2039 338 2126 hisque
360 2041 635 2107 communicantes
652 2041 808 2126 'synodico
830 2044 942 2106 tenore
963 2044 1147 2126 prostravit.

190 2143 231 2208 10.
281 2141 336 2230 Sic
349 2144 406 2231 ²⁸),
429 2165 484 2210 vos
519 2164 733 2230 sequacesque
774 2165 883 2208 eorum
922 2143 1125 2211 Timotheum
1169 2145 1362 2231 Petrumque

87 2239 198 2318 simui
214 2244 398 2311 definitione
419 2245 545 2331 dejecit.
591 2245 730 2311 Proinde
758 2247 785 2310 si
808 2269 856 2331 ea,
879 2248 1017 2332 quaein
1040 2249 1161 2334 synodo
1190 2247 1363 2315 Calchedo-

103 2345 196 2411 nensi
216 2370 272 2434 pro
297 2348 361 2415 fide
389 2352 423 2413 et
455 2349 677 2415 communione
705 2348 911 2435 catholica²⁸)
945 2349 995 2415 vel
1021 2351 1198 2437 apostolica
1230 2351 1362 2416 definita

109 2451 195 2533 sunt,
221 2472 291 2518 vere
324 2455 473 2538 certeque
500 2451 684 2535 sectamini,
713 2451 798 2516 sicut
828 2455 935 2517 vestra
966 2454 1163 2538 professione
1191 2453 1362 2539 multiplici

117 2550 288 2639 contactui,
313 2557 370 2619 aut
391 2575 589 2620 successores
613 2553 653 2618 ab
674 2553 731 2619 illa
753 2555 874 2640 synodo
896 2556 1121 2621 damnatorum
1143 2556 1255 2641 hisque
1279 2578 1362 2621 com-

121 2653 295 2723 municantes
317 2656 459 2742 abjicite,
483 2660 548 2740 aut,
580 2658 607 2720 si
629 2656 708 2722 istos
730 2658 911 2742 admittitis,
940 2681 978 2723 ea
1000 2681 1082 2745 quae
1103 2659 1139 2724 in
1160 2658 1217 2722 illa
1239 2657 1361 2743 synodo

128 2767 175 2831 1³¹0
191 2756 242 2825 ide
265 2763 299 2825 et
331 2759 554 2825 communione
588 2759 746 2825 catholica
779 2765 812 2824 et
838 2760 1015 2844 apostolica
1043 2766 1120 2826 sunt
1150 2759 1362 2846 perplexae),

131 2868 181 2918 lm
198 2860 286 2928 solum
312 2861 396 2927 falso
423 2883 478 2927 vos
506 2861 645 2927 retinere
671 2861 887 2947 perpenditis,
924 2865 979 2927 sed
1006 2863 1139 2948 insuper
1167 2861 1363 2926 labefactare

137 2962 266 3049 ananim,
293 2953 327 3030 et
346 2964 384 3029 in
405 2962 644 3049 Eutychianam
666 2963 824 3029 haeresim
852 2964 922 3029 sine
950 2965 1181 3030 retractatione
1207 2963 1361 3047 reciditis,

10 3134 13 3145 ,
60 3130 65 3135 .
135 3060 267 3151 mtritoque
289 3088 308 3131 a
331 3066 498 3133 catholicis
520 3064 702 3151 probamini
725 3088 793 3131 esse
815 3066 956 3131 vitandi:
985 3067 1060 3153 quia
1088 3070 1125 3131 ut
1145 3065 1244 3131 talem
1266 3066 1363 3150 pesti·

10 3224 25 3255 ·.-
135 3152 232 3231 ltlfisn
256 3171 410 3256 perpetuo
437 3169 601 3254 possemus
629 3168 771 3252 evadere,
809 3191 846 3234 ea
875 3190 955 3255 quae
985 3170 1097 3233 contri
1124 3169 1228 3254 ipsam
1256 3169 1297 3233 ab
1325 3190 1363 3234 ea

10 3317 26 3353 ..-
134 3271 344 3356 ammonae
366 3274 551 3338 sanctorum
572 3274 702 3355 patrum
724 3271 896 3336 salubriter
917 3272 1045 3336 decreta
1067 3271 1230 3358 leguntur,
1261 3270 1363 3335 nulla-

10 3408 20 3429 ;
130 3364 203 3432 taius
217 3373 397 3458 mutilanda,
421 3396 487 3440 non
509 3375 613 3439 solum
640 3374 724 3439 sedis
752 3373 946 3459 apostolicae
974 3374 1152 3459 praesules,
1183 3373 1364 3439 sedetiam

128 3464 306 3542 tunulum
328 3478 497 3564 regionum
520 3475 670 3542 catholici
693 3498 844 3542 censuere
866 3475 1045 3561 pontifices.

197 3574 235 3641 ll.
273 3581 328 3645 Au
361 3577 494 3645 Petrum
525 3578 631 3644 dicitis
663 3578 762 3644 fuisse
794 3582 988 3664 purgatum,
1028 3579 1078 3644 cui
1116 3579 1364 3645 communicavit

121 3675 260 3745 Aaou?
293 3679 388 3748 Veris
413 3680 644 3747 assertionibus
673 3681 816 3764 edocete,
845 3680 906 3746 hoc
928 3682 1104 3765 ostendite,
1133 3681 1194 3748 hoc
1216 3682 1361 3767 probate,

10 3764 15 3841 t
117 3774 218 3867 quibos
234 3782 284 3849 ille
303 3783 418 3867 modis,
447 3783 562 3868 quibus
588 3783 642 3848 ille
669 3782 789 3869 regulis
813 3785 853 3847 ab
880 3783 1088 3869 Eutychiana
1115 3784 1213 3848 fuerit
1241 3785 1362 3869 profes-

10 3892 12 3897 '
111 3883 197 3949 cons
213 3884 257 3950 rel
277 3887 501 3952 communione
522 3885 712 3950 mundatus:
740 3887 777 3949 ut
803 3908 900 3971 quum
929 3887 962 3950 id
988 3886 1195 3951 nihilomiuus
1223 3887 1363 3952 evidenti

174 4070 256 4140 ¹³)Ita
271 4090 335 4129 mss.
354 4076 385 4153 et
402 4077 436 4128 c'.
464 4074 484 4128 b
503 4076 531 4128 et
549 4072 648 4128 exinde
666 4071 714 4127 alii
732 4071 800 4126 editi
821 4078 1026 4141 partiemur,
1051 4075 1148 4129 contra
1169 4077 1292 4130 mentem
1310 4057 1371 4128 oe!

97 4154 177 4224 hii,
196 4157 240 4229 qui
257 4158 448 4225 Timotheum,
470 4158 584 4214 Petrum
602 4157 734 4213 Acacium
752 4174 785 4212 ac
802 4159 922 4225 ceteros,
946 4157 994 4226 qui
1011 4175 1074 4212 cum
1092 4158 1272 4228 Eutychianis
1290 4173 1362 4213 com·

94 4240 280 4311 muniuerunt,
297 4243 505 4315 particulariter
522 4261 556 4300 ac
573 4241 746 4309 nominatim,
763 4242 820 4298 sive
834 4244 865 4298 ut
876 4243 936 4313 ipse
949 4242 1028 4312 epist.
1045 4250 1075 4299 10
1088 4262 1114 4297 n.
1129 4244 1288 4313 aloquitur,
1300 4248 1359 4297 ciri·

91 4341 138 4390 u‘ss
157 4328 185 4384 in
202 4328 315 4385 concffio
335 4328 554 4385 calchedonensi
571 4329 718 4384 damnatos
735 4329 828 4397 negat.

163 4414 254 4486 ⁸)lta
270 4413 319 4469 lh.
355 4413 498 4470 Particnla
518 4430 624 4484 negans
646 4428 679 4468 eo
701 4430 783 4468 sensu
806 4430 868 4466 cum
887 4413 922 4468 Κ1
945 4415 1040 4482 potest
1061 4413 1166 4482 omitti,
1189 4413 1263 4484 quod
1285 4411 1362 4466 nulla

86 4499 216 4578 „nodus
231 4498 488 4556 hamenarcharum
507 4497 654 4570 complices
672 4504 762 4553 ciulac
779 4519 810 4553 cc
828 4505 981 4562 nominatim,
1005 4499 1054 4554 sed
1071 4501 1181 4555 teritum
1205 4495 1361 4568 generatim

65 4583 242 4651 ,damnavit
278 4584 330 4640 Ed.
349 4590 453 4640 haeresi
469 4606 522 4639 cum
539 4589 671 4639 amoribus
689 4603 851 4640 successores
924 4605 973 4641 non
992 4591 1100 4640 damnet.

156 4674 192 4742 ὓ)
209 4669 251 4726 F·
262 4670 297 4726 K¹
317 4674 361 4726 Sic
378 4669 429 4739 (Fm
443 4673 483 4739 Si)
506 4690 549 4726 aas
566 4689 688 4740 sequaces
707 4688 803 4734 eorum,
823 4669 859 4724 Κ8
872 4669 907 4726 0¹
925 4674 969 4725 Sic
986 4691 1030 4726 uos
1045 4690 1169 4742 sequaces
1186 4689 1250 4740 quae
1267 4687 1360 4731 eorm,

80 4763 145 4819 δυ’
157 4758 189 4814 st
201 4754 251 4811 alii
268 4754 337 4811 editi
355 4759 400 4811 Sic
417 4775 461 4810 uos
477 4775 600 4825 sequaces
618 4774 715 4826 quoque
732 4774 817 4809 eonem
837 4757 873 4825 (0⁷
885 4771 960 4825 seqq.
975 4756 1141 4826 omitteres).

152 4845 189 4913 ¹¹)
208 4840 254 4896 lta
269 4840 312 4896 F*
323 4840 361 4898 Ι(ι
371 4839 409 4897 K⁴
421 4839 464 4897 0¹.
495 4839 571 4895 Edlti
588 4845 713 4896 catholica
731 4846 785 4910 leue
804 4848 952 4910 apostolica.
1207 4832 1215 4847 ’

151 4930 188 4998 ’7)
208 4925 254 4982 lta
269 4925 312 4982 F·
324 4925 360 4985 Κ*
372 4924 409 4982 K⁸
421 4924 456 4982 0¹
467 4925 510 4995 ΕΙ,
526 4925 581 4981 hoc
599 4926 641 4980 est
658 4934 776 4994 perculsa
793 4927 838 4982 vel
856 4932 984 4986 damnata.
1014 4926 1097 4997 Vulg.
1115 4937 1232 4997 peracta.
