3450 5678
284 327 306 390 4
659 341 793 389 noman
816 341 968 388 annuum
991 342 1028 387 m
1049 341 1172 388 ninam

285 503 312 559 Si
328 510 417 558 autem
432 501 521 558 editor
535 500 669 557 Romanus
692 509 746 557 tres
768 501 827 557 illas
849 501 977 574 epistolas
994 500 1148 558 Cresconio
1168 507 1289 574 acceptas
1311 499 1404 562 refert,
1426 499 1547 556 eodioem

285 586 485 643 vallicellanum
501 585 549 643 Ab
565 595 611 643 aut
626 589 716 660 potius
732 586 790 657 ejus
806 585 982 660 apographon
997 586 1152 642 Vaticanum
1169 584 1259 649 1353,
1276 601 1356 658 quem
1372 583 1407 640 ibi
1423 586 1549 658 sequitur

285 672 385 746 quique
406 688 498 728 revera
515 670 661 727 lladrianus
677 678 719 727 est
733 671 781 727 sed
797 670 955 743 quibusdam
971 670 1157 727 additamentis
1173 678 1283 732 auctus,
1305 668 1355 725 sub
1370 668 1418 725 illo
1434 671 1547 726 nomine

284 756 375 813 laudat
384 752 415 828 ¹).
1305 796 1314 812 .

369 840 397 897 2.
412 842 442 897 ln
458 841 537 897 alium
553 840 666 897 offendit
681 840 822 914 scopulum
838 841 1001 897 clarissimus
1018 839 1114 903 editor,
1132 856 1214 913 quum
1230 840 1338 895 Ascanii
1353 839 1495 913 epistolam
1506 839 1546 896 13

284 927 409 1000 sequenti
424 928 590 1001 postposuit,
605 925 687 999 idque
703 942 736 981 en
750 927 914 989 memoratis,
928 933 958 981 ut
973 925 1087 987 videtur,
1103 924 1210 980 concilii
1224 923 1336 980 Romani
1351 926 1430 986 actis,
1447 923 1549 998 quibus

284 1014 391 1067 inverso
407 1010 458 1067 hoc
474 1009 567 1066 ordine
586 1012 689 1066 inserta
704 1009 763 1066 luit.
795 1009 873 1077 Quod
889 1027 943 1084 quo
959 1026 1023 1065 casu
1038 1010 1165 1071 evenerit,
1186 1008 1264 1065 facile
1279 1008 1436 1065 advertitur.
1467 1010 1549 1065 Asca·

285 1097 345 1152 nius
360 1103 388 1152 et
402 1097 485 1152 ceteri
497 1095 703 1151 Tarraconensis
715 1096 867 1169 provinciae
878 1096 997 1169 episcopi
1010 1096 1126 1169 priinum
1138 1092 1230 1150 llilaro
1242 1095 1384 1167 scripsere,
1401 1093 1434 1150 de
1446 1092 1548 1150 Silvani

284 1183 403 1255 episcopi
423 1179 606 1237 molitionibus
628 1180 754 1236 adversus
776 1180 903 1236 ecelesiae
923 1195 1040 1236 canones
1062 1177 1275 1252 expostulantes.
1320 1179 1431 1235 interim
1453 1178 1549 1235 Hilaro

284 1282 338 1322 non
359 1267 449 1320 statim
470 1264 652 1339 respondente
667 1265 715 1321 sed
731 1264 830 1321 Silvani
844 1264 1046 1327 defensionem,
1067 1273 1099 1319 ut
1118 1263 1224 1319 videtur
1245 1271 1273 1319 et
1293 1264 1404 1320 manime
1425 1262 1549 1326 decebat,

284 1351 422 1425 operiente
437 1352 560 1423 contigit,
578 1358 608 1405 ut
623 1349 802 1406 Nundinarius
815 1350 1019 1406 Barcinonensis
1034 1350 1147 1405 antistes
1157 1350 1319 1418 ‚imminente
1336 1355 1423 1405 morte
1438 1365 1550 1404 sueces-

283 1452 373 1491 sorem
388 1433 438 1490 sibi
453 1434 585 1509 deligeret
599 1434 737 1491 lrenaeum
752 1437 838 1490 virum
854 1437 972 1490 omnium
984 1433 1087 1504 judicio
1104 1432 1166 1489 huie
1181 1435 1257 1490 oneri
1272 1449 1371 1507 parem.
1400 1433 1482 1488 Novis
1498 1434 1549 1490 ita·

284 1536 337 1593 que
352 1519 449 1575 litteris
464 1519 544 1575 iidem
560 1521 680 1595 episcopi
694 1537 755 1576 cum
770 1520 909 1576 honoratis
926 1518 1206 1593 provinciaellilarnm
1219 1518 1343 1574 adierunt
1358 1519 1436 1574 enixe
1450 1525 1549 1592 postu·

284 1605 378 1667 lantes,
406 1603 464 1675 ejus
490 1604 650 1661 electionem
677 1603 801 1661 amnibus
826 1612 961 1678 acceptam
988 1602 1092 1659 firmare
1118 1619 1152 1659 ue
1178 1610 1343 1677 gravaretur.
1389 1602 1442 1659 Sed
1472 1601 1548 1659 dubii

284 1689 434 1752 haerentes,
450 1697 542 1745 utrum
556 1691 662 1762 priores
677 1690 783 1746 litterae
797 1689 916 1746 redditae
932 1688 1060 1752 luissent,
1077 1705 1168 1744 earum
1184 1688 1335 1762 exemplum
1352 1687 1393 1743 his
1409 1689 1547 1762 posterio-

283 1772 357 1829 ribus
372 1773 466 1845 subjici
482 1782 619 1830 curarunt.
642 1774 696 1830 llae
712 1773 779 1831 duae
794 1776 878 1850 igitm
893 1773 1023 1848 epistolae
1038 1773 1118 1828 simul
1131 1774 1294 1846 inversoque
1307 1772 1401 1829 ordine
1414 1781 1547 1835 exaratae,

284 1861 414 1915 continuo
431 1858 463 1913 ad
479 1858 599 1915 Hilarum
615 1876 731 1932 moxque
747 1860 779 1915 ad
796 1867 902 1916 coetum
923 1860 1125 1932 episcoporum,
1147 1874 1219 1931 quos
1240 1861 1460 1915 anniversarius
1480 1861 1550 1930 ejus

283 1945 345 2000 dies
366 1951 573 2018 corapreparat‚
601 1943 704 2000 delatae
725 1943 816 2019 ibique
842 1945 968 2000 recitatae
990 1950 1071 2016 atque
1092 1942 1186 1998 eodem
1209 1942 1303 1999 ordine
1324 1945 1409 2018 gestis
1429 1944 1549 1998 insertae

265 2029 407 2092 luerunt,
428 2045 482 2102 quo
505 2028 639 2102 hodieque
660 2031 687 2084 in
709 2029 824 2104 vulgatis
846 2028 1019 2090 exhibentur,
1046 2043 1096 2083 nee
1116 2044 1180 2083 sane
1201 2029 1258 2083 sine
1280 2029 1354 2102 gravi
1374 2027 1548 2084 incommodo

283 2112 398 2169 studiosi
414 2113 537 2177 lectoris,
555 2115 706 2187 quistatim
722 2116 749 2169 in
765 2113 875 2171 exordio
892 2112 1022 2188 epistolae
1038 2110 1074 2168 ibi
1089 2114 1259 2186 praemissae,
1276 2111 1320 2169 ubi
1335 2113 1402 2168 haec
1416 2112 1549 2187 leguntur

277 2201 449 2271 jamdudum
471 2215 543 2254 sane
564 2202 659 2272 questi
676 2200 832 2272 fueramus
851 2201 886 2255 de
905 2202 1143 2270 praesumptione
1159 2197 1278 2268 Siluani,
1295 2198 1389 2254 haeret
1404 2197 1505 2271 diuque
1521 2205 1549 2253 et

283 2300 364 2357 aegre
379 2285 520 2357 exquirere
535 2285 656 2358 cogitur,
678 2284 824 2358 dequibus
841 2283 938 2340 litteris
960 2284 1004 2339 hie
1019 2299 1108 2338 sermo
1123 2283 1167 2338 sit.
1205 2282 1279 2339 Adeo
1302 2299 1413 2341 necesse
1434 2291 1491 2345 est,
1518 2290 1547 2338 ut

286 2370 402 2443 quisque
418 2366 496 2424 facile
510 2370 597 2442 possit
612 2382 702 2424 rerum
718 2377 855 2443 gestarum
870 2369 968 2424 seriem
984 2369 1091 2442 assequi
1114 2374 1142 2424 et
1162 2367 1227 2441 quid
1243 2369 1269 2424 in
1287 2384 1394 2442 quaque
1411 2383 1439 2423 re
1455 2383 1548 2423 verum

284 2456 474 2527 sincerumque
486 2455 522 2508 sit
536 2453 754 2517 animadvertere,
771 2456 860 2511 omnia
875 2453 940 2509 haec
955 2455 1055 2527 scripta
1070 2455 1121 2508 rite
1137 2461 1164 2508 et
1174 2452 1251 2523 justu
1268 2453 1361 2509 ordine
1375 2451 1503 2526 proferri.

464 2587 502 2648 In
522 2586 625 2648 Hilari
647 2587 811 2665 epistolam
833 2586 868 2648 15
890 2586 936 2664 (et
956 2585 1005 2663 16)
1027 2582 1167 2665 (‚‚Fluaio
1183 2581 1374 2664 Basilisco“).

150 2717 199 2784 lul.
215 2714 274 2783 itaq
371 2709 398 2763 1.
442 2706 477 2763 Ut
499 2708 561 2764 huie
580 2710 681 2783 scripto
703 2709 792 2765 locum
814 2711 885 2765 inter
901 2708 982 2763 llilari
1003 2707 1131 2782 epistolas
1153 2707 1291 2772 daremus,
1313 2707 1447 2782 praeluxit
1468 2706 1547 2764 nobis

285 2795 457 2866 antiquorum
477 2790 639 2867 exemplum.
670 2793 775 2868 Quippe
795 2795 837 2849 his
858 2793 980 2868 epistolis
1001 2793 1133 2848 insertum
1149 2793 1348 2867 admixtumque
1363 2802 1406 2848 est
1421 2810 1505 2867 quum
1519 2795 1547 2849 in

285 2878 400 2953 llispana
416 2886 444 2932 et
459 2877 554 2933 isidori
570 2878 783 2941 collectionibus,
799 2881 825 2935 in
843 2877 939 2952 quibus
955 2879 1093 2952 synodale
1108 2879 1208 2935 Hilari
1220 2879 1367 2935 decretum
1381 2876 1546 2941 inscribitur,

284 2973 341 3019 tum
363 2965 390 3019 in
412 2962 562 3019 lladrianil
583 2964 675 3020 codice
701 2962 751 3020 sub
778 2964 858 3020 titulo
879 2967 1047 3037 repuleram
1069 2964 1170 3019 Hilari
1187 2980 1295 3036 papae.
1332 2962 1406 3019 Unde
1427 2972 1455 3019 et
1476 2963 1547 3037 apud

284 3050 410 3122 antiquos
422 3064 554 3104 canonum
566 3049 755 3123 compilatores
767 3049 884 3110 ivonem,
892 3049 1057 3112 Ausclrnum,
1067 3047 1219 3104 Gratianum
1232 3056 1260 3104 et
1271 3056 1377 3104 ceteros
1390 3050 1437 3104 uni
1448 3048 1549 3104 adseri·

284 3133 358 3190 bitur
373 3133 473 3190 llilaro.
512 3132 560 3189 llio
575 3136 666 3209 itaque
682 3134 859 3190 omittendum
876 3150 931 3190 non
946 3133 1006 3196 luit,
1027 3135 1139 3189 maxime
1161 3150 1243 3208 quum
1265 3135 1351 3190 nostri
1368 3134 1405 3188 sit
1420 3134 1547 3195 instituti,

285 3220 373 3275 omnia
396 3236 563 3274 summorum
584 3219 742 3293 pontificum
769 3219 876 3276 decreta
896 3219 975 3275 simul
997 3218 1145 3293 ordineque
1165 3217 1304 3293 colligere.
1346 3217 1448 3287 Quibus
1469 3217 1546 3280 adde,

284 3312 429 3377 sequentes
445 3304 573 3378 epistolas
590 3321 640 3360 uria
656 3322 717 3360 eum
732 3305 785 3361 hoc
796 3304 905 3361 decreto
917 3306 1010 3360 missas
1023 3305 1058 3359 ita
1071 3305 1159 3379 ipsum
1170 3304 1313 3378 respicere,
1331 3312 1405 3360 uteo
1417 3304 1547 3360 distracto

285 3386 394 3443 nmtilae
410 3388 607 3461 quodammode
624 3398 651 3444 et
668 3389 756 3463 aliqua
771 3391 813 3444 sui
827 3397 904 3463 parte
919 3388 1064 3444 diminutae
1079 3388 1243 3446 viderentur.
1347 3406 1352 3420 ⁸

370 3472 399 3528 2.
443 3473 499 3528 lluo
520 3481 609 3529 autem
631 3474 750 3537 llilarus,
774 3491 842 3548 quae
863 3474 895 3529 de
916 3472 1081 3530 Nundinario
1102 3473 1291 3531 barcinonensi
1312 3475 1433 3530 antistite
1454 3474 1548 3530 Tarra·

286 3559 410 3614 conensis
426 3559 579 3632 provinciae
594 3561 712 3634 episcopi
725 3557 947 3634 significaverant,
962 3557 1068 3632 synodo
1081 3559 1108 3614 in
1120 3560 1213 3632 primis
1223 3558 1391 3616 discutienda
1402 3561 1546 3634 proponit:

286 3659 347 3698 euni
363 3642 486 3699 videlieet
502 3641 618 3699 tantulus
634 3644 774 3700 facultates
790 3661 852 3700 suas
867 3661 915 3700 seu
931 3643 1066 3700 modicum
1080 3645 1224 3718 peculium,
1243 3647 1320 3718 quod
1330 3649 1424 3718 potuit
1438 3646 1548 3702 babere

281 3735 460 3800 paupertas,
482 3744 636 3801 supremae
657 3733 812 3788 volcentatis
832 3731 952 3786 arbitrio
973 3729 1083 3785 irenaeo
1104 3729 1290 3803 dereliquisse,
1312 3731 1447 3805 simulque
1465 3739 1496 3786 ut
1518 3734 1547 3787 in

284 3816 378 3870 locum
393 3831 475 3870 suum
490 3816 713 3872 substitueretur
728 3817 881 3890 expetiisse.
905 3813 977 3882 Quae
989 3813 1043 3871 duo
1056 3813 1160 3871 Probus
1173 3816 1319 3890 episeopus
1329 3815 1425 3889 synodi
1438 3817 1548 3872 nomine

287 3915 424 3972 exponens
444 3917 475 3954 ac
494 3899 624 3965 dividens,
649 3901 762 3956 alterum
784 3901 895 3961 licitum.
917 3918 971 3956 non
993 3900 1134 3956 ferendum
1155 3900 1269 3957 alterum
1290 3903 1458 3975 pronuntiat.
1489 3901 1547 3957 lain

287 3992 365 4038 antea
385 3984 573 4040 'llieodoretus
595 3986 621 4042 h.
639 4003 663 4043 e.
679 3987 709 4050 V,
727 3987 766 4043 23
789 3985 893 4061 Evagrii
919 3987 1020 4061 pariter
1046 3985 1175 4042 eeclesiae
1196 3987 1380 4043 Antioeheuae
1400 4004 1414 4042 a
1434 3986 1547 4043 Paulina

286 4068 413 4143 praefecti
430 4069 624 4127 ordinationem
640 4071 849 4146 improbaverat:
871 4073 1067 4144 Nequeenim,
1085 4070 1180 4142 ajebat.
1198 4088 1326 4129 canones
1340 4076 1472 4129 morienti
1487 4076 1547 4146 epi·

286 4169 373 4225 scopo
391 4159 569 4227 permittunt,
593 4164 624 4212 nt
647 4174 699 4214 suo
719 4160 783 4213 loco
804 4173 973 4230 quemqnam
994 4160 1158 4214 constituat.
1196 4157 1234 4213 lle
1254 4153 1318 4213 v'ero
1339 4157 1475 4213 lohannes
1494 4160 1547 4212 dn·

286 4239 428 4295 tioehenus
450 4239 600 4314 presbyter,
622 4243 801 4297 alvistiniano
818 4243 979 4317 imperatore
993 4244 1020 4297 in
1037 4240 1160 4315 Eutychii
1175 4243 1341 4315 patriarchae
1356 4241 1547 4298 Constantino·

285 4324 397 4398 politani
409 4324 498 4380 lecum
510 4325 647 4391 suffectus,
663 4329 690 4383 ln
702 4345 750 4382 sua
760 4345 893 4384 canonum
909 4327 1070 4384 collectione
1087 4329 1127 4383 tit.
1137 4326 1168 4381 Vl
1179 4327 1357 4401 apostolieum
1369 4344 1498 4383 canonem
1507 4327 1546 4384 75

285 4409 516 4466 ethntioclrenum
532 4429 555 4467 c.
565 4411 604 4467 23
621 4412 713 4475 edidit,
729 4412 826 4486 qnilms
843 4414 907 4469 haec
922 4412 1050 4469 ecclesiae
1066 4412 1205 4485 disciplina
1220 4411 1372 4485 firmissime
1385 4412 1544 4468 adstruitur.

287 4493 314 4550 ln
326 4497 417 4569 priore
429 4495 542 4569 legitur:
559 4497 642 4564 Quod
654 4517 711 4555 nan
727 4505 839 4571 oportet
851 4501 1022 4570 episcopum.
1036 4498 1133 4570 fratri
1146 4501 1190 4554 nel
1199 4501 1260 4569 filio
1272 4500 1315 4554 vet
1326 4501 1414 4554 alteri
1423 4506 1547 4571 capitato

284 4584 505 4653 gratificantem,
519 4583 559 4637 ad
571 4586 767 4655 episcopatum
783 4601 865 4656 qnam
882 4587 940 4641 vult
955 4587 1070 4656 eligere.
1106 4585 1302 4655 Episcopatus
1316 4587 1388 4639 enim
1403 4585 1548 4640 haeredes

282 4665 388 4736 fucere
396 4669 511 4738 justum
526 4685 583 4724 non
599 4677 649 4733 est,
674 4685 708 4725 ea
725 4684 800 4742 qnae
815 4670 871 4725 Ilei
884 4675 952 4725 sunt
964 4669 1091 4725 hermena
1107 4670 1266 4740 affectione
1285 4672 1470 4741 torpentem·
1492 4686 1547 4725 nee

442 4786 449 4790 -
475 4786 586 4793 n*-

354 4832 372 4896 ¹)
391 4829 469 4893 erod
488 4830 561 4883 idem
579 4829 761 4884 clarissimum
779 4831 918 4884 uernalium
937 4832 1081 4900 pannoniam
1099 4830 1247 4884 Baroninm
1272 4832 1375 4897 lucere,
1398 4831 1442 4886 hie
1461 4831 1547 4885 semel

284 4895 423 4950 taruanninse
441 4898 573 4963 sullicinl3
592 4896 662 4953 conf.
683 4917 766 4968 supra
785 4900 872 4953 Praei.
893 4899 1013 4966 gutiernl.
1035 4905 1076 4960 §4
1097 4918 1121 4952 n.
1133 4907 1155 4953 7.
