3412 5664
463 347 608 398 nomme
631 349 740 399 emsa.
764 349 836 398 neu
859 348 1028 399 muschus.
1052 351 1085 398 u.
1103 349 1261 398 11—v111.
1434 330 1496 397 995

225 516 295 566 tane
310 513 446 581 episcopo
462 514 681 568 communionem
698 518 820 581 tenente,
836 513 1030 584 qrtedrepinte
1037 511 1152 583 lllyrici
1158 512 1356 583 Graeciaeque
1369 512 1498 582 episcopi

226 613 286 651 une
302 599 503 652 concernentes
518 597 622 652 tubulis
637 599 721 652 etiam
737 597 856 652 testibus
869 597 1002 669 professi
1022 603 1102 665 suut,
1126 596 1162 651 ab
1184 612 1217 653 ee
1237 598 1313 653 uelut
1334 614 1352 651 a
1372 599 1495 667 proprio
1584 661 1591 673 ⁶

225 682 405 752 metropolita
422 695 452 735 se
467 681 623 750 discedere,
647 685 795 754 missisque
810 681 929 738 Romam
953 682 1059 738 tabulis
1074 681 1198 737 Romani
1208 683 1357 753 pontificis
1372 697 1494 736 commu-

224 768 338 821 nionem
352 766 507 822 obseruare
521 768 643 837 polliciti
656 774 732 823 sunt.
770 763 848 833 Quod
864 767 943 822 etiam
964 767 1049 840 magis
1066 765 1223 822 llormisdae
1243 765 1358 841 epistola
1373 764 1412 820 22
1436 763 1495 820 n.4

224 847 401 906 confirmatur
415 847 500 922 (conl.
515 849 584 906 iufra
600 868 627 906 n.
644 850 697 923 111).

843 978 883 1043 V.
1097 1036 1104 1046 .

225 1106 253 1146 e.
271 1087 332 1145 515
348 1090 437 1147 initio.
490 1088 661 1146 Theoderici
678 1087 832 1145 Gothorum
858 1091 936 1162 repis
961 1090 1001 1144 ael
1020 1089 1204 1145 Hormisdam
1227 1106 1283 1161 pro
1304 1090 1446 1145 mittendis
1465 1092 1493 1144 in

379 1173 532 1230 Graeciam
549 1176 651 1247 legatis
666 1177 845 1234 intercessio.

310 1273 462 1331 Secundum
478 1273 574 1330 llbrum
589 1272 770 1348 pontificalem
786 1274 927 1330 Hnrmisda
949 1275 1111 1350 legationem
1134 1277 1161 1331 ln
1178 1275 1314 1332 Graeciam
1338 1276 1409 1331 misit
1431 1294 1494 1333 cum

225 1363 344 1417 consilio
359 1362 436 1433 repis
453 1360 631 1416 Theoderici.
670 1359 798 1415 Similiter
812 1359 990 1433 Theophanes
1010 1360 1156 1435 chronogr.
1174 1377 1236 1434 pag.
1256 1359 1315 1418 138
1338 1359 1391 1431 (ed.
1408 1360 1493 1417 Bona.

224 1462 251 1518 p.
266 1442 339 1516 248)
354 1443 428 1499 Illum
445 1444 550 1518 legates
566 1442 715 1500 Ennodium
731 1453 759 1500 et
773 1446 863 1501 seclus
879 1446 983 1500 misisse
1000 1447 1036 1501 ait
1051 1447 1233 1502 sollicitatum
1249 1464 1266 1500 a
1285 1446 1492 1515 Theuderiche‚

224 1533 276 1603 qui
295 1529 436 1585 Vitaliano
449 1527 579 1600 fauebat.
617 1528 691 1585 Unde
706 1529 778 1585 laune
793 1546 885 1602 regem
901 1528 1039 1584 Ravennae
1055 1529 1218 1586 habitantem
1234 1531 1343 1604 propria
1359 1530 1494 1604 legatione

225 1616 305 1670 missa
320 1613 390 1687 apud
405 1612 559 1688 pontificem
575 1614 712 1689 postulata
728 1614 849 1669 Vitaliani
869 1613 1003 1685 adjuvisse
1024 1613 1159 1685 conjicere
1178 1622 1230 1670 est.
1266 1614 1348 1671 lmmo
1364 1622 1391 1670 et
1407 1616 1494 1688 ipsum

224 1698 256 1753 ad
273 1697 407 1772 synodum
423 1697 625 1755 Heracleensem
641 1698 760 1773 legatum
776 1700 919 1773 Agapitum
935 1699 1079 1763 direxisse,
1100 1716 1132 1755 ex
1153 1698 1212 1770 ejus
1227 1699 1340 1774 epistola
1361 1698 1415 1773 (ap.
1432 1699 1494 1754 Gas-

223 1783 327 1839 siodor.
343 1783 443 1840 Variar.
460 1783 481 1838 11
496 1800 539 1858 ep.
555 1783 585 1856 6)
600 1785 789 1858 comperimus.

830 1911 887 1977 VI.

224 2038 252 2077 e.
265 2020 327 2079 515
348 2024 427 2078 initio
441 2020 520 2077 Julii.
563 2021 737 2078 Hormisdae
752 2022 879 2095 synesius
893 2022 1025 2078 Romana
1045 2039 1101 2094 pro
1121 2025 1311 2080 instructione
1331 2025 1493 2097 legatorum

380 2106 652 2196 Constantinopolim
667 2109 874 2164 mittendorum.
1104 2116 1107 2124 '

310 2207 346 2263 [le
361 2205 618 2281 legati0neEnnodii
633 2216 661 2264 ct
676 2210 813 2264 socierum
828 2209 856 2263 In
872 2207 1087 2264 vitallermisdee
1103 2207 1170 2264 liber
1181 2208 1341 2282 pontificalis
1357 2210 1394 2265 lta
1408 2209 1492 2266 reiert

223 2293 324 2367 (hilgne
345 2301 414 2368 patr.
437 2291 483 2349 lat.
500 2291 620 2348 cxxviii
641 2293 693 2349 cel.
710 2291 850 2367 stssqm
879 2295 984 2349 Eodem
1006 2301 1133 2366 tempere
1159 2310 1198 2349 ecc
1219 2299 1371 2352 constituto
1391 2297 1495 2365 synodi

223 2381 299 2435 misit
314 2380 343 2433 in
360 2378 526 2447 Graeciam,
543 2379 748 2434 humanitatem
764 2379 916 2434 ostendens
931 2380 1208 2451 sedisapostolicae.
1234 2379 1289 2435 b'ec
1304 2378 1491 2454 ambigendum
1556 2369 1559 2375 ⁴

223 2471 274 2526 est.
297 2463 362 2536 quia
376 2461 508 2536 pontifex,
530 2479 612 2536 quum
628 2464 763 2537 lnepInata
778 2479 841 2536 spes
856 2462 1006 2518 schismatis
1021 2464 1162 2519 inveterati
1177 2463 1366 2539 exstinguendi
1388 2466 1492 2520 arrIsis·

223 2556 280 2610 set,
302 2548 392 2602 statIm
413 2563 516 2603 merem
538 2547 711 2603 decessorum
728 2563 839 2603 suerum
861 2555 969 2603 secutus
989 2548 1038 2609 sit,
1065 2556 1095 2603 ut
1120 2565 1170 2621 pre
1192 2548 1377 2622 componenda
1398 2566 1427 2605 re
1447 2549 1491 2605 illa

222 2633 380 2707 gravissima
399 2631 533 2705 synodum
548 2631 657 2688 Romam
683 2639 853 2688 convocaret.
892 2630 927 2687 Ex
948 2632 1053 2688 collatis
1076 2633 1128 2688 hec
1148 2632 1229 2689 mode
1250 2633 1377 2690 consiliis.
1390 2633 1491 2708 legatio

222 2717 268 2774 illa
290 2717 414 2773 Instituta
435 2708 491 2780 es't,
519 2734 597 2790 quam
617 2716 643 2772 d.
663 2717 699 2772 11
717 2718 834 2790 Augusti
854 2733 877 2772 a.
895 2716 956 2773 515
979 2716 1118 2772 llormIsda
1140 2719 1268 2773 Instruxit
1288 2727 1315 2774 et
1336 2719 1492 2793 imperatori

222 2803 404 2877 praesentavit
419 2801 502 2875 (eph
519 2810 546 2858 et
562 2799 601 2873 8).
643 2800 730 2869 Quum
746 2810 834 2857 autem
847 2799 901 2871 jam
917 2800 943 2856 d.
961 2801 1056 2858 8111111
1078 2803 1141 2858 bule
1162 2804 1212 2876 Ipsi
1227 2802 1346 2859 eamdem
1362 2804 1491 2859 nuntiarit

223 2887 315 2962 (epist.
334 2884 378 2958 6),
408 2887 526 2960 suspicio
547 2886 636 2949 adest,
659 2885 714 2957 jam
736 2895 801 2942 tunc
822 2885 955 2959 synodum
970 2886 1042 2942 illam
1058 2894 1249 2961 congregatam
1266 2887 1349 2943 inisse
1364 2896 1392 2943 et
1406 2889 1491 2963 ipsius

222 2973 331 3028 nemine
342 2969 498 3045 pontificem
510 2971 581 3026 dicta
591 2973 691 3046 scripta
703 2970 841 3027 direxisse.
863 2970 927 3025 Nam
939 2971 1162 3028 consuetudinem
1171 2971 1328 3036 obtinuisse,
1346 2980 1375 3028 ut
1383 2973 1491 3045 quoties
1548 3036 1553 3047 Ι

221 3057 292 3112 intra
307 3055 408 3112 ltaliam
423 3064 536 3129 propter
551 3055 745 3112 ecclesiasticas
761 3072 854 3111 causas
875 3055 996 3129 synodus
1012 3057 1176 3120 conveniret,
1200 3074 1266 3130 papa
1290 3057 1366 3113 solus
1383 3056 1491 3130 synodi·

221 3158 266 3198 ces
282 3141 387 3197 litteras
402 3139 584 3197 subscriberet
599 3150 626 3197 et
642 3142 850 3205 transmitteret,
873 3142 972 3215 apertis
993 3140 1080 3197 verbis
1096 3140 1216 3215 synodus
1232 3140 1328 3198 Felicis
1344 3142 1365 3197 11
1386 3141 1453 3213 (Tel.
1471 3141 1490 3196 ll

221 3227 301 3301 epist.
315 3225 352 3282 11
370 3243 397 3281 n.
415 3223 445 3297 4)
461 3224 549 3282 decet.

816 3319 880 3384 VII

221 3450 250 3487 e.
268 3429 330 3486 515
346 3430 374 3487 d.
391 3429 428 3485 ll
445 3430 518 3504 Aug.
562 3429 735 3487 Hormisdae
757 3432 796 3487 ed
817 3431 988 3487 Vitalianum
1004 3447 1060 3502 pro
1076 3431 1244 3503 adjuvanda
1267 3432 1348 3503 apud
1365 3434 1488 3503 impere-

376 3521 465 3571 torem
481 3519 591 3571 unitate
606 3518 806 3572 ecclesiastice
821 3518 1000 3572 intercessio.

308 3616 450 3672 llormisda
465 3616 562 3690 legatis
584 3618 640 3672 suis
656 3615 778 3673 Ennedio
795 3625 822 3672 et
837 3615 986 3673 Fortunato
1003 3617 1151 3691 episcopis,
1174 3617 1304 3672 Venantio
1320 3616 1489 3691 presbytero.

221 3702 299 3759 viteli
315 3701 429 3758 diacone
445 3709 471 3758 et
488 3701 577 3757 llllare
594 3704 707 3764 notario,
729 3719 798 3774 ques
819 3709 931 3775 propter
953 3703 1063 3775 petitam
1085 3701 1218 3774 synodum
1234 3701 1436 3757 Heracleensem
1459 3702 1490 3756 ad

219 3787 393 3843 Anastasium
407 3788 597 3860 imperatorem
613 3787 710 3842 direxit
726 3786 828 3859 (llorm.
846 3788 925 3859 epist.
940 3785 978 3859 8),
1000 3788 1080 3842 etiam
1096 3787 1199 3842 litteras
1215 3787 1246 3842 ad
1264 3787 1421 3842 Vitalianum
1439 3805 1490 3841 trra-

218 3874 338 3948 gistrnm
360 3871 473 3927 militum
494 3870 582 3932 dulit,
613 3870 690 3942 cujus
711 3887 793 3944 opera
815 3878 904 3926 totum
925 3870 990 3926 illud
1013 3869 1075 3927 lidei
1096 3872 1236 3945 negotium
1252 3873 1407 3944 incoeptum
1423 3880 1489 3926 erat.

218 3957 305 4027 Quae,
322 3958 393 4012 sicut
408 3956 434 4011 in
452 3957 603 4030 legatorum
618 3955 736 4012 indIculo
753 3955 856 4028 (llorm.
873 3957 952 4029 epist.
967 3957 984 4012 t
1001 3973 1027 4011 n.
1042 3955 1072 4027 3)
1093 3955 1200 4025 dicitur,
1223 3957 1294 4012 nihil
1309 3957 1391 4012 aliud
1402 3957 1489 4012 hehe-

216 4044 292 4100 hont
306 4045 365 4098 nisi
376 4057 482 4112 preces
497 4043 537 4098 ud
550 4045 754 4113 imperatorem
768 4044 905 4110 directus,
928 4048 959 4098 ut
973 4045 1035 4112 ipse
1050 4043 1281 4098 accommodaret
1296 4046 1421 4098 animum
1433 4059 1489 4112 pro
1568 4048 1572 4054 '

216 4132 333 4186 unitate
348 4127 514 4183 Ecclesiae:
535 4133 566 4183 ut
581 4131 735 4183 constituta
748 4133 866 4198 petrum
887 4144 943 4182 non
959 4134 1224 4197 corrumperentur,
1250 4135 1280 4182 ut
1300 4128 1442 4183 haeretici
1455 4127 1490 4181 dr

215 4215 354 4271 ecclesiis
379 4219 603 4268 removerentur.
652 4210 739 4279 Quare
764 4211 823 4266 illas
844 4210 939 4266 eodem
961 4211 1017 4271 die.
1044 4227 1099 4284 quo
1120 4210 1152 4266 ad
1173 4213 1362 4285 imperatorem
1375 4210 1490 4298 'litterae

214 4297 315 4373 (epist.
328 4295 358 4369 8)
373 4299 501 4372 signatae,
517 4297 536 4352 i.
550 4313 574 4352 e.
591 4296 633 4352 die
651 4297 687 4353 11
705 4297 821 4370 hugusti
836 4297 897 4351 atini
914 4295 983 4358 515,
1000 4296 1074 4351 datas
1090 4313 1150 4351 esse
1165 4304 1248 4370 patet.

810 4423 901 4488 VIII.

212 4557 245 4597 a.
263 4535 329 4594 515
344 4536 390 4592 die
408 4537 443 4592 11
462 4536 540 4609 Sept.
587 4536 760 4592 Hormisdou
772 4551 873 4606 papae
889 4535 1043 4591 edAoitnm
1061 4534 1244 4591 Viennensem
1259 4534 1294 4589 ec
1311 4533 1488 4590 Graecorum

377 4625 564 4679 conversione
577 4623 693 4677 litterae
709 4640 726 4677 a
738 4624 811 4692 pori
824 4622 919 4676 elatee.

308 4725 401 4781 Avitus
417 4724 574 4780 VIennensls
595 4723 628 4777 ad
651 4722 816 4777 llormisdam
837 4720 957 4778 scribens
978 4720 1082 4794 (llornr.
1105 4723 1184 4795 epist.
1201 4720 1266 4794 21).
1293 4738 1375 4796 quum
1397 4727 1490 4794 aperte

208 4811 295 4871 Illius
309 4810 450 4883 epistelam
467 4810 485 4866 9
502 4816 579 4864 notet
594 4826 664 4864 nunc
680 4807 786 4882 quIdem
803 4807 940 4864 Caesarie
961 4809 1005 4865 nel
1023 4809 1068 4864 his
1088 4811 1138 4880 qui
1158 4808 1209 4864 suh
1230 4810 1297 4879 ejus
1311 4808 1490 4863 ordinatione

207 4900 382 4958 consistunt
396 4896 565 4968 iuscriptam,
588 4912 644 4952 eam
666 4896 744 4953 etiam
766 4892 797 4946 ad
814 4910 843 4948 se
859 4894 946 4966 ipsum
961 4910 975 4947 a
991 4891 1119 4967 pontifice
1134 4891 1261 4949 directam
1276 4893 1362 4965 penit.
1407 4892 1487 4948 Vien-

1228 4990 1287 5055 63*
