3412 5664
208 505 233 542 ο.
244 491 294 541 495

206 560 297 608 -496,

216 4832 301 4892 Exod.

217 4911 303 4975 lule.

312 317 376 382 482
786 330 814 379 s.
832 329 973 380 ennesii
995 329 1110 378 ειειε

311 486 468 571 ματισμολ
501 481 613 569 ὑμῶν,
651 480 712 561 οὒς
740 482 824 549 κατά
852 489 921 550 τῶν
972 485 1171 567 haerentem,
1194 485 1336 569 synodus
1357 505 1378 548 u

313 591 426 672 φίλων
448 592 509 653 τοῦ
533 589 616 652 θεοῦ
633 590 922 671 κορυβαντιῶντες
973 611 1105 675 corpere
1141 588 1287 653 abscidit.
1336 586 1378 654 Vr

313 691 516 772 ἀκοντίζετε,
544 688 605 754 τόν
633 690 760 774 κόσμον
783 685 920 771 ἀνέτρε-
973 692 1198 774 anathemate,
1234 712 1317 776 quae
1344 690 1378 755 εό

313 806 400 877 ψαν,
428 791 489 857 τόν
516 789 597 875 ἀέρα
627 791 814 875 ἐμόλυναν,
844 788 922 868 τούς
974 796 1093 859 amieos
1105 795 1225 859 furiose
1235 793 1374 877 jaculati

313 891 482 979 ούρανούς
504 891 698 978 ἠχλύωσαν,
721 891 801 968 τούς
823 891 922 976 ἀγγέ-
973 899 1049 962 dum
1071 897 1313 978 subverterunt,
1344 899 1378 960 οὲ

313 1002 394 1073 λους
422 993 666 1081 παρώτρυναν,
700 993 741 1060 τά
764 996 922 1080 Σεραφίμ
974 1003 1106 1084 petunt,
1158 997 1355 1082 Seraphinos

312 1096 613 1183 παρῶργισαν,τόν
625 1094 922 1182 χερουβικδνθρό-
974 1101 1187 1166 Cherubieum
1206 1100 1361 1166 thronum

312 1225 375 1267 νον
398 1201 587 1283 ἐνέσεισαν,
617 1198 676 1265 τόν
703 1200 844 1284 βασιλέα
865 1203 924 1284 τῆς
974 1204 1096 1289 gloriae
1123 1224 1233 1288 regern
1263 1202 1305 1267 ad
1332 1201 1378 1266 ult

312 1304 410 1387 δόξης
426 1305 472 1379 είς
488 1303 662 1387 ἐκδίκησιν
677 1305 920 1386 παρεκίνησαν.
974 1309 1178 1370 vocaverunt.
1228 1305 1335 1369 Amen
1368 1326 1378 1386 ι

309 1403 410 1490 Ἀμην
433 1402 498 1489 γάρ
521 1407 607 1487 λέγω
629 1402 712 1489 ύμῖν
733 1415 802 1481 τοῖς
826 1405 921 1469 ἐκλε-
972 1408 1061 1471 vobis
1084 1408 1194 1472 electis
1215 1407 1313 1490 meis,
1347 1407 1378 1472 ai

312 1518 403 1582 κτοῑς
435 1531 518 1592 μου,
556 1507 660 1590 φησὶν
693 1503 712 1571 ὁ
745 1506 920 1590 δεσπότης,
972 1510 1026 1595 qui
1060 1510 1122 1574 mei
1151 1531 1247 1574 eausa
1273 1508 1378 1593 quoiii

311 1620 381 1687 τοῖς
414 1607 460 1673 δι’
490 1608 548 1693 ἐμὲ
581 1605 666 1692 ὅλην
697 1609 761 1692 την
792 1605 921 1693 ἡμέραν
972 1612 1023 1676 nis
1046 1611 1254 1676 anathemata
1276 1610 1378 1694 patim

313 1703 379 1777 ἀπὸ
395 1709 559 1795 ἀφρόνων
574 1708 921 1795 ἀναθεματιζομένοις,
974 1715 1076 1779 eisear
1098 1718 1131 1779 et
1152 1713 1378 1777 remunerabor

311 1813 364 1880 ότι
386 1815 515 1900 ποιήσω
537 1809 599 1897 την
623 1813 797 1897 ἐκδίκησιν
812 1809 921 1896 ὑμῶν,
973 1817 1039 1880 tela
1071 1837 1144 1879 mee
1175 1814 1352 1900 sunguine,

312 1917 369 1981 καὶ
397 1916 563 2000 ἐκδικήσω
592 1916 648 1980 καί
674 1913 919 1980 ἀνταποδώσω
973 1940 1063 1983 meus
1086 1939 1182 1982 earne
1203 1920 1362 2001 vescetur,

312 2019 451 2103 μεθύσαι
478 2015 520 2082 τά
546 2019 627 2102 βέλη
650 2041 716 2102 μου
738 2014 800 2100 ἀφ’
823 2016 923 2101 αἵμα-
975 2021 1096 2085 ciorum
1118 2023 1151 2084 ei
1177 2019 1378 2103 captivorum¹

312 2144 380 2204 τος,
402 2120 458 2185 καὶ
480 2117 501 2203 ἡ
524 2119 670 2205 μάχαιρά
691 2143 758 2204 μου
780 2118 922 2201 φάγεται
973 2123 1156 2208 principum
1184 2121 1348 2206 gentium,

312 2224 410 2306 κρέα·
448 2220 508 2307 ἀφ’
542 2223 679 2306 αἵματος
708 2224 923 2306 τραυματιῶν
974 2229 1094 2291 terrem
1115 2224 1225 2308 populi
1247 2225 1322 2288 mei.
1366 2223 1378 2287 ]

312 2324 368 2389 καὶ
402 2326 638 2409 αίχμαλωσιῶν
676 2317 742 2389 ἀπό
775 2326 923 2406 κεφαλῆς
973 2332 1058 2413 tum,
1082 2327 1292 2412 pervenitque
1307 2325 1378 2390 Don

313 2425 488 2510 ἀρχόντων
505 2426 633 2492 ἐθνῶν·
656 2427 712 2490 καί
728 2426 922 2508 ἐκκαθαριῶ
975 2431 1016 2494 αδ
1037 2428 1217 2493 sacerdotes
1240 2428 1378 2512 iniquita

313 2529 375 2613 την
396 2533 462 2613 γῆν
484 2533 545 2594 τοῦ
569 2531 654 2593 λαοῦ
671 2551 752 2613 μου·
779 2528 922 2611 ἐξῆλθεν
974 2531 1104 2595 Domini
1151 2530 1303 2595 adversus
1339 2551 1378 2615 pr

312 2630 332 2715 ἡ
351 2627 532 2715 ἀπόφασις,
548 2632 604 2696 καί
621 2631 725 2714 ἐδόθη
741 2628 762 2715 ἡ
777 2630 922 2714 μάχαιρα
970 2633 1133 2716 justitiae:
1156 2631 1283 2717 gladius
1303 2632 1339 2696 in
1353 2631 1378 2696 ei

313 2736 436 2818 κυρίου
460 2733 498 2799 ἐν
514 2734 665 2818 ίερεύσιν
680 2730 834 2818 ἀνομίας·
859 2731 935 2827 μάχ
974 2736 1045 2799 diue
1068 2735 1102 2798 in
1125 2755 1214 2818 agro,
1239 2736 1378 2798 eontra(

313 2861 412 2921 χαιρα
440 2839 562 2917 κυρίου
591 2837 630 2901 ἐν
657 2833 822 2919 ἄρχουσιν
849 2830 923 2902 ἀδι-
974 2835 1178 2902 tumeliosum
1220 2857 1258 2899 ec
1294 2857 1378 2920 supe:

313 2943 402 3014 κίας·
420 2939 566 3025 μάχαιρα
583 2939 622 3004 ἐν
637 2938 746 3016 πόλει,
764 2937 802 3001 ἐν
817 2935 922 3021 ἀγρῷ,
974 2961 1102 3004 omnem
1129 2937 1301 3023 impiorum
1329 2937 1378 3002 loe

315 3043 353 3107 ἐν
375 3042 477 3107 παντὶ
499 3039 683 3126 ὑβριστικῷ
712 3040 767 3103 καὶ
795 3037 921 3123 ὑπερη-
974 3046 1148 3124 staterum,
1179 3044 1292 3105 eontra
1313 3062 1378 3125 que

314 3143 430 3230 φάνφ,
465 3145 503 3210 ἐν
536 3143 636 3208 παντί
666 3143 757 3227 τόπῳ
785 3139 923 3226 ἀνόμων
974 3148 1103 3209 sanctos
1136 3143 1322 3226 injuriando
1348 3164 1378 3227 ο]

313 3249 369 3312 καί
391 3245 603 3327 ἀποστατῶν,
627 3244 666 3310 ἐν
684 3245 784 3309 παντὶ
799 3268 923 3310 κοινω-
973 3248 1053 3331 fert,
1083 3246 1221 3330 denique
1243 3249 1360 3309 eontra

313 3349 454 3434 νήσαντι
476 3353 516 3434 τῇ
538 3352 607 3413 τῶν
629 3346 736 3429 ἁγίων
751 3345 860 3432 ὕβρει,
884 3348 922 3412 ἐν
974 3349 1173 3414 anathemati
1196 3348 1350 3430 subjectis
1375 3349 1378 3410 i

314 3453 415 3515 παντὶ
457 3449 730 3535 προσπελάσαντι
773 3455 813 3535 τῇ
853 3455 922 3516 τῶν
973 3453 1151 3517 muniunt.

314 3551 657 3638 ἀναθεματισθέντων
689 3550 822 3637 ἀσεβῶν
849 3576 922 3617 κοι-

315 3658 431 3742 νωνίᾳ.
888 3707 890 3711 .

378 3760 408 3822 9.
452 3758 589 3823 Τούτων
622 3754 729 3834 οὕτως
767 3757 806 3822 ἐν
838 3752 923 3842 ὀργῇ
1037 3759 1067 3823 9.
1098 3756 1166 3821 Hos
1188 3757 1297 3842 itaque
1319 3760 1366 3820 ab

315 3861 553 3945 ἐζωγρημένων
585 3858 652 3925 ὑπὸ
681 3857 719 3925 τό
752 3856 922 3943 ἀμφίβλη-
974 3861 1106 3925 ultionis
1133 3858 1306 3944 implicitos
1339 3882 1378 3942 pr

314 3981 418 4048 στρον
454 3967 512 4047 τῆς
548 3963 769 4046 ἐκδικήσεως,
813 3965 935 4038 καλῶς.
974 3963 1133 4046 defugite,
1162 3984 1182 4025 a
1204 3961 1272 4025 Deo
1299 3960 1378 4026 dile(

313 4063 408 4151 ὑμεῖς
433 4065 631 4148 ἐξεκλίνατε,
653 4064 922 4149 θεοφιλέστατοι,
974 4065 1026 4128 via
1047 4064 1252 4129 decedentes:
1275 4065 1378 4147 praee

313 4170 419 4234 τόπον
446 4168 630 4243 δαίσαντες·
664 4171 775 4244 καλῶς
801 4164 924 4251 ἀφορί-
975 4167 1149 4249 secernite,
1178 4170 1273 4250 atque
1295 4187 1378 4229 eos:

315 4279 419 4356 σθητε
456 4271 491 4347 ἐξ
524 4266 655 4352 αὐτῶν,
691 4274 737 4354 τῷ
767 4269 924 4355 βορβόρῳ
953 4270 1080 4333 ¹sitatis
1116 4268 1184 4332 luto
1219 4267 1378 4333 volutnnh

315 4380 374 4458 τῇς
396 4366 514 4448 ἀδείας
540 4371 801 4455 ἐγκυλιομένους
823 4373 922 4454 ἐγκα-
975 4372 1101 4436 Gaudet
1122 4370 1283 4452 Christus,
1313 4391 1377 4452 pra

315 4479 541 4554 ταλείηιαντες.
572 4477 690 4558 Χαόρει
706 4472 849 4557 Χριστός
871 4475 922 4539 δι-
975 4472 1081 4538 eulum
1117 4472 1243 4537 illorum
1276 4471 1378 4537 videm

315 4578 521 4663 αιρούμενον
554 4578 614 4642 τόν
641 4575 834 4661 σύνδεσμον
860 4573 923 4641 αύ-
975 4577 1015 4640 ed
1042 4597 1076 4639 ee
1103 4574 1261 4660 recipere,
1291 4574 1350 4658 qui

316 4686 385 4747 τῶν
407 4676 514 4765 δρῶν·
546 4677 764 4763 εὐφραίνεται
787 4676 866 4754 τούς
889 4678 924 4756 ἐξ
976 4682 1097 4743 cerunt.
1154 4676 1206 4741 Illi
1242 4683 1274 4740 ιἰι
1310 4697 1378 4741 οταν

315 4781 430 4850 αὐτῶν
466 4780 779 4866 ἀποστατονμένους
818 4799 924 4864 προσ·
974 4789 1072 4861 equis,
1111 4802 1165 4845 nos
1193 4791 1291 4843 autem
1319 4784 1354 4842 ιἰι

317 4884 579 4976 λαμβανόμενος.
622 4881 761 4949 Ἐκεῖνοι
785 4885 828 4949 ἐν
851 4882 924 4968 ἀρ·
974 4890 1049 4948 mini
1079 4879 1372 4967 magnificabimur.
