3450 5678
211 320 274 386 348
691 336 718 385 s.
736 336 877 385 annssn
900 335 1014 384 esraa

83 502 199 571 (ales.)
212 494 275 575 tur,
299 489 443 577 quamil)
467 496 500 557 et
521 513 582 556 vox
605 490 723 558 Christi
746 494 779 554 et
800 490 957 575 majorum
984 489 1114 555 traditio
1142 493 1176 555 et
1203 511 1365 558 canonum
1392 490 1492 559 fulcit

214 593 400 677 auctoritas,
430 596 466 657 ut
495 595 597 658 totam
623 594 729 677 potius
757 592 937 659 Ecclesiam
964 614 1090 678 semper
1117 592 1189 677 ipsa
1210 592 1377 677 dijudicet.
1425 592 1492 661 Sed

214 696 360 781 cogitent
389 695 504 781 magis,
534 695 560 760 si
589 681 659 781 quis
687 696 721 759 in
749 696 795 761 eis
822 694 988 780 religionis
1010 698 1060 760 est
1081 716 1204 778 sensus,
1228 716 1270 760 ne
1291 695 1492 780 pravitatem

213 820 304 864 suam
325 798 508 863 nullatcnus
530 796 737 882 deponentes,
767 797 853 882 apud
879 796 984 864 Deum
1010 796 1219 882 hominesque
1247 797 1331 863 sedis
1359 802 1494 883 aposto

213 901 294 968 licae
321 902 476 986 perpetua
504 899 733 964 constitutione
761 899 964 966 damnentur.
1010 898 1063 966 Sic
1096 903 1203 966 autem
1236 900 1354 966 dicitnr
1387 901 1495 969 fuisse

213 1003 398 1086 diffinitum,
423 1005 458 1066 ut
480 1002 630 1088 deinceps
653 1001 692 1066 de
714 1003 845 1089 negotio
867 1002 948 1068 nihil
971 1002 1107 1086 dicatrrr,
1131 1001 1223 1089 quasi
1244 1003 1294 1068 rel
1309 1002 1401 1071 nurio
1422 1026 1493 1087 eos,

213 1103 477 1191 quemadmodum
499 1104 611 1188 nostis,
641 1126 712 1169 meo
740 1105 885 1171 duxerim
906 1105 1037 1171 nomine
1059 1105 1243 1190 specialiter
1264 1105 1492 1193 alloquendos.

213 1207 325 1293 Neque
346 1207 444 1292 plene
465 1229 539 1272 cum
561 1208 632 1273 istis
654 1231 720 1273 nou
744 1207 979 1294 corrigentibus
1001 1207 1143 1274 ineunda
1159 1208 1353 1295 congressio,
1379 1231 1494 1303 quem·

214 1310 383 1375 admodum
407 1332 478 1375 cum
501 1310 635 1376 aliarum
665 1333 788 1396 quoque
810 1309 979 1376 haeresum
1006 1311 1218 1378 sectatoribus
1246 1310 1414 1377 dimicatio
1442 1332 1494 1379 re-

213 1413 351 1478 nuenda.
390 1411 504 1500 Vos⁴⁰)
538 1416 644 1477 autem
678 1413 782 1478 salvos
814 1416 847 1479 et
879 1413 1015 1499 sospites
1047 1414 1238 1502 quantocius
1264 1414 1329 1481 hac
1354 1415 1492 1498 reverti,

214 1514 374 1582 continuis
392 1514 604 1583 Divinitatem
625 1516 707 1583 votis
730 1515 915 1601 expetimus.

716 1720 898 1826 Epistola
924 1723 975 1808 ll.

102 1858 201 1923 (θῑ494
385 1879 643 1963 Episcoporum
665 1875 868 1943 Dardaniae
890 1875 935 1943 ad
958 1874 1141 1944 Gelasium
1164 1896 1303 1963 papam.

120 1921 193 1987 init.)

247 2020 320 2069 Illius
338 2025 480 2083 praecepta
496 2033 524 2069 se
535 2023 612 2081 proto
623 2018 706 2068 animo
718 2018 861 2082 suscepisse
873 2018 997 2081 mnsam,
1016 2025 1092 2084 alque
1105 2018 1237 2085 Eutychis,
1259 2019 1340 2079 Petri,
1358 2018 1457 2069 Aeacii
1496 2018 1536 2084 pi

245 2111 449 2169 sectator-umque
467 2105 524 2167 ejus
542 2104 694 2154 consortium
708 2103 766 2166 jara
777 2109 854 2152 antes
866 2103 960 2153 citasse
972 2100 1007 2167 (n.
1021 2102 1054 2167 1).
1083 2104 1183 2164 Pelusi.
1202 2112 1230 2154 a!
1240 2119 1305 2171 qaas
1319 2103 1457 2170 Tryphoni

247 2191 430 2240 suumomni
447 2189 498 2253 ipsi
513 2189 682 2253 suggerenda,
707 2187 829 2253 benignus
845 2188 941 2247 nadal,
969 2195 994 2238 st
1011 2204 1065 2238 cnm
1082 2190 1150 2240 dicto
1168 2191 1222 2239 uiro
1240 2190 1347 2256 αιίᾳυεκ
1364 2205 1380 2240 s
1398 2190 1455 2241 sris

670 2274 706 2324 nd
722 2275 792 2337 ipsos
809 2274 919 2324 destinet
937 2270 971 2337 (s.
984 2272 1021 2337 2).

366 2407 533 2474 Domino
566 2410 707 2471 sancto
742 2405 923 2491 apostolo
951 2409 990 2471 et
1018 2406 1250 2472 beatissimo
1277 2408 1391 2492 patri
1419 2429 1489 2495 pa·

459 2513 560 2573 trum
583 2507 744 2573 Gelasio
766 2530 891 2595 papae
913 2508 1022 2574 urbis
1042 2507 1188 2576 Romae
1210 2508 1380 2576 humiles
1403 2510 1490 2598 epi·

459 2611 569 2696 scopi
591 2610 830 2677 Dardaniae.
889 2616 895 2623 '

301 2736 329 2798 1.
361 2731 576 2799 Salaberrima
599 2731 796 2815 apostolatus
819 2731 916 2796 vestri
931 2734 1113 2817 praecepta.
1138 2730 1312 2817 Tryphone
1329 2731 1401 2798 viro
1414 2720 1519 2801 reli!

215 2838 305 2924 gioso
327 2837 393 2901 filio
422 2837 532 2899 nostro
560 2834 741 2916 deferente,
771 2856 833 2918 qua
861 2837 988 2919 oportet
1014 2834 1183 2898 devotione
1205 2834 1422 2919 suscepimus,
1456 2839 1491 2902 et

215 2940 370 3004 maximas
393 2938 460 3003 Deo
483 2935 696 3020 omnipotenti
724 2941 757 3000 et
783 2936 978 3001 beatitudini
1007 2939 1132 3000 vestrae
1158 2936 1327 3001 referimus
1348 2937 1489 3023 gratias,

214 3042 297 3127 quod
320 3064 379 3106 nos
401 3039 556 3125 pastorali
578 3038 794 3102 admonitione
817 3041 849 3102 et
865 3037 1051 3124 evangelice
1066 3038 1212 3104 doctrine
1227 3037 1364 3103 visitare
1372 3039 1491 3127 digna·

214 3149 266 3210 tus
289 3168 334 3229 es,
358 3143 485 3208 domine
508 3144 629 3225 sancte,
654 3141 827 3226 apostolice
849 3143 882 3205 et
903 3140 1087 3206 beatissime
1108 3144 1201 3226 puter
1222 3143 1363 3226 patrum.
1395 3140 1492 3209 Desi-

215 3247 294 3312 derii
316 3246 403 3311 enim
426 3248 459 3309 et
480 3243 546 3308 voti
570 3244 672 3308 nostri
694 3246 753 3326 est,
772 3242 972 3327 jussionibus
994 3243 1109 3308 vestris
1130 3244 1166 3309 in
1180 3243 1329 3309 omnihus
1344 3243 1490 3331 obedire,

216 3354 248 3413 et
269 3347 535 3433 quemadmodum
564 3368 584 3410 a
610 3345 755 3430 putribus
786 3345 906 3409 nostris
933 3345 1131 3429 accepimus,
1166 3344 1250 3409 sedis
1277 3344 1490 3429 apostolicae,

216 3473 297 3535 quae
319 3451 405 3514 ritae
428 3453 461 3514 et
482 3448 605 3513 meritis
633 3448 747 3512 vestris
775 3446 881 3511 delata
909 3450 975 3530 est,
1005 3452 1178 3533 praecepta
1205 3447 1401 3513 intemerata
1422 3470 1491 3515 ser·

217 3576 309 3633 vere,
334 3556 428 3636 atque
451 3551 639 3637 religionem
661 3550 886 3632 orthodoxam,
911 3549 1001 3634 cujus
1024 3551 1100 3614 estis
1122 3550 1376 3634 praedicatores,
1400 3551 1490 3617 fideli

217 3659 248 3718 et
278 3654 441 3739 inculpata
474 3654 658 3735 claruimus,
697 3655 793 3737 prout
825 3655 954 3717 nostrae
987 3651 1176 3717 natiuitatis
1208 3674 1320 3717 sensus
1351 3654 1491 3739 patitur,

218 3756 386 3822 custodire.
432 3755 589 3840 Eutychis
617 3755 702 3819 enirn
731 3754 779 3818 vel
803 3755 890 3819 Petri
902 3754 926 3839 ¹)
949 3753 1123 3840 Acaoiique
1156 3757 1190 3820 et
1215 3755 1357 3820 omnium
1386 3750 1524 3823 m!

216 3865 322 3925 torum
344 3860 413 3943 ejus
435 3861 530 3944 atque
554 3858 747 3922 consortium
768 3856 856 3923 velut
878 3856 1034 3941 quaedam
1060 3857 1214 3941 pestilera
1236 3857 1389 3941 mntagia
1411 3862 1491 3925 ante

216 3965 355 4026 vestram
378 3983 502 4046 quoque
524 3959 695 4024 vitarimus
712 3959 901 4044 jussionem,
925 3963 958 4022 et
971 3958 1079 4023 'multo
1100 3958 1205 4043 magis
1227 3979 1314 4023 nunc
1336 3962 1414 4042 post
1433 3960 1491 4025 ad-

217 4065 426 4129 monitionem
449 4062 532 4127 sedis
555 4062 749 4144 apostolicae
771 4064 804 4125 et
827 4061 867 4125 ab
890 4060 1000 4125 eadem
1022 4082 1081 4125 noe
1096 4059 1273 4144 pollutione
1290 4079 1425 4126 necesse
1440 4064 1493 4127 est

218 4165 389 4246 abstinere,
418 4168 451 4228 et
473 4164 500 4227 si
523 4162 577 4246 qai
600 4162 654 4227 alii
678 4163 818 4246 ejusdem
834 4161 991 4247 Eutychis
1013 4164 1134 4227 sectam
1155 4161 1205 4227 vel
1220 4160 1309 4226 Petri
1325 4164 1359 4226 et
1374 4162 1493 4229 Aeacii

218 4272 275 4332 aut
296 4266 396 4332 secuti
419 4269 495 4330 sunt
516 4268 572 4330 aut
594 4268 778 4349 sequentur,
802 4264 852 4330 vel
867 4265 1050 4330 eorumdem
1071 4286 1140 4329 sese
1159 4262 1369 4349 complicibus
1392 4266 1493 4351 alque

285 4472 319 4537 ⁸⁹)
337 4468 416 4523 Solus
429 4468 457 4521 d¹
477 4475 592 4538 quonism
610 4480 635 4523 el
649 4512 667 4524 ..
678 4514 682 4525 .
695 4474 776 4535 fulsit.
807 4467 894 4524 Porro
912 4488 1023 4525 canones
1039 4466 1080 4522 ibi
1097 4466 1245 4523 memorali
1262 4466 1416 4538 praecipue
1428 4467 1492 4525 Su·

218 4556 343 4610 dicenses
362 4572 383 4608 c.
403 4562 427 4619 3,
444 4560 468 4620 l,
486 4560 500 4605 7
518 4554 593 4617 sunt,
612 4553 712 4621 quibus
731 4551 858 4607 omnibus
876 4552 1003 4608 fidelibus
1021 4553 1057 4608 ad
1075 4552 1170 4607 sedem
1189 4551 1372 4622 apostolicam
1390 4568 1493 4624 proso

218 4658 282 4694 care
299 4638 472 4710 permissum.

286 4727 318 4791 ⁴¹¹)
337 4725 454 4779 Faustus
472 4722 576 4793 quippe
595 4741 649 4776 una
667 4740 729 4777 cum
748 4724 861 4779 Irenaeo
879 4722 1026 4794 legationis
1045 4721 1166 4777 officium
1184 4721 1291 4778 obibat.

288 4828 307 4893 'J
326 4826 375 4880 list
392 4826 490 4881 Petrus
509 4824 710 4879 Alexandrinus
727 4826 994 4896 pseudoepiscopus,
1018 4825 1096 4895 cnjus
1114 4822 1354 4898 communionem
1372 4822 1494 4879 Acacium

220 4909 425 4966 contaminavit
457 4911 578 4979 Moxque
596 4918 750 4967 consortium
766 4911 842 4967 idem
860 4912 904 4966 est
920 4927 954 4967 ac
969 4915 1103 4967 sociem
