3450 5678
354 337 416 404 746
795 352 823 398 s
841 350 1047 399 uoamsosa
1070 350 1183 397 aaran

243 534 267 570 a.
281 522 338 571 515.
353 507 463 572 divina
485 506 668 591 specialiter
690 508 862 589 praecepta
889 507 1063 568 servantes.
1113 503 1201 580 Quae
1231 526 1281 569 res
1309 504 1463 588 majorem
1492 505 1633 590 superni

351 609 471 675 favoris
503 608 723 673 defensionem
753 611 859 670 vestro
892 609 1045 691 procurat
1076 607 1220 690 imperio.
1270 607 1371 671 Recte
1400 607 1487 671 enim
1514 607 1633 673 oblata

351 714 419 777 Deo
442 711 606 777 veneratio
629 708 913 794 inexpugnabilem
941 708 1063 772 devotis
1090 709 1252 774 mentibus
1277 731 1403 773 murum
1425 709 1632 775 defensionis

350 814 505 899 indulget.
550 811 689 877 Proinde
711 811 964 895 omnipotentem
986 810 1090 875 Deum
1111 810 1191 875 tusis
1213 811 1361 895 precibus
1383 833 1567 896 exoramus,
1593 818 1631 879 ut

350 917 403 1001 qui
426 916 515 980 vobis
538 915 677 979 studium
699 913 898 998 quaerendae
919 913 1125 977 ecclesiarum
1139 913 1228 998 pacis
1243 913 1388 998 indulsit,
1411 914 1481 999 ipse
1496 936 1630 1000 quoque

350 1018 442 1102 sub²)
466 1017 706 1082 consecratione
729 1014 905 1081 catholicae
927 1015 1001 1079 fidei
1024 1015 1179 1081 desiderio
1200 1019 1306 1081 vestro
1327 1038 1423 1101 super
1444 1016 1508 1082 hac
1531 1021 1630 1102 parte

350 1123 493 1205 praestet
515 1120 674 1183 effectum.

434 1222 466 1286 2.
500 1220 671 1286 Praeterea
693 1219 823 1284 directis
846 1220 886 1284 ad
908 1241 967 1284 nos
990 1221 1088 1284 sacris
1114 1220 1263 1286 affatibus
1286 1223 1628 1288 commemorationem

350 1323 456 1389 sancti
486 1323 613 1387 concilii
639 1322 746 1386 facere
774 1321 879 1406 pietas
906 1325 1013 1386 vestra
1040 1322 1176 1407 dignata
1204 1326 1263 1387 est.
1313 1322 1362 1387 De
1388 1345 1451 1407 qua
1480 1346 1516 1389 re
1546 1328 1628 1391 tunc

349 1426 571 1511 plenissimum
594 1424 769 1509 poterimus
792 1424 945 1507 praebere
967 1445 1172 1509 responsum,
1204 1447 1303 1510 quum
1336 1448 1465 1490 causam
1488 1448 1626 1513 congre

350 1528 492 1614 gationis
520 1548 578 1591 nos
609 1525 744 1591 voluerit
770 1525 935 1590 evidenter
962 1548 1146 1611 agnoscere.
1199 1526 1295 1592 Nunc
1321 1549 1395 1592 vero
1424 1528 1501 1612 quia
1532 1551 1626 1614 prae

350 1632 458 1694 stante
473 1628 612 1692 Domino
634 1630 744 1692 nostro
766 1627 842 1690 data
865 1630 914 1691 est
927 1627 1065 1693 sacriltas
1080 1628 1229 1713 alloqui0,
1254 1651 1397 1714 congrua
1412 1631 1626 1697 veneratione

350 1731 450 1797 debiti
483 1730 705 1815 praebebimus
738 1729 892 1794 sermonis
926 1729 1042 1795 officia.
1093 1730 1178 1795 Data
1210 1731 1312 1815 pridie
1344 1730 1457 1797 Nonas
1487 1733 1624 1819 Aprilis,

262 1812 270 1834 ⁸
350 1833 513 1898 Florentio
535 1833 602 1897 viro
625 1832 801 1897 clarissimo
825 1832 963 1896 consule.
1007 1831 1099 1916 Part)
1121 1837 1297 1899 Patricium.

858 2018 1039 2122 Epistola
1065 2020 1099 2102 5.

198 2151 562 2289 (fflffiiflfllormlsdac
586 2188 696 2255 papae
718 2171 761 2236 ad
785 2171 1008 2241 Dorotheum
1029 2172 1378 2241 Thessalonicensem
1402 2176 1626 2262 episcopum.

383 2314 491 2362 Littera
510 2313 634 2362 Dorothei
650 2329 722 2377 quum
740 2311 962 2375 deprehendisset,
985 2328 1039 2362 eurn
1061 2313 1097 2362 ita
1120 2315 1193 2377 pacit
1211 2328 1266 2363 este
1283 2315 1433 2374 studiorum,
1458 2324 1488 2366 ut
1505 2325 1594 2370 tanen

381 2397 494 2448 humanis
511 2398 593 2448 adbuc
610 2397 750 2447 rationibus
767 2397 910 2453 duceretur.
929 2413 982 2448 eunr
1000 2398 1126 2456 bortatur,
1145 2405 1172 2447 ut
1189 2401 1256 2449 omni
1272 2400 1360 2449 umore
1378 2416 1410 2449 ac
1421 2417 1489 2451 uano
1499 2406 1592 2456 studio

636 2482 738 2545 abjecto
756 2484 848 2532 auitam
862 2483 938 2544 fldem
955 2484 1079 2547 inteprarn
1095 2498 1199 2533 seruare
1217 2483 1325 2538 taboret.

500 2614 776 2679 Dilectissimo
798 2614 922 2678 fratri
937 2614 1137 2680 Dorotheo
1159 2615 1346 2702 episcopo
1368 2615 1627 2708 Hormisda¹)

593 2738 813 2800 episcopus.

434 2841 462 2902 1.
498 2836 561 2902 Ubi
585 2836 729 2901 caritatis
751 2837 886 2901 interest
907 2858 1033 2902 servare
1055 2840 1238 2923 praecepta,
1263 2838 1388 2904 etiamsi
1411 2839 1538 2927 aliquid
1559 2847 1629 2912 tale

348 2940 476 3008 eveniat
498 2938 581 3024 quod
597 2938 769 3022 cujuslibet
783 2939 884 3022 possit
900 2940 1024 3004 animos
1040 2962 1247 3024 commovere,
1270 2944 1380 3006 tamen
1397 2948 1433 3007 ut
1449 2967 1490 3010 ea
1504 2950 1628 3031 quaes)

348 3042 534 3110 concordiae
572 3041 813 3105 couversatione
849 3041 1065 3124 praediximus
1105 3041 1243 3107 debeant
1278 3044 1445 3129 custodiri,
1493 3056 1629 3133 oportet

348 3144 580 3230 aequanimiter
602 3143 832 3227 praetermitti,
861 3144 936 3228 quia
964 3145 1073 3229 utique
1102 3145 1129 3208 si
1151 3144 1227 3229 quid
1249 3147 1435 3232 ignorantia
1457 3148 1528 3215 tale
1552 3176 1628 3238 pro

346 3248 466 3331 veniat,
491 3246 729 3310 excusationem
752 3249 859 3329 potest
873 3245 911 3309 de
926 3245 996 3329 ipsa
1012 3245 1218 3331 simplicitate
1233 3248 1385 3332 recipere.
1415 3248 1517 3316 Suam
1534 3253 1629 3321 Deus

347 3353 455 3416 noster
481 3348 660 3413 Ecclesiam
689 3348 819 3431 propria
847 3347 1049 3412 ordinatione
1077 3349 1259 3433 constituit,
1294 3354 1327 3414 et
1335 3351 1361 3435 ³)
1388 3352 1473 3436 quod
1502 3354 1629 3423 divinis

346 3451 526 3537 praeceptis
553 3449 696 3514 noscitur
723 3472 791 3513 esse
824 3449 1029 3534 dispositum,
1068 3449 1252 3516 nullatenus
1283 3453 1402 3537 poterit
1434 3460 1627 3543 praeteriri,

349 3555 438 3638 cujus
460 3553 609 3618 notitiam
631 3552 681 3616 vel
703 3551 872 3616 scientiam
886 3554 919 3616 te
934 3574 1000 3617 non
1017 3552 1199 3630 convenit⁴)
1222 3553 1382 3638 ignorare.
1411 3554 1453 3620 In
1468 3557 1628 3627 faciendo

414 3811 435 3876 ²)
454 3808 497 3861 Ita
515 3807 548 3860 (3¹
563 3809 599 3862 at
636 3806 702 3861 bec
720 3804 904 3861 emendarunt
919 3811 964 3861 nrt
983 3814 1187 3872 conservatione,
1210 3809 1240 3862 et
1256 3808 1394 3863 consentit
1411 3812 1491 3878 quod
1508 3814 1549 3869 ad
1569 3816 1627 3872 ml-

347 3911 407 3948 com
425 3892 559 3963 epistolae
577 3892 718 3960 sequentis
735 3889 893 3960 subjicitur:
916 3896 963 3946 troc
985 3899 1053 3962 quod
1070 3913 1086 3946 a
1100 3895 1218 3962 patritus
1236 3899 1330 3949 nostris
1348 3900 1496 3961 accepim
1513 3919 1626 3957 conee-

346 3990 442 4034 canter.

415 4067 435 4131 ³)
453 4060 550 4140 ΜΘ*
569 4061 685 4130 antiqua
702 4078 787 4115 manu
804 4061 840 4115 ad
857 4078 946 4130 marg.
965 4061 1057 4128 andiu
1075 4061 1143 4117 editi
1161 4062 1302 4118 omittunt

362 4153 379 4202 5
416 4151 434 4215 ¹)
453 4146 615 4217 Respondet
631 4145 765 4216 epistolae
784 4154 813 4212 3,
837 4164 921 4215 quam
942 4148 974 4200 ut
996 4147 1112 4202 miserat
1128 4148 1286 4203 Dorotheus
1306 4165 1362 4205 una
1381 4165 1444 4204 cum
1464 4152 1628 4222 spiatohz

345 4230 534 4303 imperatoris,
551 4231 593 4285 ita
611 4232 640 4285 ot
651 4231 750 4285 eodem
761 4233 902 4301 tempore,
921 4247 975 4300 quo
993 4231 1158 4302 imperator,
1176 4234 1384 4304 responsionem
1401 4237 1517 4297 meruit
1548 4239 1627 4297 Data

345 4317 433 4389 igitur
450 4315 504 4370 suit
521 4316 546 4370 d.
566 4323 590 4369 4.
610 4315 713 4386 Aprilis
731 4333 775 4370 an.
795 4322 853 4370 trs.

412 4405 433 4471 ²)
450 4400 541 4469 Magis
563 4401 688 4471 placeret
709 4421 773 4471 quac
793 4406 825 4454 dc
842 4407 996 4456 concordiae
1018 4409 1217 4458 conservatione.
1246 4403 1310 4458 Mox
1327 4406 1513 4476 postoportet
1524 4430 1624 4482 aequ-

342 4493 444 4547 nimt‘ter
465 4492 646 4556 praetermitti,
675 4485 852 4555 subintellige
874 4494 1016 4555 scrupulum
1041 4493 1120 4545 illunc.
1150 4506 1205 4557 quo
1231 4488 1344 4544 timeret
1366 4488 1487 4559 alicuius
1509 4495 1625 4553 animoa

345 4589 527 4628 commovere.
558 4574 664 4641 Oportet
683 4570 769 4637 cuim,
787 4572 817 4624 ut
835 4571 958 4641 apertius
976 4572 1055 4642 epist.
1075 4579 1091 4626 c
1109 4581 1161 4627 nt
1179 4572 1254 4628 idem
1271 4590 1347 4645 papa
1364 4574 1462 4643 docet,
1481 4583 1525 4633 ubi·
1542 4586 1624 4637 wer·

345 4669 383 4712 est
397 4663 472 4724 fidei,
491 4661 614 4727 quidquid
629 4663 665 4710 ad
679 4661 788 4725 protinus
806 4662 881 4723 hujus
898 4664 994 4711 saccub'
1010 4664 1121 4726 pertinet
1139 4671 1285 4727 respuatur.

412 4745 433 4809 ³)
451 4742 482 4795 In
505 4742 624 4811 vulgatis
646 4753 673 4795 ut
694 4746 774 4809 qaod.-
797 4741 929 4795 orationis
947 4741 1030 4797 series
1052 4743 1175 4812 postulat
1192 4755 1218 4797 et
1240 4751 1314 4815 qaod.
1351 4745 1388 4801 Et
1404 4746 1543 4817 frequen·
1562 4751 1623 4820 qui-

344 4826 409 4880 dem
426 4825 455 4880 in
472 4827 612 4881 veteribus
630 4825 708 4880 libris
726 4825 844 4879 mutatio
862 4826 1015 4896 particulae
1033 4838 1058 4881 et
1076 4826 1104 4881 in
1121 4840 1160 4892 ut,
1179 4831 1208 4882 et
1225 4828 1352 4884 vicissim.

412 4913 432 4977 ⁴)
451 4911 485 4966 G'
500 4914 525 4966 α’
545 4919 661 4981 capnooit
730 4917 868 4966 laudantur
887 4911 931 4980 (θ’
951 4916 1099 4981 laudamus).
