3412 5664
342 332 406 399 884
643 304 654 321 ⁶
782 352 811 401 s.
827 351 1035 401 nonmsnnn
1056 350 1172 399 renes

211 512 328 579 (aare)
343 505 520 583 catholicae
541 505 615 569 fidei
637 501 912 590 redintegi'stione
934 505 1155 591 persolvimus,
1179 507 1342 587 optantes,
1364 503 1563 588 utipserestn's

342 608 488 673 sensibus
509 630 567 692 pro
590 608 744 692 religione
767 629 841 690 sua,
865 607 947 693 quod
971 609 1147 689 concessit,
1172 606 1274 691 longa
1296 608 1404 671 aetate
1425 628 1564 672 conservare

342 711 493 796 dignetur
520 711 675 775 studium:
710 714 747 774 ut
769 710 851 775 sicut
872 731 1043 794 personam
1072 712 1211 774 vestram
1243 707 1418 793 imperialis
1442 710 1565 793 sanguinis

342 834 423 876 vena
445 812 606 895 nobilitat,
631 813 677 876 ita
701 813 916 877 conscientiae
938 813 1095 876 bonorum
1109 811 1297 875 meritorum
1313 810 1385 874 luce
1398 811 1565 895 praefulgeat.

341 913 434 978 Unde
456 915 635 978 salutantes
659 917 746 979 cultu
769 918 864 999 atque
885 913 1129 979 honorificentia
1152 913 1350 997 competenti
1371 912 1526 996 poscimus,
1545 920 1568 976 ut

339 1017 517 1101 incoque
541 1010 690 1101 coepistis
713 1038 900 1100 permanere
927 1017 1092 1101 proposito
1120 1015 1281 1096 debentia,
1312 1019 1346 1078 et
1373 1015 1446 1079 dare
1467 1036 1567 1098 operam,

339 1121 376 1180 nt
399 1118 437 1181 ad
461 1119 609 1183 ellectum
632 1123 765 1183 conotus
787 1121 899 1183 tantae
915 1140 1030 1183 causae
1053 1117 1235 1201 perveniat:
1258 1138 1300 1180 ne
1316 1115 1443 1200 aliquod
1457 1117 1486 1179 in
1497 1120 1568 1200 pse

339 1241 409 1283 ruru
432 1243 540 1284 semen
563 1220 657 1304 hujus
672 1221 748 1285 muli
764 1224 939 1304 remaneat,
963 1220 1048 1283 unde
1062 1218 1197 1303 posthac
1211 1218 1271 1281 sub
1286 1217 1429 1302 qnalibet
1442 1218 1568 1281 occasione

340 1321 489 1387 iuimicus
511 1322 646 1407 quilibet
667 1323 741 1387 fidei
763 1323 945 1387 renirescat.

840 1509 1021 1612 Epistola
1047 1510 1105 1592 86.

674 1662 887 1729 Hormisdou
909 1679 1019 1747 papae
1042 1660 1086 1727 ad
1109 1659 1276 1728 (irritum.

674 1803 706 1853 Ut
725 1804 757 1852 dc
774 1805 856 1853 salute
873 1819 921 1853 sua
937 1804 1018 1867 ipsum
1036 1803 1170 1853 certiorem
1185 1801 1277 1863 faciut

490 1932 703 1999 Hormisds
726 1934 849 2000 Grato
871 1935 954 1999 viro
976 1933 1184 2021 sublimi¹).

424 2050 637 2118 Contristavit
657 2075 716 2118 nos
738 2054 960 2139 amplitudinis
982 2056 1108 2118 vestrae
1130 2052 1306 2135 silentium,
1330 2052 1404 2137 quia
1417 2052 1569 2135 intorques

338 2153 417 2217 libet
439 2156 664 2239 occupationes
686 2157 788 2220 nostri
811 2178 880 2220 esse
902 2177 968 2220 non
991 2154 1145 2219 debuistis
1159 2154 1373 2218 immemores.
1410 2152 1452 2217 Et
1469 2152 1526 2215 ideo
1541 2172 1569 2214 ne

338 2256 421 2338 quod
443 2255 476 2320 in
491 2257 581 2321 vobis
603 2257 865 2341 reprehendimus
879 2258 1043 2322 incurrero
1057 2257 1232 2338 videamur,
1256 2277 1388 2321 necesse
1401 2254 1460 2319 fuit
1471 2274 1569 2338 operam

338 2357 404 2419 stili
431 2360 611 2441 praesentis
642 2382 819 2443 assumere,
856 2381 914 2443 per
946 2381 1042 2444 quam
1074 2358 1278 2423 nobilitatem
1313 2360 1402 2421 tuam
1432 2354 1569 2420 honorifice

338 2458 529 2545 salutamus,
559 2463 776 2545 postulantes,
806 2463 843 2525 ut
864 2461 1113 2525 sollicitudinem
1134 2464 1278 2525 nostram
1306 2459 1345 2523 dc
1373 2460 1452 2523 bono
1475 2460 1569 2521 vestm

337 2562 560 2645 prosperitatis
592 2584 658 2627 non
691 2562 863 2651 desiistis,
883 2563 1011 2627 efficere
1049 2562 1232 2646 certiorem,
1269 2562 1344 2647 quia
1380 2557 1569 2625 incolumitate

336 2666 462 2728 vestrae
495 2664 580 2729 bona
613 2664 809 2749 quibuslibet
835 2663 963 2730 indiciis
992 2664 1059 2729 Deo
1092 2667 1202 2728 nostro
1234 2664 1379 2747 cupimus
1409 2660 1568 2747 propitiante

338 2787 539 2850 cognoscere.

839 2955 1021 3057 Epistola
1046 2954 1103 3039 87.

214 3158 229 3201 2,
242 3150 309 3217 M,
444 3106 656 3174 Hormisdae
678 3124 788 3191 papae
810 3107 854 3173 ad
877 3106 1096 3175 Germanum
1117 3108 1328 3187 ceterosque
1351 3106 1488 3188 legatos.

205 3098 229 3135 a.
238 3088 287 3136 sle
298 3081 323 3135 (l.

374 3244 407 3294 ur
424 3249 496 3310 apud
510 3248 689 3312 imperatorem
712 3250 819 3313 ejusque
841 3250 974 3312 conjnpem
991 3257 1082 3314 ayant,
1106 3262 1155 3313 quo
1173 3260 1258 3297 omnes
1276 3247 1409 3304 ecclesiae,
1430 3242 1543 3308 praecipue

370 3346 431 3380 vero
453 3332 633 3382 Aleaeendrr'aa
651 3339 676 3382 et
694 3333 867 3391 Antiocheae,
891 3335 927 3383 ud
943 3333 1187 3397 apostolicaesedis
1205 3332 1396 3382 communionem
1412 3334 1541 3379 reuocentur.

489 3462 703 3529 Hormisda
731 3464 925 3530 Germano
953 3468 992 3530 et
1017 3463 1196 3529 Johanni
1230 3463 1445 3547 episc-opis,
1471 3454 1567 3523 felici

540 3570 578 3630 et
599 3566 790 3631 Dioscoro
813 3567 1013 3649 diaconis,
1037 3570 1076 3630 et
1098 3564 1250 3629 Blando
1272 3565 1502 3648 presbytero.

228 3702 321 3763 epus.
420 3683 468 3748 De
490 3684 551 3768 his,
575 3707 656 3770 quac
679 3688 752 3749 acta
775 3685 919 3750 caritatis
936 3688 1060 3749 vestrae
1075 3684 1189 3749 relatio
1206 3682 1454 3767 comprehendit,
1475 3677 1568 3766 gratis

335 3785 403 3849 Deo
426 3789 535 3850 nostro
562 3789 740 3869 referimus,
764 3789 818 3871 qui
840 3788 982 3851 laborem
1004 3790 1145 3851 vestrum
1169 3786 1285 3869 juvare
1306 3785 1456 3869 dignatus
1475 3786 1569 3847 sue

334 3887 514 3973 hortamur,
543 3892 579 3953 ut
603 3888 850 3953 clementissimo
870 3889 1011 3973 principi
1033 3889 1066 3951 et
1089 3887 1253 3970 piissimae
1276 3888 1443 3971 Augustae
1469 3878 1571 3965 conjugi

334 3990 401 4073 ejus
431 3991 544 4055 officiis
570 3991 738 4055 imminere
766 3991 1020 4075 competentibus
1048 3989 1205 4074 debeatis,
1241 3992 1274 4053 et
1304 4010 1401 4075 agere
1428 3986 1572 4052 auxssienle

334 4090 461 4157 Christo
483 4096 594 4157 nostro
616 4093 773 4157 universis
796 4093 855 4157 sub
878 4092 1096 4158 ecclesiastica
1118 4091 1342 4157 observatione
1364 4090 1530 4176 dispositis.
1548 4090 1574 4147 ul

333 4215 443 4258 omnes
465 4195 628 4277 ecclcsiae,
652 4218 733 4279 quae
755 4196 790 4258 in
812 4195 955 4280 qualibet
969 4194 1081 4258 mundi
1103 4197 1195 4278 parte
1209 4197 1286 4259 sunt
1306 4194 1444 4278 positae,
1466 4192 1578 4257 adcon·

333 4296 517 4360 munionem
539 4297 622 4361 sedis
645 4296 838 4381 apostolicae
860 4300 1059 4363 revocentur.
1096 4296 1144 4360 De
1167 4296 1393 4359 Alexandrina
1415 4318 1490 4361 vero
1507 4306 1582 4379 atque

332 4398 536 4463 Antiocheno
558 4399 700 4463 ecclesiis
723 4398 894 4482 elaborate,
920 4402 957 4463 ut
979 4402 1108 4463 nostrae
1130 4398 1205 4462 lidei
1227 4397 1287 4462 sub
1309 4397 1531 4465 observatione
1549 4418 1587 4461 re·

331 4499 480 4564 tionabili
504 4503 754 4584 connectantur,
783 4501 858 4586 qnia
879 4504 991 4565 tantae
1013 4502 1059 4565 rei
1082 4500 1238 4585 perfectio
1259 4503 1330 4565 tam
1359 4501 1591 4567 clementissimo

330 4744 363 4793 86
401 4743 407 4773 ¹
410 4756 419 4807 )
432 4744 509 4803 Quae
526 4739 609 4807 liujus
622 4737 702 4792 Grati
721 4738 843 4805 dignitas
861 4739 957 4803 fuerit,
976 4757 1009 4793 ex
1023 4740 1149 4811 epistolis
1161 4745 1195 4793 42
1207 4741 1237 4793 et
1249 4744 1283 4793 46
1296 4744 1410 4813 repete.
1444 4744 1539 4800 Amice
1549 4760 1600 4797 cnm

331 4840 364 4875 eo
387 4823 558 4892 expostulat,
591 4824 664 4891 quod
689 4824 764 4876 Pulli
778 4823 819 4875 nis
846 4824 1056 4894 opportunitate
1084 4824 1164 4891 eata,
1197 4824 1291 4879 nullas
1316 4827 1356 4881 ab
1380 4844 1419 4883 co
1442 4828 1550 4885 litteras
1569 4850 1590 4883 e·

331 4908 444 4976 ceperit.
