3450 5678
267 310 329 375 ‘116
721 326 748 373 s.
767 323 948 373 svunacur
969 323 1084 370 aaran

161 496 252 545 nola
265 502 356 563 nem,
389 479 424 543 in
451 479 573 543 duabus
603 483 709 574 antem
738 478 1033 563 subsistentibus²¹)
1062 479 1186 542 naturis
1217 500 1290 543 cum
1319 478 1447 542 unitate
1474 494 1611 543 nez]

160 600 166 613 ·
266 583 336 667 pati
359 582 520 666 confiteri,
555 585 591 646 ut
612 604 646 645 se
668 582 805 645 doceant
827 582 1022 645 Arianorum
1045 603 1113 645 esse
1135 581 1330 664 imitatores,
1363 580 1507 645 dicentia
1591 596 1617 639 n

266 706 324 769 per
345 683 462 747 Filium
484 684 704 769 glorificari²²)
727 683 868 767 Patrem,
899 705 971 748 cum
992 682 1075 747 Filio
1098 686 1207 747 autem
1227 706 1296 748 non
1317 683 1388 768 pati
1410 704 1445 746 se
1469 698 1621 746 eut-m

267 786 451 872 glorificari.
497 785 559 851 Sed
581 787 664 850 sicut
686 788 798 850 contra
820 784 891 849 illos
919 786 1096 850 docuerunt
1122 786 1240 850 fratres
1272 786 1321 850 tui
1343 779 1626 849 sanctissimi

268 893 386 975 patres,
416 911 498 969 „per
520 896 632 968 qnem“
660 892 693 953 et
713 910 807 968 ‚num
830 895 914 968 quo“
936 888 1113 971 aequaliter
1135 888 1204 971 pati
1226 887 1331 953 dicere
1353 910 1430 971 nos,
1454 888 1557 972 qui·.-.
1587 886 1629 947 ia.

268 1013 349 1072 „per
371 994 482 1070 qnem“
504 990 750 1073 humanitatem,
774 1012 865 1068 „cum
880 998 973 1074 quo“,
997 990 1201 1054 divinitatem
1222 990 1413 1075 significant
1430 983 1634 1076 mag-:ni

268 1095 330 1158 Dei
352 1096 384 1157 et
404 1093 579 1159 Salvatoris
602 1093 703 1157 nostri
726 1093 805 1157 Jesu
827 1092 962 1157 Christi:
992 1092 1038 1155 sic
1061 1095 1094 1155 et
1115 1114 1203 1157 nunc
1225 1092 1306 1175 illis,
1335 1114 1404 1170 „ex
1426 1098 1565 1157 duabu
1587 1104 1638 1149 ann·

269 1196 395 1281 quidem
418 1202 563 1260 naturis“
585 1195 782 1279 dicentibus,
815 1203 873 1273 „in
901 1200 1041 1260 dnobus“
1068 1198 1176 1258 autem
1202 1216 1270 1259 non
1299 1194 1641 1263 confitentibuama

268 1321 328 1363 nos
348 1320 414 1378 „ex
436 1303 579 1362 duobus“
601 1301 633 1361 et
654 1306 709 1376 „in
733 1303 874 1363 daubus“
895 1299 1017 1382 pariter
1039 1297 1184 1362 dicimus.
1240 1303 1292 1362 Ex
1314 1302 1435 1362 duabus
1457 1290 1646 1362 eni-:im

269 1402 423 1484 dicenteS,
448 1423 486 1464 ex
508 1402 622 1486 quibus
645 1401 791 1465 subsistit
811 1400 929 1482 unitas,
953 1407 983 1465 in
1000 1405 1118 1464 duobus
1133 1403 1252 1483 autem,
1275 1399 1442 1484 inquibus
1456 1400 1587 1464 visu
1603 1410 1649 1453 ³¹1⁵

270 1507 319 1569 est
341 1506 374 1567 et
396 1503 544 1587 palpatus
568 1507 616 1568 est
638 1508 670 1566 et
692 1505 874 1586 assumptus
902 1505 977 1587 post
997 1503 1178 1586 passionem
1208 1505 1241 1565 et
1262 1501 1651 1569 resurrectionum

271 1606 470 1688 confitemur,
494 1609 527 1670 et
547 1606 583 1669 in
605 1606 719 1690 quibus
741 1605 849 1669 veniet
867 1605 1068 1687 judicaturus
1090 1604 1179 1667 vivos
1195 1608 1228 1668 et
1242 1608 1396 1669 mortuos.
1431 1602 1598 1690 Neqth
1609 1612 1655 1677 ,1¹⁰

271 1708 357 1773 enim
379 1708 465 1772 nuda
477 1706 639 1772 Divinitas
662 1710 789 1791 poterat
811 1710 867 1770 aut
881 1706 1007 1791 palpari
1023 1709 1079 1769 aut
1095 1706 1238 1790 crucifigi
1261 1728 1320 1791 pro
1337 1707 1405 1771 vita
1419 1692 1656 1771 mundhli,

271 1831 331 1874 nee
353 1809 488 1893 simplex
510 1810 694 1873 humanitas
717 1809 812 1873 morti
828 1809 997 1892 subjacens
1020 1829 1078 1893 per
1092 1811 1228 1872 mortem
1246 1809 1443 1873 confundere
1458 1816 1659 1873 eunrffl·

271 1912 325 1997 qui
347 1912 515 1976 obtinebat
536 1915 683 1994 mortem,
706 1911 767 1975 hoc
788 1914 836 1974 est
858 1911 1030 1975 ‹babolum
1072 1910 1166 1975 Unde
1188 1913 1316 1995 etpost
1338 1912 1571 1975 resurrectio
1590 1896 1662 1963 ili

271 2035 345 2078 nem
373 2015 408 2078 in
441 2013 646 2078 immaculata
677 2035 772 2078 carne
799 2035 857 2077 sua
884 2013 988 2077 visum
1010 2012 1153 2077 Verbum
1175 2012 1234 2078 Dei
1263 2017 1297 2078 et
1318 2012 1407 2077 Deus
1434 2000 1665 2078 nostes>der

271 2116 419 2180 omnibus
446 2116 610 2199 discipulis
638 2115 703 2178 suis
731 2115 874 2180 dicebat:
904 2122 1009 2181 Videte
1035 2138 1144 2181 manus
1170 2136 1251 2180 meus
1279 2128 1308 2179 et
1330 2122 1427 2194 pedes
1452 2114 1667 2181 morawa

271 2225 344 2299 quia
366 2239 422 2298 epo
443 2225 508 2299 ipse
528 2240 610 2291 surm
631 2225 760 2298 palpate
780 2230 809 2281 et
831 2224 935 2289 videte,
960 2225 1032 2297 qnia
1053 2225 1179 2298 spiritus
1196 2239 1320 2283 curnem
1342 2230 1373 2282 et
1395 2238 1464 2283 osia
1483 2214 1670 2283 ἰιι-,ΦΨΙ

271 2326 376 2400 babet,
405 2327 482 2386 sicci
503 2342 550 2384 me
571 2325 677 2385 tridens
698 2326 864 2385 nabentem.
910 2325 1074 2384 Hubcniem
1103 2320 1200 2403 dixit,
1234 2323 1272 2384 ut
1292 2342 1359 2384 non
1381 2319 1411 2384 is
1431 2319 1467 2385 in
1488 2293 1673 2385 illelmi*

271 2426 413 2487 mutatus
441 2424 625 2506 putaretur,
658 2423 713 2486 sed
740 2423 775 2486 in
802 2423 937 2486 veritate
966 2423 1175 2505 assumpsisse
1204 2422 1398 2487 crederetur.
1443 2412 1607 2486 Beria
1618 2396 1677 2463 ’il

238 2546 257 2624 ⁸.
271 2546 395 2610 quoque
417 2524 558 2588 Thomas
581 2524 739 2588 diffidenti
769 2524 901 2589 clamat:
928 2528 1021 2602 laser
1042 2530 1169 2603 dipitnm
1192 2536 1274 2589 inum
1296 2538 1326 2588 et
1348 2530 1418 2588 vide
1437 2512 1682 2655 monn->⁸3

176 2094 239 2146 leuc.

165 2168 257 2227 anae.

272 2648 368 2705 meas,
397 2638 426 2690 ci
448 2633 490 2690 da
511 2648 633 2692 inanum
656 2640 738 2691 tunm
765 2640 794 2690 ct
819 2635 903 2692 mitte
925 2635 956 2691 in
978 2635 1059 2691 latin
1080 2648 1192 2703 menn,
1227 2638 1256 2691 ct
1278 2633 1344 2691 noli
1363 2648 1428 2691 esce
1449 2633 1601 2691 incre-⁴³
1660 2693 1666 2705 ‚

274 2735 362 2794 dulus
388 2735 443 2793 sed
465 2736 575 2806 fidelis.
615 2728 708 2793 Unde
731 2729 806 2792 dum
823 2733 1049 2812 assumeretur,
1073 2729 1134 2793 duo
1157 2729 1217 2792 viri
1240 2728 1300 2792 visi
1323 2728 1489 2815 discipulis
1508 2706 1633 2792 ini
1658 2712 1686 2755 ¹¹¹

122 2849 180 2901 aet.
191 2855 212 2913 1,
224 2854 261 2900 ιι.
273 2830 354 2897 albis
376 2832 518 2896 vestibus
542 2831 725 2896 clamabant
748 2835 781 2895 et
797 2832 961 2896 dicebant:
991 2839 1060 2897 Viri
1074 2838 1220 2909 Galiluei,
1245 2836 1321 2911 qriid
1340 2839 1428 2897 ciniis
1445 2812 1690 2917 adipi-‘’⁴3''

272 2942 384 3001 cientes
406 2941 593 2999 incoctum?
630 2939 690 2998 llic
709 2940 812 3011 Iesus,
846 2942 899 3014 qni
924 2940 1042 2998 oblatus
1070 2947 1113 2998 est
1141 2939 1264 2999 euobis
1285 2940 1317 2997 in
1339 2940 1473 3011 coelum,
1500 2906 1692 3017 tofi

273 3045 384 3115 veniet,
415 3044 493 3102 siccet
515 3044 630 3102 vidistis
651 3049 766 3102 euntem
789 3046 818 3102 in
842 3043 973 3101 coelum:
1005 3039 1041 3099 ut
1063 3035 1139 3099 dum
1161 3035 1285 3101 venerit
1306 3035 1490 3101 omnimodo
1509 3012 1696 3131 in212‘u¹

273 3140 378 3225 gloria
400 3139 507 3204 Patris
536 3162 607 3204 curn
629 3140 750 3203 salietis
778 3138 902 3223 augelis
931 3138 966 3202 in
994 3138 1046 3201 die
1072 3137 1209 3201 terribili
1233 3138 1314 3221 justi
1338 3138 1473 3221 judicii,
1499 3138 1605 3201 sic‘)
1618 3112 1700 3235 ’ἒξ

273 3241 418 3306 infideles
445 3242 560 3306 durlaci
587 3242 717 3306 videant
750 3241 784 3305 iu
813 3264 908 3325 quem
936 3242 1207 3325 compunxerunt,
1243 3238 1581 3325 compeccatores²³i(
1606 3210 1643 3251 ε
1696 3204 1703 3255 l

274 3348 381 3409 autem
403 3346 465 3409 mei
489 3366 576 3428 eum,
601 3345 653 3428 qui
678 3366 787 3407 eorum
808 3345 957 3408 misertus
979 3347 1029 3407 est
1050 3347 1083 3407 et
1105 3342 1253 3407 liberavit
1275 3364 1345 3425 eos,
1379 3342 1543 3429 neglectim
1574 3312 1706 3389 βω

274 3450 381 3511 autem
410 3448 451 3510 ab
479 3447 524 3510 eis
552 3451 611 3510 est.
667 3446 848 3510 Secundum
877 3468 932 3510 vos
962 3450 1068 3509 autem
1091 3445 1195 3510 sancti
1223 3453 1257 3508 et
1274 3445 1356 3528 justi
1379 3444 1542 3525 videbunt,
1590 3416 1666 3503 «ι’
1679 3398 1708 3473 i’

274 3572 367 3634 quem
404 3549 515 3613 dilexit
552 3549 661 3613 anima
694 3570 817 3631 eorum,
856 3552 888 3612 et
924 3548 1132 3612 laetabuntur
1159 3546 1285 3611 laetitia
1323 3547 1481 3613 ineffabili
1513 3550 1545 3613 et
1592 3498 1712 3591 :ld

342 3790 374 3855 ²¹)
392 3789 452 3841 Hoc
470 3790 524 3841 est:
545 3789 740 3856 persistentibus
761 3796 822 3853 poci
843 3791 930 3839 curnis
947 3798 1051 3841 nostrae
1067 3790 1265 3854 meepiionenr
1288 3784 1544 3855 quandonam
1622 3748 1712 3813 ‘a'

276 3872 453 3942 Eutychiani,
471 3875 600 3926 naturam
616 3872 769 3925 humanam
786 3869 815 3923 in
827 3870 937 3925 Christo
955 3871 1000 3925 vel
1018 3870 1190 3925 consumtam
1208 3868 1253 3923 vel
1270 3870 1417 3925 boninum
1430 3869 1545 3925 santien-
1629 3866 1652 3879 ‘
1663 3834 1706 3881 a

274 3961 328 4024 tes,
346 3957 407 4028 pati
424 3973 480 4011 nou
498 3958 624 4027 possunt.
661 3957 692 4010 ln
709 3956 763 4011 hoc
779 3972 864 4025 porro
882 3955 1171 4021 menandrianos,
1190 3954 1266 4023 quod
1284 3970 1348 4009 cnm
1365 3954 1401 4009 iis
1419 3972 1504 4011 nnana
1518 3953 1545 4009 in

275 4043 384 4098 Christo
402 4047 532 4098 namram
548 4043 647 4108 velint,
671 4041 710 4095 illi
733 4042 846 4109 quidem
864 4041 953 4095 solam
971 4043 1135 4107 humanam,
1154 4040 1208 4112 ipsi
1225 4056 1293 4095 varo
1310 4040 1401 4095 uolam
1419 4040 1547 4099 divium.
1646 4044 1666 4063 ‘

275 4128 359 4184 ambo
377 4130 471 4183 tamen
490 4146 580 4182 unam.
616 4127 667 4182 Hic
686 4130 779 4182 autem
797 4131 989 4181 consulentibus
1007 4126 1120 4181 minime
1138 4125 1178 4181 sie
1195 4125 1298 4181 dicitnr
1313 4124 1395 4197 qnasi
1416 4130 1547 4196 propri·

274 4218 460 4268 intumentium
477 4218 632 4269 debentibus.

341 4302 374 4367 ²²)
393 4300 436 4353 lta
454 4300 634 4353 correxerunt
652 4316 705 4364 ec;
724 4298 766 4352 cd.
785 4299 848 4351 Bas
868 4300 894 4351 a¹
908 4299 926 4351 b
944 4302 1061 4365 plorimi.
1097 4297 1162 4352 Mox
1180 4298 1198 4349 b
1211 4314 1254 4351 cc
1270 4300 1456 4367 swintuna.

343 4388 375 4453 ²³)
393 4384 529 4439 Batonius
547 4385 620 4437 hune
637 4384 729 4438 locum
745 4383 787 4437 ita
804 4383 940 4437 resarcire
958 4385 1072 4437 coriatus
1084 4385 1138 4437 est:
1156 4395 1182 4437 ei
1194 4402 1248 4436 cun
1259 4388 1298 4436 eir
1307 4394 1465 4451 pemtom
1475 4388 1547 4437 etin

276 4477 369 4533 niceni,
387 4491 441 4545 enin
459 4476 503 4539 qni
520 4491 613 4525 corana
650 4470 779 4523 l‘raestat
797 4468 945 4522 leet-ionem
969 4467 1140 4537 primaevam
1159 4467 1287 4537 quamvis
1304 4468 1470 4537 corruptam
1488 4464 1547 4521 reii-

275 4572 456 4625 nere,quan1
475 4556 515 4610 sic
533 4555 567 4609 de
585 4571 634 4609 suo
654 4557 772 4609 mutare.
808 4555 851 4607 Ab
870 4555 923 4608 hae
941 4552 1030 4607 minus
1047 4554 1163 4623 propius
1181 4551 1340 4617 recederat,
1362 4550 1413 4621 qui
1436 4550 1542 4621 legeret

276 4646 398 4711 quomodo
413 4653 566 4711 peccatores
584 4646 728 4708 adspiciunt
746 4648 771 4693 in
789 4661 855 4701 critic,
875 4645 919 4709 qui
935 4658 1021 4692 eornm
1040 4650 1087 4695 eir.
1126 4636 1209 4692 Certe
1227 4654 1284 4691 non
1300 4635 1420 4691 obtem
1437 4634 1484 4691 llic
1500 4634 1547 4689 do·

276 4728 351 4791 cent,
368 4726 517 4781 ventedorn
540 4725 641 4789 camis,
665 4725 694 4778 in
717 4742 773 4793 qua
795 4728 824 4777 ct
845 4742 897 4793 per
919 4741 1004 4792 quam
1028 4722 1152 4777 Christus
1173 4738 1273 4792 passus
1295 4722 1352 4787 ost,
1376 4720 1465 4777 ctiam
1488 4724 1546 4791 ped

276 4810 383 4879 gloriae
405 4811 613 4882 perceptionem
634 4827 841 4880 perseverasse,
865 4826 982 4879 eamque
1004 4816 1063 4862 tum
1085 4805 1202 4862 ludaeis
1223 4810 1284 4861 tum
1305 4802 1547 4877 peecatoribusin

276 4896 321 4950 die
336 4896 435 4966 judicii
453 4896 630 4967 conspicuam
647 4897 714 4950 lore.
