3450 5678
721 301 903 351 briscona,
917 291 966 348 11.
1371 360 1374 367 ,
1415 287 1479 354 255

152 458 353 539 sentiam,
381 440 463 540 que
491 454 526 519 in
552 453 710 521 Acacium
736 454 993 539 perturbatorem
1021 454 1119 518 totius
1153 454 1295 518 Orientis
1325 457 1478 525 ecclesiae
1491 467 1585 517 aces.

159 568 298 637 ,ficta
321 562 379 641 est,
412 557 464 621 bis
491 578 616 642 quoque
645 579 733 622 nunc
760 557 876 621 iterum
904 556 1093 642 congregati
1120 556 1334 643 adjicimus¹²)
1361 559 1478 627 litteris

162 663 415 740 memoratam
436 659 602 726 subdendo
624 660 829 742 sententiam,
853 681 949 744 quam
970 659 1092 743 placuit
1114 681 1172 743 per
1193 659 1311 724 Tutum
1334 661 1477 728 defenso·

166 793 252 841 rm
298 763 448 829 ecclesiae
470 763 592 829 Acacio
613 761 720 847 dirigi,
748 785 790 827 ne
821 761 963 826 volentes
991 761 1089 846 aliqui
1116 763 1375 829 circumscribere
1397 768 1477 830 veri-

169 878 324 950 tatemi,
359 864 604 950 malignissimis
639 864 867 930 blandimentis
901 863 1111 948 simpliciores
1140 886 1281 949 quosque
1309 866 1475 932 seducant.

171 976 294 1043 Nun
319 968 346 1032 si
372 971 460 1033 terra
487 965 631 1051 marique
658 966 842 1031 orthodoxis
869 988 936 1031 non
963 971 1159 1050 ponerentur
1179 967 1324 1050 insidiae,
1349 968 1477 1052 plurimi

175 1101 204 1144 ex
233 1070 360 1141 nobis
383 1092 456 1137 cum
478 1069 589 1134 eadem
612 1069 771 1156 contra¹³)
794 1069 950 1133 Acacium
972 1069 1133 1133 sententia
1154 1068 1263 1133 venire
1285 1071 1475 1153 potuissent.

176 1177 303 1248 Unde
323 1195 409 1238 nunc
431 1194 528 1237 causa
541 1171 765 1238 Antiochense
775 1170 813 1257 ¹⁴)
836 1171 989 1236 ecclesiae
1011 1172 1095 1255 apud
1116 1171 1334 1235 beatissimum
1346 1171 1478 1238 Petrum

179 1275 385 1368 apostolum
408 1275 546 1358 collecti,
569 1296 696 1339 rursum
717 1273 881 1339 dilectioni
904 1277 1028 1338 vestrae
1043 1274 1222 1360 morsur'b),
1245 1275 1299 1358 qui
1319 1276 1402 1359 apud
1418 1297 1477 1367 nos

180 1399 333 1466 seraper
354 1377 506 1460 obtinuit,
529 1376 771 1462 properavimus
786 1377 939 1441 indicare.
985 1376 1138 1452 Quotiens
1161 1376 1248 1439 intra
1261 1375 1392 1440 Italiam
1405 1399 1476 1461 pro·

180 1492 260 1572 pter
304 1480 534 1545 ecclesiasticas
558 1500 681 1561 causas,
697 1479 877 1563 ,praecipue
899 1480 984 1562 fidei,
1009 1479 1205 1562 colliguntur
1221 1477 1350 1542 Domini
1374 1501 1476 1544 sacer-

181 1589 310 1665 letes,
331 1581 525 1647 consuetudo
546 1582 713 1665 retinetur,
737 1585 773 1645 ut
795 1603 959 1646 successor
980 1579 1161 1665 praesulum
1183 1579 1476 1663 sedisapostolicae

184 1714 212 1757 ex
231 1705 403 1775 persona
425 1688 614 1749 cunctorum
635 1685 732 1748 totius
754 1683 868 1749 Italiae
893 1682 1093 1748 sacerdotum
1114 1683 1207 1766 juxta
1229 1681 1475 1748 sollicitudinem

185 1793 232 1859 sibi
268 1787 489 1853 ecclesiarum
503 1786 709 1852 *omnibus
725 1789 961 1871 competentem
976 1789 1092 1850 cuncta
1108 1784 1293 1866 constituat,
1310 1785 1364 1868 qui
1380 1790 1627 1870 caput*f.omnum

187 1900 223 1961 st
265 1889 432 1972 omnium,
461 1888 600 1954 Domino
630 1888 669 1952 ad
703 1888 832 1952 beatum
854 1887 985 1952 Petrum
1011 1888 1153 1952 dicente:
1189 1890 1234 1951 Ta
1255 1907 1287 1949 es
1306 1893 1422 1966 Petrus,
1447 1877 1586 1953 etMstllh·

188 2015 302 2080 sper
327 1997 405 2057 lanc
425 2003 550 2073 petram
580 1997 750 2059 oedificabo
773 1996 939 2056 Ecclesiam
967 2011 1073 2068 meam,
1103 2002 1132 2054 et
1154 2001 1267 2070 portae
1293 1994 1389 2066 inseri
1414 2013 1474 2055 noa
1494 1952 1579 2012 Μ’

187 2098 420 2184 prevalebunt
447 2100 593 2163 adversus
618 2115 695 2158 eam.
739 2091 842 2168 Quam
869 2114 979 2156 vocem
1006 2095 1174 2176 sequentes
1201 2092 1338 2155 trecenti
1366 2093 1475 2157 decem

194 2198 332 2268 eleeto
343 2196 445 2260 sancti
459 2199 568 2280 patres
584 2195 669 2280 apud
683 2194 839 2260 Nicaeam
856 2195 1054 2280 congregati,
1080 2194 1355 2258 confirmationem
1369 2217 1475 2259 rerum

198 2312 309 2389 sque
334 2297 552 2363 auctoritatem
582 2301 713 2363 sanctae
737 2297 902 2362 Romanae
931 2297 1083 2361 ecclesiae
1105 2297 1350 2385 detuleru11t¹⁶):
1378 2302 1488 2382 quarn¹

264 2572 317 2637 ¹²)
333 2572 354 2623 ι’
369 2576 522 2629 mnaso.
541 2570 575 2624 θ’
595 2571 629 2638 (ei
647 2572 722 2625 recte
739 2570 869 2640 legimus)
888 2577 1023 2634 adurimur,
1043 2570 1116 2625 unde
1134 2577 1267 2639 adjicimus
1284 2588 1336 2642 pro
1354 2572 1475 2640 genuina

214 2656 336 2718 tertione
349 2654 535 2710 derivavimus.
561 2654 622 2710 Hoc
640 2658 734 2711 autem
753 2657 838 2733 verbo
856 2657 986 2711 restituto
1005 2658 1034 2710 ct
1050 2658 1159 2711 mutata
1170 2656 1393 2726 interpunctione
1405 2657 1475 2712 nihil

221 2749 271 2817 ism
287 2738 427 2820 wedam,
445 2757 519 2808 quae
537 2742 603 2795 aute
621 2742 721 2795 mutila
738 2741 900 2808 videbatur,
923 2741 1080 2811 integritati
1098 2741 1195 2796 deerit.
1233 2741 1378 2811 Significat
1394 2759 1474 2810 syno-

227 2830 280 2886 dus,
299 2836 331 2874 Ιθ
344 2825 460 2880 eamdem
477 2817 520 2879 his
537 2824 638 2881 litteris
656 2827 807 2896 subjecisse
830 2827 1009 2893 sententiam,
1033 2844 1116 2895 quarn
1138 2826 1247 2896 pridem
1266 2827 1354 2880 Tutus
1371 2827 1473 2881 Acacie

232 2903 372 2981 permittat
387 2940 419 2951 ·-
436 2911 502 2965 Mox
520 2910 555 2966 G'
575 2911 681 2966 omittit
699 2933 771 2982 quom
790 2915 866 2980 (ante
884 2916 998 2982 placuit).

293 2988 371 3054 “llis
385 2995 426 3050 (l‘.
462 2995 545 3066 Vulg.
565 3002 654 3051 eodem
673 3004 765 3052 Acoeti
780 3004 908 3053 sententia
982 3000 1079 3051 deatum
1099 3003 1208 3053 Petrum.

295 3070 323 3140 “l
336 3075 399 3142 Quas
416 3082 490 3136 esset
506 3096 580 3136 nova
597 3081 646 3136 illa
657 3081 848 3137 Antiochense
866 3083 998 3137 ecclcsiae
1011 3100 1103 3147 causa,
1122 3101 1147 3136 n.
1160 3090 1175 3135 5
1188 3082 1349 3151 explicatur,
1367 3081 1473 3136 scilicet

240 3154 346 3216 Mum
360 3166 443 3235 ejecto
462 3165 625 3220 Calendioni
644 3166 773 3238 episcopo
793 3167 929 3222 catholico
947 3168 1061 3222 Petrum
1079 3168 1222 3221 Fullonem
1246 3168 1410 3235 subrogasse
1433 3167 1472 3220 in-

241 3245 325 3299 [ΠΜ
338 3244 504 3307 buencum.
540 3251 591 3306 His
609 3254 703 3307 autem
721 3252 885 3319 rationibus,
904 3253 1004 3322 quibus
1022 3253 1143 3323 synodus
1156 3253 1326 3307 Graecorum
1344 3256 1473 3321 exposta·

242 3323 367 3401 1⁸5me
381 3338 453 3407 quod
470 3355 488 3392 a
505 3337 564 3393 solo
581 3337 674 3392 Felice
692 3338 840 3393 damnatus
859 3341 933 3393 esset
949 3339 1075 3405 Aeacius,
1097 3338 1258 3392 satisfacere
1276 3337 1383 3404 nititur,
1402 3337 1471 3391 alias
1523 3337 1528 3340 ’

242 3408 322 3480 subdi
334 3415 443 3477 Garum
462 3423 541 3494 epist.
555 3429 589 3477 as
606 3441 633 3478 n.
649 3430 687 3478 14.

301 3498 323 3565 ¹‘l
336 3500 364 3555 θ’
378 3529 465 3571 nores,
483 3508 559 3579 vulg.
578 3530 655 3576 inme,
674 3509 816 3565 undenos
834 3532 924 3565 rnorem
942 3510 1121 3565 restituimus.

301 3584 324 3651 ¹‘l
336 3586 363 3641 θ’
378 3600 518 3650 detuleram
541 3615 588 3665 qne
662 3602 740 3650 omnis
760 3599 863 3659 Christi,
891 3597 1031 3652 mendose.
1072 3597 1114 3651 lla
1130 3596 1249 3663 'quidem
1270 3597 1395 3665 potestas
1417 3597 1471 3651 Ro·

239 3683 312 3727 Νθ
323 3679 426 3741 putta
444 3681 477 3734 ut
493 3680 709 3750 metropolitano
727 3681 754 3734 in
772 3681 924 3736 Urbicariis
941 3682 1090 3751 provinciis
1108 3682 1272 3736 attribuitur
1291 3682 1406 3736 concilio
1424 3682 1470 3736 Ni-

238 3770 313 3814 ΝΜ
326 3764 419 3822 billis
437 3766 540 3822 verbis:
565 3772 683 3821 Potestas
699 3787 762 3821 sane
779 3776 819 3821 vel
835 3775 992 3835 confirmatio
1009 3772 1148 3836 pertinebit
1171 3788 1220 3836 per
1236 3774 1348 3837 ungulas
1366 3775 1469 3836 procio-

235 3851 289 3902 eta
301 3848 328 3898 td
338 3859 551 3922 necopolitanam.
587 3850 643 3906 Sed
661 3869 695 3906 ex
712 3853 850 3922 adjunctis
871 3853 916 3906 hic
935 3853 1075 3923 quoddam
1097 3853 1236 3922 singulare
1258 3852 1436 3922 privilegium
1454 3872 1471 3909 a

235 3925 327 4004 qudo
339 3932 378 3992 aa
392 3938 536 3995 somma
554 3938 686 3993 eeclesiae
704 3938 829 3992 uentum
848 3938 975 3993 senous
994 3938 1141 4007 corrigitur,
1161 3938 1236 4006 quos
1254 3937 1354 3992 urnas
1372 3939 1408 3993 au
1421 3938 1471 3992 sn-

231 4014 338 4077 veoim
353 4023 456 4095 scriptis
478 4041 570 4093 neque
596 4023 679 4078 bodie
706 4024 878 4079 exstantibus
906 4041 1067 4095 expressum
1093 4023 1177 4078 fuisse
1204 4023 1382 4093 suspicamur.
1427 4025 1471 4078 Ad

229 4107 318 4161 m
331 4103 442 4176 ipsarrnn
460 4109 647 4164 imitationem
663 4111 736 4164 forte
755 4111 855 4165 artifex
872 4110 900 4164 in
919 4109 1096 4180 supposititia
1117 4109 1165 4163 illa
1187 4108 1306 4178 epistola
1329 4112 1384 4177 (I's.
1404 4109 1468 4163 Silv.

225 4189 300 4265 epist
311 4194 376 4249 rein
392 4195 485 4251 doust.
505 4213 548 4266 ep.
562 4195 642 4249 Rom.
659 4197 735 4265 pont.
749 4196 875 4266 Append.
890 4196 902 4249 Ι
919 4213 984 4265 pag.
999 4198 1041 4263 53)
1060 4195 1197 4250 Nicaenos
1218 4198 1314 4264 patres
1338 4196 1374 4249 ad
1396 4212 1469 4248 eum-

220 4280 284 4336 dem
297 4276 332 4332 iit
339 4281 493 4350 pontificem
504 4280 613 4335 induxit
624 4280 790 4336 scribentes:
811 4286 884 4346 Quod
900 4293 983 4335 autem
1001 4287 1172 4336 constituimus
1189 4288 1215 4335 ia
1228 4288 1334 4336 concilio
1345 4287 1467 4338 Nicaeae.

138 4434 145 4445 Ι
212 4382 350 4443 pum,
371 4379 396 4421 nt
417 4373 500 4423 nestri
519 4373 573 4422 oris
596 4373 725 4423 consortio
743 4374 911 4436 contuetur.
947 4366 1002 4421 Sed
1026 4370 1055 4421 et
1076 4369 1141 4421 ante
1158 4367 1311 4421 Nicaenam
1333 4365 1468 4434 synodum

138 4492 140 4499 =
206 4448 329 4527 'epfiwpi
339 4452 446 4509 Arelate
465 4442 637 4523 dangregati,
656 4453 773 4523 etpost,
792 4453 839 4523 qui
852 4452 982 4508 sardicae
1001 4455 1198 4519 convenerant,
1217 4450 1352 4521 quidquid
1370 4451 1468 4505 consti-

208 4537 326 4602 senat,
345 4537 415 4595 lulio
433 4537 608 4614 etSilvestro
626 4539 781 4594 retulerunt
800 4538 864 4606 (vid.
883 4538 948 4594 Silv.
966 4539 1046 4609 epist.
1062 4545 1077 4593 2
1100 4541 1129 4593 et
1144 4538 1198 4592 lul.
1219 4537 1298 4607 epist.
1314 4540 1348 4604 3).
1383 4536 1467 4591 Forte

203 4626 290 4686 etiam
301 4621 346 4677 bic
355 4625 526 4681 memoratur
538 4624 707 4680 consuetudo
724 4624 755 4677 in
765 4623 890 4679 Nicaena
907 4624 1012 4693 synodo
1025 4642 1047 4679 c.
1059 4630 1075 4678 6
1093 4625 1264 4690 confirmata,
1282 4639 1338 4691 qua
1349 4622 1468 4676 Romani

197 4706 340 4791 pnfilicis
355 4710 392 4764 ad
407 4710 498 4766 instar
514 4711 682 4780 potestatem
700 4709 733 4764 in
755 4711 849 4780 plures
870 4709 1026 4779 provincias
1043 4710 1230 4764 Alexandrino
1249 4712 1277 4762 et
1294 4707 1467 4762 Antiocheno

193 4792 372 4860 affitibus
389 4796 528 4851 attribuit.
564 4796 631 4864 Ejus
655 4798 749 4850 alitem
772 4795 988 4863 consuetudinis,
1011 4815 1096 4864 qnam
1114 4813 1186 4850 nunc
1203 4797 1331 4850 Romana
1348 4794 1468 4863 synodus

191 4880 333 4957 explicat,
352 4881 509 4954 exemplum
527 4882 661 4936 babemus
678 4881 707 4934 in
724 4881 789 4935 lulii
808 4882 914 4952 epistt
935 4901 960 4935 rr.
975 4888 999 4936 8.
