3412 5664
282 347 344 410 770
430 418 435 425 ,
719 355 745 403 s.
762 351 969 402 normanna
991 349 1106 397 erens

153 532 268 597 (aare.)
281 537 376 601 quam
403 514 489 596 ipsos
517 510 686 595 deliquisse
719 511 810 594 putet
843 505 1012 571 auctores?
1058 500 1137 578 Quis
1167 523 1234 566 non
1268 502 1343 585 pest
1373 499 1556 586 patibul-

283 616 384 681 crucis
408 614 586 678 dividentes
608 613 724 676 iterum
747 609 867 676 Christi
893 606 1038 672 membra
1061 602 1279 670 condemnet?
1315 600 1450 668 Utinam
1470 603 1556 691 h-

277 719 346 801 jam
369 717 459 781 vebis
480 714 693 801 regnantibus
716 734 813 777 causa
836 709 1003 795 coepisset,
1026 711 1065 772 ut
1084 705 1214 771 facilius
1235 705 1323 770 mala
1345 705 1556 796 reprimam.

279 823 333 883 tur
354 817 522 883 nascentia
543 838 638 901 quam
661 815 826 900 provecta!
862 811 947 877 Nam
968 810 1040 896 quis
1062 808 1219 895 ambigat,
1246 830 1314 873 non
1329 809 1468 894 potuisse
1481 830 1556 916 ᾗ]

281 920 444 1003 exsistere,
469 919 558 1001 cujus
581 916 699 1002 corrigi
721 914 918 1000 temporibus
940 913 1063 978 videret
1085 910 1296 998 erroremi¹⁰)

788 1101 968 1206 Epistola
994 1101 1037 1185 15

890 1237 947 1292 sive

142 1344 177 1412 (a.
189 1347 237 1396 ore
250 1359 272 1395 c.
283 1354 487 1421 Exemplum
509 1350 685 1407 relationis
706 1348 874 1406 Johannis
896 1347 1048 1416 eplflfflpi
1061 1344 1297 1415 mmmmm
1318 1359 1380 1414 W
1392 1343 1539 1412 mm

139 1410 269 1480 ¹¹¹·50Pll
579 1451 763 1509 diaconum
785 1451 939 1519 ejusdem
960 1451 1005 1506 ad
1025 1448 1255 1506 Hor-miscam.

317 1586 506 1636 ordinationem
518 1599 587 1633 suam
598 1583 754 1633 Hormisdae
767 1583 874 1641 nuntiat,
892 1581 1041 1632 catholicas
1049 1582 1126 1644 fidem
1135 1582 1282 1645 profitetur,
1301 1586 1326 1629 et
1339 1594 1401 1645 quoe
1411 1580 1495 1630 mlada
1519 1581 1556 1644 pll

688 1682 783 1733 quaem
800 1667 929 1716 servanda
946 1668 1045 1716 moneri
1060 1668 1138 1730 cupit.

436 1801 601 1864 Domino
639 1821 721 1863 meo
758 1802 903 1864 cuncta
940 1799 1196 1863 sanctissimo
1238 1819 1283 1862 ac
1318 1795 1507 1861 beatissimo

527 1901 634 1985 patri
657 1903 827 1985 patrum,
863 1899 1170 1985 comministro¹)
1197 1921 1243 1964 ac
1271 1898 1438 1984 principi
1454 1895 1505 1981 epi·

527 2025 733 2087 scoporum
776 2001 1013 2066 Hormisdae
1061 2000 1268 2067 Johannes
1311 2001 1351 2065 in
1384 1998 1506 2065 Domino

528 2104 708 2168 salutem.
763 2102 765 2105 ’

370 2228 397 2288 1.
426 2223 512 2289 Oura
533 2223 612 2287 mihi
636 2222 761 2286 exstitit
782 2244 919 2307 semper,
941 2222 1024 2287 nihil
1040 2223 1176 2307 amplius
1191 2243 1355 2308 quaerere,
1376 2221 1431 2287 uisi
1443 2236 1507 2303 agere

282 2328 446 2413 propriam
485 2328 518 2389 et
556 2324 749 2388 familiarem
785 2326 1061 2390 conversationem
1070 2325 1097 2407 ²)
1134 2323 1360 2389 sollicitudinis
1394 2317 1509 2387 mxietcfi

284 2429 446 2493 mandare.
492 2426 554 2492 Sed
577 2428 652 2513 quia
674 2433 733 2491 Dei
745 2433 870 2508 judicia
892 2433 1016 2507 abyssus
1036 2435 1131 2492 mullo
1152 2439 1213 2507 est,
1248 2427 1335 2493 sicut
1359 2428 1392 2491 et
1409 2426 1510 2489 resim

285 2552 443 2616 cognosco
465 2529 577 2594 docere
599 2528 848 2612 beatitudinem,
886 2532 978 2613 patre
1000 2533 1111 2594 nostro
1137 2528 1300 2614 quondam
1328 2532 1418 2614 atque
1439 2521 1510 2591 crdir

284 2633 432 2717 episeopo
460 2632 621 2717 Aleysone
650 2632 872 2716 episcoporum
882 2630 908 2716 ³)
943 2631 1089 2716 principe
1116 2654 1136 2695 a
1163 2630 1294 2698 Christo
1327 2631 1366 2696 ad
1396 2645 1512 2714 sepem

170 2408 269 2462 Psalm.

193 2482 263 2543 esp.

353 2873 384 2938 ¹⁰)
402 2870 437 2925 G¹
455 2870 501 2925 hic
522 2868 675 2925 minoribus
697 2868 905 2924 characteribus
927 2868 964 2924 ad
986 2886 1074 2939 marg.
1096 2871 1190 2938 notat,
1214 2869 1290 2938 quod
1312 2868 1409 2925 deinde
1426 2861 1512 2922 edith

284 2957 391 3011 textum
408 2955 576 3010 retulerunt:
606 2960 659 3008 Per
672 2959 815 3009 Ennodr’um
833 2967 858 3009 el
877 2959 1041 3009 Fortunarum
1058 2961 1194 3025 episcopm
1210 2961 1362 3010 Venenum
1377 2956 1511 3024 Με-

289 3047 396 3094 Vitalcm
414 3046 544 3095 diaconam
568 3053 593 3094 ct
612 3045 731 3093 Helorum
749 3045 882 3095 notorium.
924 3038 979 3093 Sed
997 3039 1108 3095 aliunde
1126 3056 1161 3095 ea
1181 3040 1236 3095 bue
1253 3040 1361 3096 adscita
1377 3055 1430 3094 estc
1446 3032 1511 3107 W

285 3128 340 3193 est,
359 3143 444 3193 quum
461 3124 491 3178 in
508 3126 599 3206 fronte
621 3123 781 3194 praenotati
804 3122 874 3187 sint,
896 3139 947 3194 per
964 3141 1034 3194 quoe
1051 3125 1122 3180 haee
1139 3123 1261 3196 epistola
1277 3125 1386 3196 perlata
1401 3119 1476 3185 luerit
1489 3131 1512 3170 ⁸⁶

284 3209 428 3280 praeviam
444 3209 521 3264 illam
539 3209 635 3262 notam
652 3211 710 3262 tres
728 3207 863 3277 epistolae
881 3209 1037 3279 superiores
1056 3210 1231 3276 confirment,
1250 3212 1408 3280 certumque
1423 3206 1461 3272 sit,
1473 3200 1511 3272 cpi·

285 3295 387 3348 stolam
403 3294 476 3348 hanc
492 3309 549 3347 non
565 3293 693 3347 Ennodio
711 3309 745 3346 ac
761 3292 841 3346 sociis
857 3292 922 3348 istie
939 3293 1088 3349 nominatis
1105 3293 1134 3348 in
1152 3294 1252 3350 urbem
1270 3294 1376 3365 regiam
1387 3286 1511 3349 carim&

284 3378 373 3445 tibus,
393 3378 442 3432 sed
459 3377 514 3432 illis
527 3378 589 3447 jam
606 3377 716 3448 pridem
733 3376 799 3432 inde
817 3378 944 3445 reversis,
963 3378 1148 3450 conscriptam
1166 3396 1234 3435 esse.
1271 3379 1360 3446 Quum
1376 3370 1511 3435 resciscet

285 3463 403 3518 stantius
420 3464 517 3517 notam
535 3462 612 3516 illam
631 3461 659 3515 in
677 3479 726 3516 suo
738 3461 875 3518 Vaticano
892 3463 971 3517 initio
984 3463 1120 3534 epistolae
1131 3471 1160 3532 8,
1179 3480 1252 3534 quae
1270 3464 1299 3519 in
1309 3464 1434 3520 Areum
1446 3455 1512 3515 csdloe

285 3549 388 3619 exeipit
408 3549 482 3603 hane
502 3549 639 3613 nostram,
661 3547 831 3616 adscriptam
855 3564 915 3603 esse
937 3551 1086 3617 memoret,
1108 3549 1206 3604 eadem
1228 3550 1324 3605 autom
1345 3548 1439 3604 ibidem
1454 3538 1512 3597 init

286 3633 369 3700 desit,
386 3649 534 3703 perperam
556 3631 620 3685 inde
638 3647 656 3684 a
677 3630 791 3685 librario
814 3632 850 3686 ad
867 3633 950 3687 finem
970 3632 1164 3703 praecedentis
1181 3635 1295 3690 norbae
1312 3632 1438 3705 epistolae
1450 3632 1513 3683 tn*

284 3719 343 3772 lata
360 3735 421 3772 esse
439 3720 565 3788 apparet.

287 3811 317 3856 15
353 3807 373 3872 ¹)
390 3803 465 3857 Nihil
482 3819 570 3873 prope
589 3801 769 3871 ambigimus,
787 3802 854 3871 quin
872 3820 972 3873 graece
989 3803 1128 3874 interpres
1145 3803 1261 3874 legerit,
1279 3802 1467 3873 sallanem?
1480 3795 1516 3851 ¹⁸1

284 3882 497 3958 ἅρχιεπισκόπῳ
512 3884 667 3958 Ὀρμίσδᾳ,
692 3888 776 3956 atque
793 3886 839 3941 bic
857 3902 891 3941 ea
908 3888 1016 3943 ratione
1034 3888 1223 3952 Hormisdam,
1241 3906 1298 3959 qua
1314 3889 1422 3945 inferius
1432 3884 1516 3953 Ales*

284 3988 360 4037 nem,
378 3979 554 4041 episcoporum
570 3977 712 4041 principem
730 3972 865 4041 appellet,
888 3971 959 4027 adeo
978 3975 1009 4028 ut
1026 3973 1079 4030 hae
1096 3974 1286 4045 appellatione
1303 3974 1371 4029 nibil
1387 3971 1519 4045 quidqud.

285 4056 359 4124 quod
377 4055 425 4109 uni
441 4057 567 4111 Romano
585 4057 710 4127 pontifici
727 4056 866 4125 singulare
885 4057 932 4125 sit,
950 4057 1070 4113 voluerit
1087 4058 1242 4129 designare.

351 4143 372 4210 ²)
390 4140 493 4196 Locum
514 4141 589 4196 bunc
605 4141 741 4196 Batonius
758 4140 799 4195 ita
821 4142 947 4197 resarcit:
969 4150 1184 4200 camaracam
1206 4164 1310 4200 scum
1330 4148 1524 4201 causaue

284 4232 425 4281 anxietatis
447 4232 602 4281 nzundanae:
624 4226 751 4296 quamvis
773 4226 842 4282 satis
865 4228 900 4282 ad
923 4232 1045 4284 mentem
1068 4229 1216 4296 Jobannis,
1239 4229 1286 4298 qui
1308 4230 1447 4301 privatam
1460 4228 1528 4284 siin

284 4313 314 4364 et
331 4328 348 4365 a
365 4310 466 4366 saeculi
489 4311 560 4366 curis
583 4311 703 4367 alienam
725 4311 861 4382 delegisse
882 4330 912 4368 se
929 4313 1078 4384 significat,
1100 4316 1196 4370 tamen
1219 4314 1287 4385 quia
1303 4315 1439 4371 Beroniu
1454 4331 1486 4371 ex
1498 4310 1530 4369 ct

284 4396 363 4449 Item.
384 4399 473 4450 totam
495 4396 643 4466 epistolam
666 4414 684 4451 a
705 4414 734 4452 se
757 4397 923 4467 assumptam
945 4400 1078 4466 metatur,
1101 4399 1189 4455 satius
1210 4398 1303 4455 visum
1325 4403 1372 4456 est
1392 4400 1535 4458 mentm

284 4479 365 4550 hujus
387 4480 516 4535 editionis
538 4481 684 4536 lectionem
707 4481 742 4535 ad
765 4481 799 4537 G¹
819 4482 902 4537 fidem
925 4499 1084 4552 expressam
1105 4483 1241 4552 retinere,
1263 4501 1352 4555 quam
1375 4487 1417 4544 eie
1436 4488 1539 4543 meuc.

284 4564 413 4621 Fortasse
430 4566 580 4635 legendum
598 4586 675 4635 apere
692 4572 803 4635 propria
820 4578 846 4621 ct
918 4575 1050 4623 camerate
1067 4573 1190 4624 mundare
1208 4569 1236 4638 (i.
1251 4585 1275 4624 e.
1295 4575 1412 4630 laem
1428 4573 1474 4630 vel
1487 4592 1542 4629 ιι-

285 4656 342 4703 dom
359 4653 465 4719 tenere).

352 4738 372 4802 ³)
391 4736 426 4789 G¹
445 4741 625 4805 Apostolorum
645 4743 762 4807 principe
781 4743 891 4793 Christo.
926 4738 1012 4793 Recte
1034 4737 1224 4795 ineditam
1244 4743 1412 4799 mutum
1431 4762 1490 4802 ene
1504 4752 1549 4816 epi

284 4838 415 4889 scoparum
429 4828 555 4891 principe,
574 4838 663 4890 neque
681 4822 731 4877 bae
748 4822 816 4876 duas
837 4839 916 4878 voces
934 4840 952 4877 a
968 4822 1089 4878 Batonio
1108 4824 1280 4880 omittendas
1298 4828 1398 4896 fuine,
1418 4848 1454 4887 ex
1469 4830 1552 4887 imi·

284 4904 379 4972 ptione
397 4905 530 4976 epistolae
545 4907 687 4975 sequentis
704 4907 817 4977 planum
835 4908 890 4962 fiet.
922 4908 1096 4977 Quamquam
1109 4926 1324 4980 supervacanea
1335 4917 1383 4971 est
1393 4918 1555 4975 umen
