3412 5664
752 331 961 380 annonarum
982 335 1003 380 1.
1027 357 1030 360 »
1468 322 1505 387 71

240 504 247 511 “
284 496 330 553 iios
340 496 393 551 citat.
420 492 475 562 Qua
490 499 580 548 antem
600 494 704 548 ratione
720 500 809 549 motus
825 494 869 557 sit,
893 502 922 549 ut
938 493 1001 550 lrnic
1016 512 1099 569 papae
1114 495 1181 551 illud
1197 496 1370 561 adscriberet,
1392 516 1447 553 non
1463 517 1507 555 en·

283 581 348 656 plicat,
363 586 399 635 ant
416 579 440 635 si
458 576 557 634 alieubi
577 577 700 652 explicat,
721 578 794 634 istud
816 595 858 635 me
880 579 960 653 lugit.
998 578 1077 637 Certe
1094 583 1117 637 si
1139 581 1284 644 adelasia
1306 582 1369 638 dum
1385 585 1507 656 pontifex

281 663 435 736 eset,eriarn
448 663 527 720 dictis
544 662 622 738 plane
637 663 811 727 comuntur:
842 672 869 720 at
889 665 912 720 si
927 663 959 719 ab
974 666 1043 740 ipso,
1065 674 1208 741 antequam
1228 666 1300 723 illarn
1321 685 1452 725 sumniam
1468 670 1507 726 di-

280 752 376 826 gnitatm
386 748 479 806 inisset
493 755 667 811 consecutus,
687 748 821 823 prodiisse
835 748 988 814 arbitratur,
1010 753 1160 808 sententiae
1175 751 1250 809 illius
1266 751 1382 810 libenter
1396 754 1503 812 accedo.

279 836 388 910 deprimo
405 833 514 909 quidem
535 835 563 890 in
585 835 775 890 vetustissimis
799 834 936 892 codicibus
952 835 1010 892 Vnt.
1026 835 1094 911 lleg.
1113 837 1194 894 1997
1211 845 1239 894 et
1254 838 1312 894 Vet.
1329 838 1411 897 4961
1435 841 1506 897 inter

278 919 373 996 qitolas
382 918 529 977 dalmianus
541 918 673 977 collocata
685 927 736 983 est,
752 920 779 975 in
793 921 846 976 hoc
855 921 944 983 etiam,
961 938 1044 995 quum
1059 921 1217 996 adjungitur
1230 931 1360 989 tractatus
1376 924 1505 981 adversus

276 1005 466 1068 Adnnaebum.
490 1003 661 1062 inscribitur:
690 1005 800 1078 Incipit
820 1007 950 1079 ejusdem
966 1023 1067 1079 papae
1083 1008 1202 1064 Gelasii.
1226 1038 1263 1048 -
1287 1008 1387 1066 Deinde
1413 1013 1503 1084 operis

275 1090 335 1162 bins
345 1092 451 1165 scriptor
464 1107 495 1148 se
510 1092 611 1147 nomae
625 1092 654 1147 in
669 1091 701 1147 iis
722 1091 898 1153 excutiendis,
921 1109 990 1167 quae
1005 1093 1094 1150 Aeacii
1116 1094 1263 1168 nequitiam
1278 1093 1434 1168 proderent,
1457 1113 1503 1169 pa·

273 1171 563 1252 parjusn'occnpatum
584 1192 644 1232 esse
664 1175 732 1247 inira
752 1193 779 1232 n.
798 1176 836 1232 11
857 1194 912 1232 raon
935 1176 1051 1234 obscure
1066 1180 1164 1235 innnit.
1202 1177 1239 1234 lbi
1261 1179 1332 1235 enim
1352 1179 1501 1238 Jolrannenr

273 1260 367 1332 tuin,
378 1278 467 1336 »quum
482 1260 592 1318 llomsm
607 1278 637 1318 se
652 1262 809 1335 recepisset,
831 1261 1043 1336 deprehendisse
1058 1272 1148 1320 narrat
1163 1265 1336 1338 gravissimos
1352 1266 1439 1322 Aeacii
1456 1284 1501 1323 er·

271 1362 349 1410 cau,
364 1348 432 1418 duaa
453 1348 553 1422 inquit,
575 1347 704 1420 eJ'usdem
718 1347 823 1404 Aeacii
841 1351 953 1420 scripta
975 1353 1003 1405 ei
1020 1352 1191 1423 legeremus,
1213 1366 1288 1422 puae
1308 1353 1344 1406 de
1363 1351 1452 1407 Petro
1473 1360 1501 1408 ct

268 1433 373 1505 dolense
384 1434 559 1491 Antiocheno
574 1437 702 1490 miserat.
731 1431 817 1489 Porro
833 1433 944 1490 Anneius
959 1434 1025 1491 baec
1039 1434 1071 1490 ad
1087 1433 1253 1509 Simplicium
1267 1436 1369 1509 scripta
1384 1437 1500 1501 miserat,

267 1534 307 1574 sec
316 1525 406 1592 poteru
424 1527 522 1576 noster
539 1526 635 1575 rumor
650 1534 680 1575 ea
694 1517 811 1574 iohanni
831 1518 932 1593 legere,
955 1520 1005 1574 nisi
1026 1537 1040 1574 a
1056 1518 1153 1583 lleliee,
1176 1505 1231 1593 qni'
1237 1536 1320 1594 quum
1335 1519 1444 1577 Romam
1459 1523 1500 1579 in·

265 1619 355 1677 mstis
367 1612 406 1660 eet
417 1603 564 1667 lohannes,
580 1603 719 1678 Simplicio
734 1612 910 1667 successerat,
925 1604 1017 1661 eadem
1029 1605 1185 1678 accepisset.
1213 1604 1268 1662 Nee
1283 1605 1337 1662 ulla
1351 1607 1498 1681 accipiendi
1521 1612 1525 1629 ¹

261 1687 446 1762 oeqneiohanni
467 1689 576 1765 legendi
597 1691 716 1747 occurrit
734 1705 823 1752 causa,
844 1690 896 1745 nisi
917 1691 979 1764 quia
998 1691 1051 1764 ipsi
1065 1689 1307 1747 ecclesiasticorum
1323 1693 1497 1766 negotiorum

258 1776 513 1849 eorunqoentuinae,
530 1791 598 1849 qnae
612 1774 645 1831 ad
660 1775 784 1831 Acacium
800 1775 955 1839 attinerent,
972 1776 1094 1850 cognitio
1110 1773 1225 1832 al'eliee
1240 1775 1365 1851 delegata
1375 1771 1396 1847 ¹)
1412 1786 1494 1834 esset.

258 1888 290 1899 -
304 1858 429 1918 Mndein
445 1861 498 1917 hoc
513 1860 645 1934 opusculo
660 1860 768 1934 propria
784 1859 914 1935 quaedam
930 1860 1170 1934 deprehenduntur
1181 1862 1302 1936 vestigia,
1329 1862 1400 1919 unde
1415 1863 1496 1919 stilus

251 1952 328 2020 atque
343 1945 471 2021 ingenium
492 1945 589 2003 (ielesii
611 1946 820 2021 dignoscuntur.
857 1944 911 2020 lpsi
933 1944 1005 2002 verbi
1021 1948 1107 2021 gratia
1122 1946 1250 2002 larniliare
1266 1956 1316 2010 est,
1341 1964 1424 2021 quum
1439 1965 1495 2005 rem

248 2030 385 2105 qmptm
398 2039 494 2103 namt,
511 2038 627 2106 tempus,
645 2048 700 2106 quo
715 2032 871 2106 contigerit,
884 2030 1031 2106 etquidem
1047 2030 1185 2106 particulis
1199 2032 1267 2105 fere
1282 2033 1324 2089 vel
1337 2032 1433 2105 ferme
1448 2032 1495 2089 ad·

239 2112 349 2186 ianuis
366 2113 511 2192 designare.
541 2115 585 2174 Sic
599 2119 627 2174 in
648 2133 691 2191 ep.
710 2115 749 2173 12
765 2134 792 2173 n.
808 2109 828 2174 8
843 2116 877 2172 de
892 2118 988 2173 Acacio
1008 2116 1114 2173 scribit:
1138 2135 1224 2190 quum
1241 2118 1310 2190 sere
1326 2134 1386 2190 per
1406 2123 1494 2175 tricu-

242 2203 330 2266 n‘eas,
343 2217 375 2258 ue
386 2204 458 2260 inid
472 2205 589 2274 ueniret,
607 2204 874 2276 apostolicaesedis
888 2202 1011 2277 epistolis
1026 2205 1168 2261 doceatur
1179 2211 1373 2275 competenter
1387 2208 1493 2261 instru-

240 2292 326 2349 ctas:
346 2302 391 2344 nee
403 2303 456 2344 non
471 2305 515 2365 ep.
533 2286 573 2346 26
589 2305 615 2345 n.
633 2288 665 2346 3:
688 2304 744 2362 per
759 2291 912 2346 trienniaan
924 2287 1009 2361 sere
1030 2288 1127 2345 litteris
1143 2287 1284 2345 destinatis
1300 2305 1364 2345 eum
1379 2306 1494 2347 mouere

240 2388 300 2428 aa
313 2371 416 2430 eunt.
445 2371 526 2432 Plura
537 2373 688 2449 disquirere
704 2373 744 2432 rel
760 2373 863 2431 referre
877 2372 1059 2448 supersedeo:
1074 2375 1147 2431 bunc
1161 2373 1193 2430 ad
1208 2382 1299 2430 cetera
1314 2373 1433 2431 additum
1448 2394 1493 2451 pa·

239 2454 361 2514 telmisu
371 2459 431 2515 satis
441 2460 487 2516 sit.

328 2541 353 2599 3.
378 2542 420 2603 llis
434 2546 471 2601 ita
485 2545 581 2620 positis
597 2544 664 2602 nihil
674 2544 729 2617 jam
741 2544 904 2601 incommodi
919 2544 1033 2609 videtur,
1048 2546 1072 2601 si
1087 2543 1239 2616 subjectum
1254 2547 1384 2620 scriptum
1396 2545 1492 2604 Felicis

239 2628 435 2703 manipnlos
452 2628 533 2701 iussn
553 2649 568 2687 a
584 2629 689 2688 Gelasio
705 2630 826 2687 nondum
842 2629 970 2704 pontifice
978 2623 1001 2703 ²)
1023 2632 1213 2687 concinnatum
1233 2632 1389 2694 sentiamus,
1414 2640 1445 2688 nt
1458 2632 1491 2688 ad

238 2712 390 2778 Malos,
408 2731 463 2790 qno
478 2714 512 2773 de
527 2717 614 2773 Aeacii
629 2732 708 2772 eausa
723 2717 853 2773 certiores
876 2725 904 2773 et
923 2717 1113 2774 instructiores
1135 2714 1240 2779 tierent,
1262 2733 1313 2773 une
1328 2733 1395 2772 cunr
1410 2735 1491 2792 supe·

237 2799 317 2856 sien
328 2795 411 2857 tettan
424 2801 538 2876 epistola
555 2802 592 2858 11
616 2803 779 2859 mitteretur.
816 2801 885 2859 llinc
899 2802 963 2859 licet
976 2818 1032 2858 non
1047 2803 1155 2876 ineptus
1169 2803 1204 2858 sit
1219 2801 1264 2858 bic
1278 2800 1373 2858 titulus
1389 2803 1490 2860 Breui-

236 2885 327 2941 ease
341 2885 469 2945 Murice
487 2889 784 2962 Eutychianistarurn,
806 2904 886 2962 quem
908 2889 932 2944 ei
951 2886 1068 2944 lacobus
1083 2886 1242 2943 Sirmondus
1263 2886 1297 2943 de
1317 2904 1369 2943 suo
1383 2887 1489 2950 indidit,

235 2971 323 3027 ’11111
334 2977 412 3029 tamen
427 2973 513 3030 Gesta
528 2974 564 3030 de
578 2976 690 3030 nornine
705 2975 815 3044 Aeacii,
833 2989 913 3048 quern
928 2975 955 3029 in
967 2971 1103 3028 veteribus
1119 2971 1193 3028 libris
1209 2971 1370 3028 Virdnnensi
1386 2980 1415 3027 et
1428 2972 1487 3028 ilat.

235 3053 393 3130 leg-1997
413 3074 476 3132 prae
497 3075 528 3115 se
544 3058 606 3122 lert,
628 3057 770 3116 scribentis
791 3074 876 3133 scopo
893 3059 982 3132 aptius
1002 3073 1154 3132 congruere
1175 3065 1256 3132 uque
1269 3056 1488 3131 anteponendum

234 3154 303 3196 ease
320 3151 428 3215 apparet.
457 3141 495 3200 lbi
515 3145 587 3201 enirn
606 3145 643 3201 dc
662 3148 775 3202 omnine
788 3143 894 3201 Aeacii
912 3143 1005 3206 idest,
1027 3141 1100 3216 qnod
1115 3144 1151 3199 de
1166 3159 1258 3199 causa
1274 3150 1302 3198 et
1317 3143 1488 3199 condemna·

235 3229 315 3281 trau
326 3227 424 3284 dacii.
461 3227 521 3298 Quo
536 3229 667 3304 loquendi
682 3229 762 3286 modo
778 3229 823 3287 ubi
837 3229 908 3304 apud
924 3228 1052 3285 Hilarium
1067 3227 1164 3303 fragm.
1183 3229 1201 3285 6
1223 3245 1250 3284 n.
1268 3227 1286 3283 5
1302 3225 1488 3285 scribitbibe·

233 3312 306 3372 ὼ.
318 3327 344 3367 tc
356 3310 456 3370 dedisse
470 3313 575 3371 litteras
590 3330 680 3386 super
694 3319 806 3373 nominc
822 3317 889 3388 eJus
903 3313 1006 3371 scilieet
1021 3313 1167 3376 Athanasii,
1183 3312 1299 3370 llilarius
1315 3313 1382 3369 haec
1396 3314 1433 3369 ita
1447 3315 1487 3370 in·

232 3403 404 3469 tas-pretatur:
423 3403 442 3455 i.
459 3415 484 3457 e.
501 3401 537 3457 de
552 3402 786 3458 condemnatione
799 3404 900 3473 ipsius.
930 3399 1046 3456 Rursum
1061 3397 1182 3455 Liberius
1198 3398 1295 3456 ibidem
1311 3416 1338 3455 n.
1356 3398 1375 3456 8
1391 3398 1486 3456 eodem

230 3478 367 3539 meua
380 3482 501 3556 subjicit:
523 3488 585 3543 sola
606 3487 680 3543 baec
695 3502 787 3543 cansa
800 3487 868 3560 fuit,
892 3492 924 3543 ut
944 3487 1058 3542 tardius
1077 3486 1247 3543 uiderer-oe
1267 3487 1380 3542 nomine
1394 3488 1486 3558 ipsius

226 3572 342 3625 maes
352 3570 435 3634 darer
450 3577 479 3626 et
494 3588 520 3627 ιι.
530 3571 568 3627 11
585 3571 627 3627 lris
642 3570 730 3628 addit:
745 3574 964 3648 sipuifieandum
979 3572 1097 3641 credidi,
1110 3572 1200 3628 mede
1211 3574 1391 3627 contentione
1402 3572 1453 3627 iila
1467 3590 1484 3626 a

225 3654 494 3713 mcdtdonosii
503 3659 659 3715 recessisse
675 3654 881 3734 (ubi,‚nomen“
896 3654 1154 3730 „causnm“sonat)
1171 3664 1198 3712 ct
1210 3658 1250 3713 ad
1260 3656 1379 3730 [ratres
1394 3663 1421 3712 et
1437 3672 1484 3712 co·

224 3740 375 3814 episcopos
391 3748 506 3799 nostros
527 3744 683 3799 orientales
709 3746 824 3801 litteras
842 3745 968 3817 desuper
986 3745 1099 3799 nomine
1119 3745 1185 3817 eJ'us
1205 3739 1289 3816 (qnod
1310 3748 1366 3797 est:
1394 3757 1486 3813 super

221 3824 457 3883 mutiana
471 3825 548 3902 ejus)
570 3826 677 3884 dedisse
691 3826 759 3900 (bib.
776 3830 865 3903 ep.ll
883 3845 909 3885 n.
920 3828 946 3892 l,
965 3828 1004 3885 12
1019 3825 1095 3901 ni).

309 3908 340 3966 4.
375 3909 471 3968 Edem
488 3920 566 3987 gesta
585 3911 634 3969 sed
654 3913 740 3970 multo
761 3913 891 3976 breviora,
915 3921 1011 3988 utpote
1032 3911 1160 3987 equibus
1178 3929 1272 3968 eorum
1295 3911 1435 3968 exordium
1450 3912 1484 3968 ad

218 4014 249 4055 ι.
269 3994 289 4052 4
307 3995 411 4071 alhqne
431 3996 578 4054 identidem
600 4006 704 4056 resecta
724 4009 802 4063 snnt,
825 4001 853 4056 in
872 4001 987 4055 vetustis
1008 3997 1204 4074 exemplaribus
1226 3997 1284 4068 ejus
1306 3997 1483 4060 collectionis,

214 4098 303 4159 quant
317 4079 472 4139 Paschasius
490 4082 652 4151 Quosnellus
673 4082 724 4140 snb
739 4084 820 4141 titulo
847 4086 953 4142 codicis
968 4101 1112 4142 canonum
1127 4086 1271 4141 ecclesiae
1285 4084 1436 4141 Romanae
1456 4093 1483 4140 et

212 4166 321 4225 me
335 4167 429 4223 inme·
444 4166 579 4225 ballerinii
593 4167 673 4244 (Opp.
689 4168 774 4226 Leon.
792 4169 825 4226 ll.
840 4169 882 4233 lll,
897 4167 1053 4241 13-472)
1070 4168 1120 4225 sub
1137 4169 1217 4228 titulo
1232 4171 1325 4227 codex
1341 4186 1483 4227 canonum

211 4255 483 4312 ecelesiasticorum
498 4260 526 4311 et
540 4258 890 4313 constitutorumsanctac
901 4257 1165 4328 sedisapostolicae
1181 4255 1334 4330 vulgarunt,
1351 4274 1374 4311 c.
1384 4254 1424 4312 43
1442 4272 1483 4310 rc·

210 4339 341 4416 perhanc
356 4337 405 4394 hac
426 4340 588 4415 epigraphe:
619 4340 806 4399 Narrationis
826 4343 905 4413 ordo,
936 4343 1062 4416 qualiter
1083 4342 1242 4399 Dioscorus
1263 4343 1483 4399 Alexandrinus

209 4427 376 4498 mopere
390 4423 517 4498 Eutychi
531 4430 721 4497 consenticus,
743 4430 773 4483 in
789 4443 824 4484 ea
840 4431 889 4484 eui
900 4434 1042 4500 praeerat
1055 4431 1118 4500 ipse
1133 4430 1265 4498 ecclesia,
1284 4429 1327 4485 uel
1343 4428 1481 4484 Constan-

208 4511 417 4582 tinopolitana,
441 4525 572 4567 errorem
587 4512 736 4569 induxerit
757 4529 848 4586 usque
863 4515 903 4569 ad
916 4520 1041 4588 tempus,
1061 4531 1117 4588 quo
1132 4515 1259 4570 Aeacius
1274 4519 1315 4569 est
1330 4506 1483 4568 damnatus

206 4645 409 4656 ———
417 4646 434 4652 --
443 4645 521 4653 ---

286 4708 315 4783 ¹).
327 4703 509 4763 Confer-antur
526 4724 599 4778 queo
616 4725 701 4778 supra
717 4709 754 4764 ed
767 4708 903 4764 FeliciaII
921 4708 1001 4780 episi.
1016 4715 1047 4765 tt
1066 4712 1094 4766 et
1106 4709 1209 4766 Gelasii
1228 4708 1360 4780 epistolae
1380 4715 1403 4776 1,
1416 4715 1483 4764 4-o

208 4790 397 4920 mouqqmlaquq
411 4845 565 4900 oenientiee
583 4846 688 4916 optime
707 4846 864 4913 concinunt,
882 4864 954 4917 ques
966 4849 1064 4907 auctor
1080 4854 1146 4905 ull
1165 4846 1274 4907 scribit:
1294 4851 1340 4903 Gari
1351 4846 1483 4916 (iohanni

208 4911 348 4981 ΤΙιΙψΘ)
364 4917 420 4967 du
437 4919 530 4969 Aeacii
545 4921 645 4985 scripta
662 4922 799 4984 lepererrnts
816 4917 868 4971 etc.
