3412 5664
359 328 421 391 866
699 362 704 369 -
797 344 825 392 s.
842 308 1049 392 noaurs'orn
1071 342 1186 389 Parsa

230 499 513 583 (a.aro.)p1incipis
541 497 619 560 fides
647 496 815 581 splendore
844 496 1001 560 catholico
1029 517 1154 580 semper
1180 495 1342 559 irradians
1370 493 1425 558 diu
1452 498 1642 578 expetita]

357 600 568 664 sacrosanctis
584 600 726 663 ecelesiis
742 599 941 671 concordiam
959 599 1048 681 pacis
1062 581 1231 681 restituit,⁰
1240 619 1338 682 quam
1352 595 1498 660 omnibus
1510 599 1642 664 tinne

357 701 430 784 phis
458 703 522 765 suis
550 701 739 765 solidissime
765 700 899 764 firmatis
928 700 1117 783 invictum³)
1141 700 1214 783 jure
1244 698 1389 763 exsultat
1414 698 1642 783 praecoluisse

357 804 517 867 vexillum.
562 803 699 887 Ideoque
726 802 852 867 illibata
873 806 999 866 vestrae
1027 801 1234 885 paternitatis
1256 801 1471 865 sanctimonia
1495 823 1540 885 pro
1554 803 1643 865 im-

254 938 261 947 ’
358 905 540 969 columitatc
569 909 664 989 atque
691 906 903 989 prosperitate
930 904 1087 988 praedicti
1109 902 1230 967 domini
1257 903 1362 966 nostri
1385 904 1517 988 Augusti
1536 908 1644 971 ata

356 1030 528 1091 precesque
555 1007 769 1090 omnipotenti
797 1006 865 1070 Deo
893 1007 1005 1070 offerre
1032 1004 1228 1069 indesinenti
1258 1005 1497 1069 continuatione
1519 1011 1643 1089 perai-

357 1113 437 1173 stat:
461 1113 496 1173 ut
519 1109 714 1172 ineffabilem
735 1111 899 1172 tantorum
921 1109 1076 1172 bonorum
1091 1109 1241 1192 gratiam,
1264 1129 1361 1191 quam
1383 1107 1451 1191 ipse
1472 1107 1525 1191 piis
1540 1108 1642 1190 ejus

356 1212 501 1274 sensibus
524 1211 709 1294 inspiravit,
741 1210 781 1274 ad
809 1210 938 1273 futurae
966 1231 1090 1294 quoque
1118 1208 1329 1274 beatitudinis
1352 1209 1521 1293 profectum
1538 1230 1636 1283 cun.

356 1334 481 1376 servare
505 1312 666 1395 dignetur.
703 1312 841 1376 Domino
864 1313 961 1375 etiam
979 1312 1084 1395 jugali
1107 1311 1173 1375 filio
1188 1314 1296 1375 vestro
1318 1310 1450 1374 etmihi
1471 1310 1632 1394 peculiam·

357 1412 480 1477 cultrici
503 1417 643 1494 vestrae,
674 1435 745 1477 cum
767 1414 889 1496 sobole,
917 1436 1014 1498 quam
1036 1413 1129 1477 nobis
1151 1412 1310 1476 Dominus
1332 1411 1451 1476 donare
1472 1412 1622 1496 digestu,-

357 1518 422 1597 est,
447 1540 465 1577 a
488 1519 593 1579 vestro
615 1516 803 1598 pontificatu
827 1517 928 1579 oratio
950 1515 1134 1599 benigniter
1156 1513 1373 1598 impendatur,
1404 1514 1489 1596 cujus
1507 1514 1612 1587 suffra.

357 1617 410 1699 gio
434 1617 534 1680 divini
556 1617 675 1680 favoris
698 1618 856 1701 protectio
878 1616 971 1680 nobis
995 1617 1169 1680 clementer
1191 1616 1345 1699 adspiret.

865 1804 1048 1906 Epistola
1074 1804 1115 1886 71

966 1956 1014 1994 seu

206 2042 348 2167 (mv-2313
469 2051 672 2119 Exemplum
694 2051 858 2120 epistolae
879 2052 1040 2107 Julianus
1062 2050 1203 2106 Anicius
1224 2051 1269 2106 sd
1290 2051 1505 2107 Hormisdsm

208 2153 239 2165 ..
276 2131 292 2180 p
340 2170 344 2175 ¹
377 2182 669 2246 (lonstontinopolitunos
687 2184 712 2231 in
730 2184 772 2231 die
789 2191 894 2231 scanciae
913 2185 1108 2232 resurrectionis
1126 2185 1162 2231 ud
1178 2183 1256 2231 rubera
1274 2191 1391 2231 rtrrrlernu
1402 2182 1517 2230 Ecclesiae
1529 2196 1566 2228 ωι-

393 2275 560 2331 coaprcputos
578 2284 648 2323 essm
675 2284 705 2316 ne
726 2269 860 2330 permittat
877 2268 1017 2317 Hormisdn
1035 2272 1132 2330 lepatos
1150 2266 1303 2319 abscedere.
1322 2269 1404 2317 donec
1420 2284 1473 2330 pau·
1487 2268 1555 2315 caedo

910 2356 1014 2414 firmata
1030 2354 1071 2402 sil.

511 2484 678 2548 lilomino
726 2484 960 2548 beatissimo
1003 2486 1108 2569 patri
1152 2484 1389 2548 Hornrisdae
1428 2483 1579 2548 Juliansb

603 2588 757 2650 Anicia.

442 2706 594 2770 Precibus
629 2709 753 2769 vestrae
790 2706 1014 2789 beatitudiniS,
1053 2706 1193 2770 adventu
1225 2707 1406 2790 legatorum
1439 2702 1583 2788 principalis

359 2809 442 2872 sedis
465 2807 657 2891 apostolicae
681 2808 766 2871 elisis
790 2808 950 2872 erroribus
972 2809 1219 2891 haereticorum,
1242 2809 1278 2871 in
1301 2808 1457 2871 unitatem
1476 2805 1537 2870 fidei
1552 2826 1585 2866 ca·

357 2910 496 2973 thelicae
521 2910 741 2991 convenimus,
777 2913 965 2995 congregati
988 2910 1083 2974 simul
1110 2911 1150 2974 ad
1172 2910 1272 2973 ubera
1294 2914 1441 2973 materna
1461 2905 1588 2971 Ecclesiae

357 3013 392 3075 in
415 3012 465 3075 die
485 3015 617 3076 sanetae
639 3013 890 3078 resurrectionis.
929 3012 1130 3095 Quapropter
1145 3011 1218 3075 stilo
1233 3011 1450 3078 uenerationis
1464 3009 1592 3093 alloquen-

358 3118 406 3177 tes
428 3115 636 3178 sanctitatem
657 3118 807 3193 vestram‚
831 3116 1048 3196 admonemus,
1076 3118 1112 3177 ut
1133 3113 1290 3177 intimetis
1313 3111 1480 3176 destinatis
1500 3110 1596 3174 arobb

358 3217 629 3280 reverendissimis
651 3217 744 3297 viria,
768 3217 856 3281 nullo
878 3218 971 3281 modo
994 3215 1178 3298 abscedere,
1209 3219 1401 3299 numquam,
1433 3215 1514 3278 sicut
1532 3234 1601 3297 prae
1666 3272 1668 3283 ,

339 3318 500 3391 ,videritis
523 3323 559 3381 ut
581 3322 721 3402 oportet,
752 3319 920 3383 linirentur
949 3342 987 3382 ca
1008 3341 1089 3402 quac
1110 3318 1193 3381 bene
1213 3317 1370 3402 disposita
1399 3322 1477 3380 sunt
1502 3316 1541 3379 ab
1559 3315 1606 3378 eis:

358 3424 403 3503 ut,
429 3421 603 3504 amputatis
626 3420 771 3484 omnibus
795 3420 936 3504 reliquiis
951 3420 1107 3485 transacti
1116 3422 1128 3458 '²
1130 3438 1142 3504 )
1159 3419 1274 3482 erroris
1281 3469 1291 3501 ,
1314 3419 1490 3502 impendiis
1505 3424 1610 3483 vetra

359 3523 568 3586 beatitudinis
591 3523 741 3585 roborata
764 3523 871 3586 unitas
894 3524 932 3586 ad
956 3523 1102 3586 effectum
1125 3523 1316 3606 perpetuum
1338 3520 1528 3585 deducatur.

858 3708 1040 3812 Epistola
1066 3709 1121 3791 72.

217 3864 249 3971 ²5
258 3842 345 3984 ffl:
568 3862 779 3927 Hormisdou
803 3879 912 3944 papae
935 3862 977 3926 ad
1002 3862 1218 3928 Germanum
1241 3864 1280 3926 ct
1301 3862 1432 3927 melos.

574 4005 611 4051 ln»
625 3983 712 4052 borion
731 4004 942 4051 incolumitatem
959 4003 1034 4051 rebus
1051 4004 1129 4066 (lestis
1147 4004 1243 4051 cmiter
1256 4002 1319 4063 fieri
1335 4006 1419 4067 eupit.
1640 4034 1655 4083 l.

510 4134 721 4198 llorrnisda
737 4136 929 4199 Germano
952 4134 1181 4198 etdohanni
1204 4133 1433 4217 episcopis,
1460 4135 1636 4202 Feliuiet

603 4237 800 4301 Dioscoro
822 4238 1003 4301 (liaconis
1026 4239 1064 4300 ct
1087 4234 1237 4300 Blando
1259 4236 1526 4321 presbytero.

443 4357 638 4441 (lpinionuru
667 4356 835 4420 diversitas
864 4356 919 4420 diu
945 4378 1004 4420 nos
1032 4356 1112 4419 facit
1139 4355 1178 4419 de
1205 4354 1432 4438 prosperitate
1455 4364 1569 4423 uestra
1598 4360 1639 4421 rel

424 4564 444 4625 ³)
464 4564 472 4607 l
478 4561 605 4614 nationis
624 4561 709 4614 series
727 4561 868 4629 postulare
886 4560 997 4614 videtur
1013 4566 1106 4613 inuicta
1178 4565 1280 4613 venilia.

358 4652 387 4699 il
426 4651 445 4714 ¹}
463 4646 603 4716 l'ompcji,
626 4647 657 4698 ut
675 4646 711 4699 ad
729 4644 808 4714 epist.
829 4652 862 4698 69
881 4648 923 4698 ost
940 4646 1118 4708 annianum,
1138 4643 1305 4698 consobrina
1322 4646 1355 4697 et
1375 4648 1479 4701 rixosis
1498 4651 1562 4717 qius
1578 4654 1633 4704 Ana

356 4732 457 4785 stasim
480 4734 612 4801 comittit,
637 4731 714 4798 cujus
738 4731 910 4798 praeclarum
935 4729 1074 4799 quoddam
1097 4729 1204 4783 fascinus
1226 4728 1388 4797 Gregorius
1412 4732 1525 4788 'l'uron
1550 4737 1595 4789 lib.
1613 4736 1644 4787 d·-

357 4816 425 4881 glor.
447 4820 527 4869 mart.
547 4817 588 4869 ll
609 4834 631 4869 c.
654 4824 701 4869 103
721 4816 905 4869 eonnnendat.

424 4906 445 4970 ⁴²)
465 4905 498 4954 w
519 4909 631 4955 boardi.
