3450 5678
641 340 842 389 rusorsrus
866 341 916 388 111.
1360 325 1423 392 545

152 496 291 562 innoxiis
313 494 453 560 motibus
476 495 705 576 demonstrare,
730 495 804 579 quia
827 517 892 558 non
914 494 1119 577 phantastice
1135 495 1167 556 et
1188 495 1344 579 putative,
1368 497 1423 561 sed

153 600 223 685 ipsa
247 599 381 664 veritate
409 600 512 661 toturn
541 597 702 661 hominem
725 597 856 661 indutus
884 601 933 661 est
960 596 1047 661 Deus
1076 597 1219 681 perfecte
1242 598 1423 663 adsumensss

235 707 274 768 In
296 704 431 767 eosdem:
465 698 620 774 Quocirca
649 699 735 763 aliud
758 700 885 784 quidem
913 701 974 764 erit
1002 701 1152 781 mortale,
1183 700 1269 764 aliud
1297 700 1425 785 quidem

153 808 280 890 praeter
307 803 369 867 hoc
396 802 587 867 immortale.
634 801 873 886 Consequenter
903 807 1009 866 autem
1037 806 1070 866 et
1097 801 1265 867 Timotheo
1281 803 1425 868 eamdem

153 907 296 972 scribens
312 905 490 989 epistolam,
514 904 712 988 prospiciens
728 903 884 969 deiferum
907 905 1078 988 hominem,
1102 904 1338 989 proclamabat:
1365 927 1423 970 me·

152 1031 218 1074 mor
240 1021 311 1087 esto,
342 1012 445 1071 Iesum
470 1012 617 1071 Christum
640 1013 845 1071 resurrexisse
869 1031 889 1071 u
911 1015 1036 1072 mortuis
1057 1029 1097 1071 ea:
1118 1015 1229 1072 semiue
1251 1013 1353 1073 David
1381 1032 1424 1073 se-

152 1117 285 1176 cundum
303 1116 491 1188 craspelium
514 1130 620 1181 meurs,

237 1217 277 1278 st
298 1220 503 1294 postpauca:
525 1210 631 1274 Homo
653 1214 760 1275 autern
775 1211 879 1276 Deum
900 1213 1018 1295 serena,
1042 1213 1096 1296 qui
1111 1213 1223 1277 mortis
1244 1213 1425 1296 passionem

153 1317 269 1399 sponte
298 1314 423 1377 censuit
445 1314 603 1377 sustinere
629 1317 760 1398 propter
787 1316 953 1379 hominum
976 1315 1166 1398 utilitatem,
1195 1314 1336 1398 palmam
1359 1316 1426 1399 qui-

154 1417 282 1480 demet
305 1415 503 1498 certaminis,
527 1419 563 1479 ut
585 1416 632 1479 ita
654 1416 824 1481 dicendum
847 1419 899 1500 sit,
923 1417 1077 1481 honorem
1101 1421 1133 1480 et
1148 1420 1340 1502 potestatem
1355 1439 1426 1502 per-

156 1519 259 1603 cepit,
294 1522 327 1583 et
348 1518 404 1582 ubi
426 1517 580 1602 recipitur
602 1519 715 1603 gloria,
751 1543 846 1605 quarn
869 1542 1071 1605 nequaquam
1094 1520 1182 1604 prius
1204 1519 1370 1585 habuerat.

242 1622 292 1685 19.
337 1625 499 1702 Hippolyti
521 1625 657 1703 episcopi
665 1622 704 1707 36)
729 1633 761 1686 at
782 1627 928 1703 martyris
950 1626 1088 1688 Arabum
1108 1628 1288 1705 metropolis
1310 1628 1343 1687 in
1365 1645 1427 1689 ms·

154 1727 255 1788 moria
275 1726 452 1788 haeresum:
475 1721 539 1786 Hic
559 1723 735 1807 procedens
758 1725 793 1788 in
816 1725 969 1788 mundum
992 1724 1078 1788 Deus
1101 1729 1134 1788 et
1148 1723 1242 1790 homo
1266 1727 1425 1811 apparuit.

156 1824 201 1889 llt
221 1823 385 1888 hominem
406 1823 534 1908 quidem
556 1847 628 1889 eum
650 1826 745 1890 facile
768 1830 817 1890 est
839 1827 1032 1911 intelligere,
1056 1850 1154 1911 quum
1177 1829 1275 1892 esurit
1298 1832 1330 1892 et
1352 1828 1427 1892 fati-

156 1931 253 2011 gatur
275 1929 309 1990 et
330 1926 456 1990 laborat
479 1929 511 1991 et
533 1928 602 1992 sitit
625 1932 657 1992 et
678 1929 830 1993 formidat
859 1933 892 1993 et
912 1929 1014 2014 fugit,
1045 1934 1131 2012 orat,
1161 1931 1373 1995 contristatur
1394 1934 1428 1994 et
1452 1925 1455 1934 ’

156 2051 253 2114 super
275 2029 423 2093 cervicali
445 2030 573 2113 dormit,
597 2035 630 2095 et
653 2032 784 2096 calicem
807 2033 929 2115 respuit
950 2033 1119 2116 passionis,
1144 2036 1176 2097 et
1192 2034 1307 2097 anxius
1322 2034 1425 2117 sudat,

157 2134 191 2196 et
213 2132 253 2195 ab
281 2131 398 2216 angelo
427 2133 628 2198 confortatur
636 2133 687 2218 ³⁷),
719 2139 751 2198 et
780 2158 798 2199 a
831 2134 916 2198 Juda
944 2135 1097 2217 traditur,
1132 2138 1165 2198 et
1199 2135 1426 2199 contumeliam
1441 2113 1520 2236 ἓξὲξ,

157 2234 290 2318 patitur,
314 2257 333 2298 a
356 2233 479 2319 Caipha
502 2239 534 2299 et
549 2236 590 2299 ab
605 2235 732 2300 Herode
755 2236 939 2320 despicitur,
965 2237 1103 2301 aPilato
1119 2236 1313 2321 flagellatur,
1337 2238 1428 2322 eique
1476 2223 1482 2246 '
1524 2225 1528 2234 ⁵

158 2359 179 2399 a
205 2336 362 2401 militibus
390 2336 545 2421 illuditur,
576 2341 608 2402 et
637 2337 809 2402 aludaeis
836 2339 928 2424 ligno
956 2340 1144 2424 configitur,
1178 2344 1210 2403 et
1237 2341 1277 2404 ad
1300 2339 1430 2403 Patrem

159 2439 303 2503 olamans
331 2440 533 2504 commendat
560 2439 723 2524 spiritum,
759 2445 791 2504 et
819 2442 976 2506 inchnato
1010 2443 1114 2525 capite
1142 2443 1289 2526 spiritum
1317 2442 1428 2525 tradit,

158 2541 243 2605 latus
265 2541 378 2606 lancea
399 2525 592 2626 perforatur,
622 2543 783 2606 involutus
812 2545 846 2608 in
875 2545 1017 2629 syndone
1040 2544 1169 2628 ponitur
1191 2545 1226 2608 in
1248 2543 1428 2629 sepulchra,

159 2648 194 2708 et
215 2666 234 2707 a
255 2643 351 2709 Patre
373 2644 425 2708 die
447 2646 543 2709 tertia
567 2645 748 2709 suscitatur.
773 2646 983 2710 Divinitatem
1007 2669 1080 2710 vero
1103 2647 1171 2729 ejus
1193 2647 1299 2710 videre
1323 2668 1430 2710 rursus

160 2747 282 2811 clarum
304 2750 362 2831 est,
386 2748 513 2831 quando
536 2747 684 2812 laudatur
707 2749 747 2812 ab
770 2749 905 2833 angelis,
933 2752 965 2811 et
979 2747 1075 2812 hoca
1097 2748 1278 2833 pastoribus
1301 2748 1438 2833 inspici·

159 2854 224 2933 tur,
253 2851 287 2913 et
308 2852 512 2933 exspectatur
540 2873 558 2913 a
581 2849 728 2915 Simeone
752 2855 785 2915 et
807 2851 847 2915 ab
870 2852 968 2915 Anna
990 2851 1208 2915 testimouium
1232 2849 1427 2932 perhibetur,

1437 884 1530 938 slim.

1459 959 1513 1020 aa.

230 3039 262 3105 ⁸⁸)
281 3035 365 3105 Cujus
384 3036 515 3091 ecclesiae
533 3036 556 3090 is
575 3037 720 3108 episcopus
738 3038 830 3104 fuerit,
848 3037 961 3091 minime
979 3036 1133 3106 comperire
1151 3053 1180 3090 se
1197 3024 1319 3106 potuisse
1337 3036 1432 3089 Hiero-

161 3139 261 3191 nymus
280 3121 328 3174 lib.
348 3121 382 3176 de
402 3121 528 3192 scriptor.
549 3123 613 3176 eccl.
635 3122 767 3176 declarat.
803 3123 934 3177 Nonnulli
957 3125 1052 3176 tamen
1074 3122 1152 3175 illum
1176 3139 1193 3175 a
1211 3122 1321 3176 Gelasio
1340 3132 1433 3175 suerro-

159 3213 227 3275 poh‘s
245 3211 359 3260 Aratum
377 3213 522 3275 episcopum
540 3225 594 3261 non
614 3207 670 3261 alia
687 3208 795 3261 ratione
814 3207 918 3261 tholum
937 3207 1125 3277 suspicantur,
1148 3206 1200 3260 nisi
1222 3205 1296 3274 quod
1316 3206 1351 3259 ab
1370 3206 1433 3258 Hie·

160 3308 279 3360 rouymo
300 3291 330 3344 in
352 3290 438 3345 citato
462 3308 546 3360 opere
573 3292 606 3344 de
630 3292 756 3360 scriptor.
781 3293 846 3345 eccl.
865 3292 977 3360 Beryllo
1001 3291 1132 3361 episcopo
1155 3291 1331 3356 Bostrorum,
1362 3307 1433 3359 quae

159 3377 286 3431 Arabum
304 3377 466 3446 metropolis
484 3381 537 3443 est,
560 3377 686 3446 proxime
704 3376 858 3444 subjicitur,
895 3377 974 3440 Quod
997 3376 1109 3444 quidem
1128 3375 1283 3445 aegerrime
1301 3376 1434 3439 conceda·

160 3480 229 3517 mus.
266 3461 306 3516 Ut
322 3461 396 3515 enim
414 3465 568 3528 taceamus,
591 3463 672 3516 valde
692 3461 798 3515 futilem
817 3479 875 3516 esse
893 3461 1053 3532 hujusmodi
1071 3460 1220 3529 rationem,
1248 3463 1323 3516 certe
1341 3462 1364 3515 si
1382 3461 1434 3515 Ge-

162 3547 246 3602 lasius
265 3545 440 3616 episcopatus
459 3547 603 3617 Hippolyti
622 3547 751 3601 notitiam
775 3565 807 3601 ex
826 3564 880 3600 uno
898 3546 1062 3616 Hieronymi
1080 3552 1111 3600 rie
1129 3552 1298 3614 scriptor-ihus·
1316 3552 1435 3600 eeclesia-

160 3640 233 3687 seteis
250 3631 422 3701 sumpsisset,
441 3632 514 3690 hunc
532 3633 609 3701 cujus
628 3633 759 3688 eeclesiae
779 3635 851 3686 esset
869 3632 1015 3702 episcopus
1037 3648 1138 3687 senon
1157 3631 1235 3698 scire,
1255 3649 1316 3686 curn
1336 3630 1434 3686 eodem

162 3717 257 3788 potius
276 3715 396 3770 dixisset.
439 3716 592 3772 Cotelerius
612 3717 723 3771 monim.
743 3719 807 3772 eccl.
828 3718 925 3772 Graec.
945 3719 1012 3771 tom.
1027 3718 1050 3770 ll
1070 3718 1120 3771 col.
1135 3723 1196 3783 639,
1220 3734 1283 3771 eum
1306 3734 1339 3770 ex
1362 3717 1435 3770 male

161 3802 306 3857 intellecto
326 3802 435 3857 Eusebii
454 3802 487 3856 H.
501 3803 530 3856 Ε.
551 3803 597 3869 VI,
610 3810 643 3856 20
661 3804 721 3857 loco
740 3803 840 3857 falsum
862 3821 920 3857 esse
944 3803 1081 3857 observat.
1119 3802 1311 3857 Theodoretus
1333 3802 1362 3854 in
1380 3818 1435 3855 rne-

163 3887 280 3943 moralis
298 3886 416 3957 dialogis
434 3905 498 3941 eum
516 3888 678 3958 simpliciter
697 3888 856 3958 episcopum
875 3891 903 3942 et
921 3889 1073 3956 martyrem
1092 3888 1228 3957 appellat;
1247 3886 1295 3941 sed
1309 3888 1337 3940 et
1349 3904 1435 3956 quum

163 3971 275 4030 ‹litersa
292 3974 362 4027 citat
379 3973 438 4041 ejus
457 3989 556 4043 opera,
578 3973 684 4026 nullum
708 3979 739 4027 eie
757 3980 874 4027 nientoriu
892 3977 1022 4026 haeresum
1046 3972 1150 4026 laudat.
1187 3972 1247 4025 Hoc
1265 3973 1355 4041 ipsum
1374 3987 1437 4040 pro-

164 4059 299 4114 babiliter
315 4057 462 4127 Hippolyti
480 4076 548 4127 opus
567 4061 617 4124 est,
636 4060 710 4128 quod
729 4058 863 4112 Eusebius
880 4058 914 4111 H.
928 4058 959 4110 Ε.
978 4057 1025 4123 Vl,
1040 4064 1071 4110 22
1096 4059 1125 4111 et
1142 4057 1327 4126 Hieronymus
1346 4069 1437 4111 eoretra

163 4165 250 4200 omues
267 4149 388 4198 haereses
405 4151 514 4198 vocant.
552 4144 615 4214 [Est
627 4144 773 4213 Hippolyti
790 4156 880 4198 eontra
893 4149 992 4199 haeres.
1007 4148 1085 4198 Noiti
1101 4143 1190 4208 locus3
1210 4144 1281 4199 conf.
1294 4143 1438 4211 Dbllinger

164 4235 325 4300 Hippolytus
343 4235 395 4283 und
413 4233 546 4284 Kellistus.
576 4230 761 4298 Regensburg
781 4236 853 4284 1853,
884 4247 950 4299 pag.
964 4235 996 4283 89
1006 4229 1054 4297 ss]

234 4318 266 4383 ⁸⁷)
285 4314 469 4384 Hippolytum
485 4313 523 4380 id,
542 4315 617 4383 quod
634 4314 725 4369 Lucae
744 4321 785 4380 22,
797 4322 829 4367 42
854 4316 888 4368 de
911 4314 1012 4382 angelo
1030 4313 1179 4367 Dominum
1198 4313 1373 4368 confortante
1392 4312 1438 4363 ha·

164 4403 258 4461 betur,
276 4392 377 4469 lauisse
389 4399 454 4453 hinc
465 4398 562 4467 liquet,
581 4401 706 4468 quamvis
719 4399 840 4454 Hilarius
854 4400 888 4452 de
898 4399 973 4452 Trin.
988 4399 1021 4452 X.
1040 4417 1066 4453 n.
1081 4405 1111 4451 41
1132 4400 1161 4453 et
1172 4398 1357 4464 Hieronymus
1376 4395 1438 4448 adv.

163 4486 264 4555 Pelag.
282 4485 329 4540 lib.
344 4485 370 4538 ll
387 4486 416 4540 in
434 4485 542 4554 graecis
566 4488 595 4539 et
616 4486 709 4540 latinis
732 4484 872 4539 codicibus
891 4483 1078 4553 complurimis
1101 4485 1135 4538 de
1157 4484 1211 4538 hoc
1234 4482 1301 4536 nihil
1325 4478 1440 4549 reperiri

163 4574 314 4627 testentur.
350 4571 523 4641 Epiphanius
540 4570 570 4624 in
587 4573 726 4625 Ancorato
745 4590 771 4624 n.
786 4580 816 4624 31
837 4571 910 4623 hunc
927 4570 1019 4625 locum
1034 4570 1154 4638 quadam
1168 4569 1368 4623 catholicorum
1386 4565 1440 4617 for-

163 4657 272 4713 midine
290 4656 432 4711 sublatum
450 4658 539 4726 putat.
577 4656 632 4710 Sed
650 4657 754 4711 ibidem
773 4657 910 4722 observat,
936 4657 1081 4711 Irenaeum
1100 4656 1176 4710 libi
1195 4673 1217 4709 c.
1232 4660 1264 4706 32
1288 4667 1321 4704 eo
1345 4650 1381 4703 ad
1400 4666 1440 4703 re-

164 4743 304 4800 fellendos
321 4741 489 4808 haereticos,
517 4742 564 4811 qui
584 4742 722 4795 Christum
745 4741 836 4811 specie
859 4743 938 4796 tenuis
961 4741 1100 4796 hominem
1120 4739 1282 4809 apparuisse
1301 4736 1441 4801 volebant,

164 4829 319 4886 efficaciter
346 4846 426 4881 ursum
452 4844 517 4880 esse.
559 4828 693 4882 llumdem
720 4828 790 4896 legit
817 4830 845 4880 et
863 4827 988 4881 lustinus
1015 4827 1043 4880 in
1068 4826 1179 4892 dialogo
1204 4842 1265 4877 curu
1291 4820 1441 4890 'l'ryphone

164 4915 286 4971 Judaeo.

205 5021 361 5057 strumosus
377 5020 480 5061 uorsus.
496 5020 607 5056 rourrr.
627 5006 649 5056 Ι.
1199 5003 1238 5058 35
