3412 5664
676 348 877 398 ansearius
900 350 931 396 v.
1376 336 1440 401 595

191 520 320 564 oram
341 500 531 585 integritate
547 500 707 565 reddatur.
745 502 790 567 Et
811 503 975 586 proprium
991 524 1121 587 corpus,
1145 504 1229 567 sicut
1243 507 1439 589 unumquod-

191 623 205 664 ι
255 604 428 685 seminum,
452 603 521 667 sine
544 602 639 667 dubio
661 604 820 688 recepturi
844 608 934 669 sunt:
957 604 1041 689 quod
1064 605 1139 689 quia
1153 605 1278 669 diverso
1293 606 1383 670 sexui
1404 607 1440 671 in

191 724 215 767 >
258 704 377 769 semine
400 706 576 788 comparari
599 726 665 770 non
687 709 828 790 poterat,
853 729 891 771 ex
907 708 1065 771 seminum
1080 706 1265 771 diversitate
1289 707 1441 772 collatum

202 856 220 885 ,
264 810 299 870 ut
321 828 358 871 ex
380 806 566 871 diversitate
589 807 745 871 seminum
769 829 936 891 corporum
963 809 1143 894 proprietas
1166 810 1360 894 signaretur.
1406 809 1440 875 Si

191 927 238 971 .·0
265 907 431 992 proprium
453 930 566 992 eorpus
588 911 796 974 resuscitatus
811 910 945 995 quisque
960 910 1129 994 suscipiet,
1152 910 1377 976 indubitanter
1392 916 1441 977 cst

191 1030 385 1094 nsequenS,
415 1014 452 1074 ut
473 1011 643 1105 unicuiqae
672 1013 760 1076 sexui
784 1034 897 1097 corpus
926 1013 1089 1097 proprium
1118 1009 1325 1098 reformetur3
1354 1015 1438 1099 quia,

191 1111 302 1197 ΜΨ)
324 1111 446 1177 dictum
469 1117 534 1196 cst,
558 1117 591 1178 et
613 1114 783 1198 unicuique
806 1115 963 1178 seminum
985 1114 1149 1198 proprium
1165 1137 1279 1199 corpus
1301 1116 1441 1181 restitui·
1544 1118 1553 1133 ⁹

191 1235 207 1276 r
241 1215 448 1279 attributum.
488 1215 532 1278 Et
554 1215 582 1278 si
604 1216 776 1300 unicuique
798 1217 957 1280 seminum
978 1218 1143 1302 proprium
1165 1238 1279 1301 corpus
1302 1219 1441 1282 restitui·

191 1336 232 1398 r,
262 1337 321 1400 per
342 1338 424 1401 quae
446 1317 556 1401 utique
579 1318 701 1381 semina
723 1318 759 1382 in
780 1321 914 1404 utroque
937 1340 1014 1382 sexu
1036 1341 1130 1383 omne
1152 1340 1254 1404 genus
1276 1319 1440 1384 hominum

191 1416 375 1503 signatam
398 1423 463 1503 est,
488 1419 646 1503 sequitur,
671 1425 707 1484 ut
729 1442 824 1485 ornne
847 1442 949 1506 genus
971 1421 1163 1504 humanum,
1193 1421 1276 1506 quod
1299 1422 1334 1485 in
1356 1425 1441 1486 utro-

191 1539 223 1583 ce
252 1520 423 1585 seruistis
446 1525 495 1586 est
517 1520 692 1585 seminibus
716 1522 936 1608 designatum,
960 1524 1126 1608 proprium
1141 1524 1184 1588 sit
1200 1525 1362 1609 corpusffl')
1387 1523 1441 1588 ha·

191 1622 325 1687 turum.

254 1723 307 1789 25.
352 1723 423 1790 Hoc
449 1748 508 1790 nos
538 1749 576 1790 ex
604 1726 709 1791 verbis
737 1729 873 1811 apostoli
899 1728 950 1792 sas
979 1730 1028 1793 cst
1055 1729 1161 1792 sobria
1185 1728 1441 1793 consideratione

191 1823 293 1909 etiri,
322 1827 407 1890 ultra
435 1849 518 1912 qnae
541 1830 717 1905 cavendum
739 1833 788 1894 est
815 1832 987 1895 temeraria
1010 1831 1195 1895 curiositate
1222 1853 1476 1944 prorumpere.E
1509 1889 1529 1945 li

191 1930 307 2011 repar
327 1929 411 2013 quod
434 1930 531 1994 etiam
554 1953 808 1997 commonemur:
846 1940 967 1998 Altiora
990 1946 1019 1997 le
1040 1955 1078 1997 ac
1106 1940 1286 2012 quaesieris,
1318 1947 1348 1998 et
1372 1938 1440 2011 sor·
1455 1907 1537 2021 3ᾎέ

191 2045 254 2092 rra
275 2042 304 2095 te
325 2053 363 2096 ne
382 2034 483 2110 saeris
504 2047 673 2107 scrutatus:
696 2039 744 2100 et:
769 2040 838 2100 Noa
853 2043 918 2099 olto
933 2043 1099 2115 sopientes,
1124 2041 1183 2098 sed·
1198 2040 1358 2101 tramitibus
1371 2058 1443 2101 coa·
1455 2027 1535 2148 limfa·

191 2137 336 2199 orientes.
373 2133 539 2200 Postremo
554 2137 760 2201 attendentes
782 2136 879 2220 illud,
904 2138 986 2222 quod
1009 2136 1185 2222 apostolica
1205 2160 1329 2222 quoque
1351 2160 1442 2223 prae·
1457 2102 1496 2161 12,
1537 2137 1543 2149 ’

191 2234 332 2300 canone
352 2236 514 2302 firmatum
538 2241 602 2303 est:
625 2246 707 2319 quod
727 2245 832 2304 oculas
854 2262 913 2305 aon
936 2247 1026 2318 vidit,
1051 2262 1107 2304 nec
1129 2247 1215 2304 oriris
1230 2247 1362 2319 audiuit,
1386 2247 1592 2315 necffioraa.

191 2376 193 2383 ·
218 2343 428 2405 cortamina·
449 2347 600 2420 ascendit,
625 2363 704 2421 quac
720 2350 923 2422 praeparavit
938 2348 1018 2408 Deus
1039 2347 1210 2407 timentibus
1229 2353 1275 2420 s'e,
1299 2341 1443 2427 quisquis

191 2438 316 2516 ¹perius
341 2446 510 2507 memorati
537 2466 649 2508 sensus
677 2444 814 2529 apostoli
841 2467 907 2509 non
930 2448 980 2509 est
1001 2443 1220 2528 intelligentia
1243 2442 1293 2507 vel
1316 2465 1441 2528 compa·

191 2534 298 2607 *fiune
320 2547 507 2627 contentus,
536 2546 576 2608 acl
603 2546 664 2610 lrcc
687 2550 788 2629 certe,
818 2546 896 2610 velit
924 2546 1022 2629 nolit,
1052 2546 1121 2609 sine
1143 2546 1345 2610 dubitatione
1368 2568 1441 2610 con·

191 2636 360 2730 angina,
388 2651 425 2711 ut
452 2669 532 2732 quae
555 2647 665 2712 oculus
687 2670 752 2712 non
775 2648 856 2712 vidit
882 2670 942 2712 nec
970 2649 1055 2712 auris
1087 2648 1209 2713 audivit
1235 2669 1296 2712 nec
1324 2648 1358 2711 in
1388 2670 1442 2712 cor

191 2744 310 2812 ‘minis
331 2750 492 2834 ascendit,
515 2751 658 2835 qualibet
680 2751 796 2815 audeat
818 2750 880 2814 sibi
895 2751 1088 2814 mediatione
1105 2772 1304 2834 componere.
1342 2748 1441 2825 Quasi

191 2849 294 2937 ³1⁴0²³¹)
322 2849 455 2916 humani
478 2854 619 2938 corporis
642 2853 749 2937 aliqua
770 2853 912 2917 membra
942 2852 1115 2937 culpabilia
1136 2854 1186 2916 vel
1214 2853 1369 2916 dedecora
1391 2850 1441 2915 vel

191 2949 437 3024 prehensibilis
459 2954 526 3018 sint
548 2958 666 3038 creabi,
691 2978 788 3040 quum
811 2955 897 3019 Deus
920 2954 1034 3019 feccrit
1056 2955 1164 3018 omnia
1186 2955 1271 3018 bona
1293 2953 1385 3018 valde
1410 2955 1592 3031 ethn.1,31.

191 3058 428 3141 mllrrqrramqne
454 3058 592 3141 speciem
620 3059 655 3122 in
678 3080 734 3122 suo
756 3079 874 3142 genere
897 3056 1091 3140 competenti
1120 3056 1232 3120 decore
1258 3055 1440 3138 subnixam,

191 3138 238 3212 ἢ
260 3157 339 3241 quod
361 3157 458 3244 haec,
487 3181 569 3244 quae
596 3159 767 3224 inhonesta
789 3162 900 3224 nostra
925 3161 1002 3222 sunt
1028 3158 1131 3240 (beta,
1162 3157 1441 3242 concupiscentiae

191 3245 386 3325 marcialis
408 3261 621 3327 decolorasset
643 3285 805 3327 excessus:
829 3284 909 3345 (puae
931 3260 1042 3344 utique
1064 3261 1111 3324 sic
1125 3260 1256 3325 fucrant
1277 3259 1439 3342 nstrata,

191 3348 275 3423 llud
299 3365 412 3427 nutum
439 3365 557 3429 mentis
580 3364 740 3429 humanae
762 3363 970 3445 famulantia,
1000 3363 1223 3426 tantummodo
1248 3385 1287 3427 ex
1315 3362 1442 3426 animae

194 3454 339 3528 &onais
362 3466 497 3530 arbitrio
519 3467 559 3531 ad
581 3466 797 3552 procreandae
818 3465 936 3530 sobolis
959 3487 1087 3529 causam
1109 3465 1175 3529 suis
1191 3464 1307 3529 officiis
1328 3464 1441 3550 funge-

196 3563 301 3650 Mtur,
332 3571 460 3652 praeter
487 3566 573 3633 hane
600 3590 675 3633 vero
703 3591 833 3634 causam
859 3568 942 3633 nihil
973 3570 1085 3632 contra
1113 3567 1230 3631 mentis
1259 3566 1441 3651 imperium,

199 3659 276 3753 ”llil
295 3671 529 3754 praeveniendo
551 3672 742 3736 insolentius
765 3671 974 3754 voluntatem,
998 3670 1047 3735 vel
1066 3692 1162 3755 quum
1178 3669 1210 3733 id
1226 3668 1376 3733 voluntas
1391 3690 1443 3732 ex·

192 3810 408 3827 Q...-
449 3822 476 3826 -,

191 3888 307 3945 madum
327 3892 395 3947 vitio
416 3892 560 3947 inductum
583 3893 703 3959 librarii,
726 3894 773 3960 qui
796 3893 882 3948 rerba
904 3910 938 3947 cx
962 3909 1010 3946 orc
1033 3891 1163 3946 dictantis
1186 3891 1324 3960 accipiens
1347 3906 1443 3945 vocem

191 3978 295 4031 amm
310 3975 338 4030 in
357 3977 426 4033 duas
444 3978 621 4032 disidendarn
639 3977 756 4048 putarit.

244 4062 277 4128 ”l
293 4060 367 4116 Editi
385 4070 446 4133 qaia
463 4069 528 4117 εἰειιὶ
545 4070 645 4118 dictum.

243 4148 276 4214 “l
294 4151 321 4202 a'
339 4165 402 4202 cum
420 4148 455 4203 G'
475 4151 503 4202 et
515 4148 577 4203 Vat.
599 4152 648 4217 (θ’)
667 4153 767 4217 Corpus
784 4153 915 4201 arlia-ium
934 4153 981 4201 leuc
999 4167 1044 4202 nos
1061 4161 1125 4208 ete.‚·
1144 4147 1264 4202 editores
1276 4155 1370 4202 autem
1384 4163 1445 4201 con-

191 4232 302 4289 iliomm
318 4232 378 4287 loco
391 4233 466 4288 vocis
483 4238 614 4287 arbitrium
627 4233 830 4287 substituerunt
842 4245 1032 4301 rearmpeorum.
1063 4233 1106 4288 Ab
1119 4233 1218 4287 easdem
1230 4250 1298 4287 socc
1316 4228 1445 4302 proprius

191 4318 259 4377 best
273 4322 425 4381 mauras,
448 4336 504 4388 quo
523 4320 608 4374 verbo
627 4318 766 4374 Gelasium
785 4335 864 4371 usum
883 4334 1015 4372 essenon
1038 4317 1206 4372 dubitamus.
1242 4317 1306 4370 Mox
1325 4318 1359 4370 (1¹¹
1379 4323 1447 4369 ultra

191 4424 241 4461 roe
257 4410 489 4473 amaricantes
507 4417 553 4462 eat.

242 4491 276 4557 ⁰¹)
294 4488 337 4543 Ita
354 4490 549 4560 corrigendum
568 4489 706 4554 duximus,
725 4489 800 4558 quod
818 4489 895 4559 prius
913 4487 953 4542 sic
967 4487 1149 4543 offerebatur:
1176 4495 1251 4558 qiuari
1261 4490 1336 4541 verbo
1348 4488 1449 4538 tomani

196 4618 205 4633 .
228 4578 370 4644 culpatum
387 4582 428 4629 sel
444 4582 548 4632 decora.

241 4662 276 4730 ῃἲ)
294 4662 322 4714 a¹
341 4681 406 4731 qnae
422 4667 613 4730 macucaicndo
631 4667 766 4718 voleartcte.
802 4661 846 4714 Ab
865 4663 890 4713 c'
907 4663 945 4714 c¹⁰
967 4659 1080 4727 quidem
1103 4658 1263 4713 restitutum
1282 4657 1344 4709 erat
1361 4661 1446 4710 volun·

191 4760 265 4807 sen,
287 4745 336 4799 sed
358 4747 467 4801 retento
491 4768 556 4816 qaae
578 4762 629 4817 pro
651 4752 690 4801 orl
712 4745 803 4800 adhuc
822 4743 997 4799 claudicabat
1015 4743 1118 4798 Gelasii
1140 4743 1244 4808 oratio,
1269 4758 1353 4808 quam
1376 4756 1449 4793 nunc

191 4830 333 4902 riegritni
355 4848 420 4886 suae
443 4830 582 4885 redditam
605 4833 742 4901 putamus.
781 4831 862 4884 Certe
886 4828 954 4897 quid
972 4828 1026 4883 sibi
1044 4828 1109 4883 velit
1129 4827 1269 4891 (talasius,
1291 4841 1347 4879 non
1367 4826 1447 4879 latet.

191 4916 312 4975 andem
328 4917 494 4973 materitiam
507 4917 677 4988 Arrgustinus
695 4916 730 4971 de
749 4914 822 4970 civit.
853 4913 905 4968 Dei
922 4914 939 4969 l.
957 4920 988 4968 14
1000 4932 1022 4969 c.
1036 4921 1069 4969 23
1087 4913 1213 4982 pluribus
1225 4911 1356 4966 aelstmit:
1376 4915 1448 4971 tuuc,

1183 4998 1247 5067 38*
