3412 5664
337 309 398 379 842
774 330 802 380 s.
819 330 1025 380 nosursusn
1048 330 1161 379 raras

207 499 323 566 (asro.)
421 485 451 549 2.
485 483 559 550 Non
575 487 623 548 est
638 485 777 568 dubium,
802 485 952 571 electcs⁷)
976 507 1031 550 vos
1047 486 1221 550 venerabili
1237 486 1524 571 praedestinatione
1556 505 1607 578 Ε

336 587 483 652 vinitatis
511 587 550 650 ad
578 589 688 651 tantae
714 588 883 672 potestatis
906 591 1112 672 ornamenta,
1143 611 1222 674 quos
1244 590 1390 655 sincerae
1412 590 1481 654 fidei
1502 591 1607 679 ¹¹ch

335 692 444 753 menta
479 689 764 776 circumvallantS).
809 690 892 755 Vere
926 691 1015 755 vobis
1051 689 1230 775 prophetici
1263 692 1397 776 spiritus
1430 712 1607 776 contemp-2

209 793 435 872 Jer.1,5.verba
457 792 643 856 dixerimus:
666 798 847 873 Priusquam
869 797 1084 870 reformarem
1107 800 1139 858 ia
1161 806 1256 871 utera,
1281 802 1353 860 noui
1372 808 1411 860 te.
1440 795 1488 862 Ad
1506 795 1594 874 trane

335 916 389 958 vos
412 895 558 979 gloriam,
582 895 897 981 incomprehensibili
919 916 1074 979 supernae
1097 896 1277 979 majestatis
1299 897 1499 982 dispositione
1515 926 1584 987 pm

336 1000 478 1080 curante,
502 998 688 1083 obsequium
709 1002 843 1063 naturae
865 997 982 1062 mundo
1003 998 1148 1082 protulit,
1160 999 1232 1064 'sub
1247 999 1392 1064 custodia
1407 999 1476 1065 fidei
1489 1004 1578 1070 bans

334 1102 425 1162 actae
452 1100 537 1164 vitae
570 1101 713 1184 probitas
740 1101 899 1183 instituit,
934 1103 1029 1184 atque
1058 1101 1098 1164 ad
1125 1101 1260 1186 imperia
1292 1100 1459 1167 elementia
1482 1103 1573 1170 divina

333 1202 492 1284 provexit:
515 1202 556 1267 ob
577 1201 638 1266 hoe
659 1202 791 1285 scilicet,
814 1206 851 1267 ut
865 1202 996 1266 tandem
1012 1202 1182 1287 aliquando
1197 1202 1423 1288 divisoribus¹)
1445 1204 1570 1271 domimci

334 1302 473 1387 corporis
495 1303 569 1368 fidei
591 1307 716 1368 vestrae
739 1307 941 1368 exsecutione
965 1304 1168 1388 compressis,
1199 1304 1407 1369 ecclesiarum
1427 1308 1571 1372 conardia

333 1405 496 1470 diabolica.
511 1406 738 1490 impedimenta
760 1406 938 1471 succideret
960 1409 991 1470 et
1012 1406 1205 1471 universitas
1235 1407 1274 1471 de
1305 1407 1489 1472 adunatione
1503 1431 1571 1494 gau·

333 1507 431 1571 (leret.
482 1507 553 1572 Hoc
580 1508 743 1593 religioni,
773 1508 833 1572 hoc
860 1508 949 1592 fidei,
978 1507 1039 1572 hoc
1067 1509 1233 1573 serenitati
1262 1512 1389 1574 vestrae
1415 1511 1573 1594 specialiter

333 1609 464 1674 coelitus
486 1610 657 1674 mandatur
679 1610 830 1693 officium,
854 1611 968 1695 quibus
990 1613 1023 1675 et
1045 1632 1137 1694 posse
1159 1610 1268 1675 omnia
1284 1615 1317 1676 et
1339 1611 1481 1696 perficere
1497 1613 1572 1677 vide·

331 1734 401 1775 mus
423 1712 593 1776 indultum.
631 1711 742 1797 Itaque
765 1713 849 1777 sicut
869 1712 1057 1777 instituistis
1079 1712 1196 1796 facere,
1220 1717 1340 1777 navate
1362 1715 1490 1798 suseepti
1506 1736 1574 1799 ope-

330 1813 373 1876 ris
396 1836 527 1897 munus,
557 1815 640 1899 quod
667 1836 806 1898 superna
834 1814 923 1878 vobis
952 1814 1155 1898 providentia
1176 1815 1293 1879 videtis
1315 1815 1495 1899 injunctum.
1527 1813 1574 1880 Et

330 1936 403 1979 vere
425 1915 471 1980 sic
493 1916 609 1999 decuit,
633 1919 671 1980 ut
691 1939 749 2000 per
771 1917 949 2000 principem
970 1939 1033 2000 pax
1056 1917 1171 1981 debeat
1192 1916 1273 1999 fieri,
1298 1939 1394 2001 quam
1414 1918 1573 1982 reverentis

329 2016 517 2081 Divinitatis
539 2019 692 2103 exposcit.
737 2018 821 2084 Date
843 2018 902 2082 has
925 2021 1081 2103 assumpti
1103 2019 1172 2083 Deo
1199 2020 1310 2082 nostro
1338 2018 1502 2084 oblatione
1517 2019 1570 2083 im-

329 2120 425 2203 perii,
449 2123 486 2185 ut
507 2143 564 2205 per
585 2142 641 2185 vos
663 2122 764 2205 possit
786 2121 874 2205 pacis
896 2121 1021 2186 fructus
1043 2121 1180 2206 impleri.
1225 2118 1303 2185 Sine
1325 2119 1421 2185 dubio
1441 2118 1568 2207 quidquid

329 2222 386 2285 tali
409 2221 499 2286 facto
520 2223 646 2287 animae
667 2226 793 2288 vestrae
815 2224 913 2287 fuerit
934 2223 1135 2308 praestitum,
1160 2245 1180 2286 a
1195 2221 1286 2288 vobis
1301 2222 1420 2287 mundo
1430 2222 1566 2307 judicatur

329 2323 518 2406 impensum.
563 2323 719 2410 Magnum
749 2328 782 2389 ct
815 2325 1050 2390 inaestimabile
1084 2328 1148 2408 est,
1183 2323 1377 2389 venerabilis
1408 2325 1560 2409 imperator,

331 2427 463 2509 propter
486 2426 568 2510 quod
584 2426 698 2491 adsciti
713 2429 789 2492 estis
802 2427 924 2510 judicio
946 2427 1152 2492 Divinitatis:
1175 2425 1403 2491 distenduntur
1424 2448 1489 2493 eece
1505 2430 1558 2489 vota

328 2548 441 2610 pacem
468 2527 724 2612 disiderantium,
754 2529 897 2593 diuturni
925 2530 1078 2613 temporis
1104 2531 1210 2593 tractu
1238 2532 1362 2594 moeret
1389 2527 1554 2594 ecelesiarum

328 2629 532 2694 indivisibilis
547 2630 679 2695 discissa
695 2631 884 2713 communic,
908 2651 973 2695 uon
990 2631 1059 2695 siue
1070 2631 1107 2711 10)
1123 2631 1247 2715 gemitu
1262 2630 1424 2715 discrepat
1443 2627 1553 2695 fraterni·

328 2735 389 2814 tas,
413 2753 510 2815 quum
534 2732 618 2796 circa
640 2735 768 2816 patrum
790 2733 941 2816 dogmata
963 2733 1052 2797 varia
1074 2734 1116 2797 sit
1138 2733 1306 2796 voluntas!

411 2835 441 2897 3.
481 2833 654 2919 Accingite
682 2856 760 2919 ergo
786 2834 909 2898 lumbos
937 2835 1058 2900 viribus
1085 2835 1177 2918 fidei3
1209 2834 1331 2919 videte,
1361 2835 1412 2900 eui
1440 2856 1486 2899 soa
1506 2827 1551 2914 regi
1605 2822 1607 2829 ¹

327 2935 488 3000 Divinitas
510 2936 588 3000 velit
609 2936 739 3020 obsequi
746 2987 755 3019 ,
779 2940 935 3021 quantum
956 2937 999 3002 sit
1021 2939 1104 3023 quod
1126 2959 1184 3022 per
1206 2959 1261 3001 vos
1283 2940 1434 3021 procurat
1453 2933 1549 3021 inpleri

328 3037 491 3103 Ecclesiae
513 3038 713 3103 venerandae
736 3060 860 3122 corpus,
885 3041 968 3123 quod
989 3040 1120 3123 propria
1143 3038 1289 3105 Christus
1312 3042 1422 3105 noster
1442 3037 1549 3124 passione

326 3139 489 3222 fundavit,
518 3140 640 3225 gloriae
666 3145 791 3205 vestrae
821 3142 962 3205 adunare
996 3141 1092 3206 factis
1127 3141 1278 3205 instituit.
1331 3139 1406 3205 Non
1432 3144 1486 3221 est,
1510 3155 1548 3221 qvo

327 3242 431 3327 magis
454 3243 539 3307 circa
559 3264 614 3307 vos
636 3244 760 3328 gratiae
788 3265 944 3327 supernae
972 3244 1123 3328 majestas
1145 3243 1286 3325 eluceat,
1315 3265 1411 3327 quam
1431 3242 1455 3306 si
1472 3237 1546 3306 itale

329 3346 394 3409 siae
428 3367 541 3429 corpus
574 3366 632 3430 per
659 3350 799 3409 vestrum
827 3348 992 3430 reparetur
1020 3344 1178 3428 officium,
1213 3344 1383 3429 sauguinis
1405 3335 1545 3409 Domiuitl

327 3448 545 3532 redemptione
566 3448 749 3511 formatum.
782 3447 843 3512 Est
864 3447 991 3532 quidem
1014 3469 1128 3510 causae
1150 3446 1244 3530 hujus
1267 3447 1475 3511 vetustissima
1492 3439 1544 3507 uls

327 3549 438 3631 irritas,
468 3550 523 3614 sed
550 3572 608 3632 pro
635 3550 836 3614 immanitate
858 3550 907 3614 sui
929 3549 1168 3614 recentissimus
1189 3548 1294 3632 dolor,
1326 3551 1359 3613 et
1385 3551 1468 3613 tanto
1485 3540 1543 3610 ild·

326 3652 440 3715 stianis
463 3651 578 3715 animis
600 3651 714 3716 fortior
729 3652 878 3736 gemitus,
902 3654 1022 3736 quanto
1037 3650 1234 3735 temporibus
1250 3653 1300 3714 est
1315 3649 1440 3713 dilatus.
1464 3644 1509 3711 l'id
1534 3675 1542 3685 ·

326 3755 400 3818 dum
422 3754 511 3818 vobis
534 3757 592 3836 est,
615 3753 651 3816 irr
673 3757 828 3838 quantum
843 3753 983 3838 quotidie
999 3753 1122 3838 antiqui
1143 3752 1244 3816 hostis
1265 3751 1424 3816 fervescat
1442 3743 1541 3814 insaniit

326 3856 470 3941 quum¹¹)
493 3856 569 3919 olim
593 3877 688 3920 causa
709 3856 753 3920 sit
774 3855 880 3920 decisa
902 3856 967 3919 fine
989 3855 1184 3937 sententiae,
1213 3854 1304 3939 pacis
1331 3854 1429 3918 faciat
1451 3846 1540 3917 mou·

392 4045 413 4107 ¹)
431 4043 481 4096 Ed.
501 4051 593 4097 electos
610 4062 670 4096 suos
742 4052 890 4096 ornarueata
908 4047 1004 4102 uenire,
1024 4061 1092 4110 quos.
1130 4039 1219 4094 Simili
1236 4040 1339 4096 mendo
1357 4058 1437 4110 supra
1450 4032 1539 4107 spii-¹¹

324 4147 350 4181 n.
365 4133 380 4179 '2
397 4127 426 4181 in
445 4126 478 4182 G¹
492 4130 518 4183 a¹
537 4127 684 4196 legebatur
701 4134 795 4182 eleetos
811 4147 871 4180 arros
892 4133 997 4182 coelesti
1017 4137 1116 4181 constan
1138 4145 1194 4179 esse
1206 4130 1325 4191 judicio:
1351 4125 1441 4180 littera
1452 4143 1465 4176 s
1477 4127 1538 4191 petit

325 4231 384 4267 ram
402 4214 529 4283 repetita.
964 4268 966 4273 Α

391 4301 412 4366 8)
430 4299 474 4353 Ita
491 4299 570 4365 bcc;
589 4298 652 4353 Ga¹
671 4304 860 4361 circumvolant,
879 4299 908 4353 et
923 4314 987 4351 moa
999 4301 1149 4359 direximus,
1167 4313 1219 4366 pro
1238 4301 1387 4351 diaeum

391 4387 412 4452 ¹)
431 4383 465 4438 G¹
480 4381 515 4436 G³
527 4386 553 4438 a¹
574 4390 698 4437 diuisores
769 4390 921 4452 compressis
982 4388 1161 4441 succederent,-
1178 4382 1197 4434 b
1211 4398 1245 4435 co
1263 4387 1389 4436 dream
1444 4368 1539 4443 Μ

378 4474 528 4526 succideret.
564 4473 696 4523 Diuisores
713 4475 830 4522 dominici
846 4476 964 4538 corporis
986 4469 1180 4537 nuncupantur
1201 4465 1361 4521 schismatis
1383 4465 1495 4521 amora.
1509 4464 1537 4519 ³⁰¹

324 4553 475 4608 Ecclesiam
493 4553 629 4607 scindunt.
647 4585 680 4592 —
698 4553 762 4607 Mox
781 4554 823 4608 ed.
842 4566 929 4609 nostro
947 4562 1026 4608 uestri
1042 4557 1181 4608 oblationes
1252 4557 1422 4606 extenduntur
1437 4565 1489 4603 erre·

393 4641 423 4705 ¹⁰)
441 4638 591 4706 1taG¹G³;
614 4642 639 4693 a¹
655 4639 742 4692 omitt.
755 4660 812 4693 nou,
842 4640 909 4695 boo
928 4644 976 4694 aa
994 4644 1019 4692 ia
1035 4644 1126 4708 pertrita
1144 4643 1277 4706 discerpta
1288 4642 1437 4700 traterrritas
1448 4624 1537 4698 ...Μ’

323 4744 450 4792 supernae
467 4730 618 4791 majestatis.

394 4811 424 4875 ¹¹)
443 4811 469 4862 οἵ
482 4812 507 4862 0⁹
525 4821 551 4863 et
568 4831 628 4866 cum.
670 4809 781 4864 Mallem
804 4822 831 4863 at
854 4832 937 4880 peram,
961 4813 991 4866 et
1011 4809 1085 4865 infra
1107 4831 1157 4866 nou
1179 4814 1292 4864 desistat
1309 4806 1377 4877 (soil
1395 4794 1537 4875 afflui

325 4896 434 4962 insana)
452 4909 503 4965 pro
521 4916 571 4950 nou
588 4901 698 4951 desistas
713 4893 830 4949 restitui.
