3412 5664
598 360 795 411 sermonen
819 351 848 408 2.
873 351 913 409 3.·
1328 348 1391 412 239

21 513 225 594 prompta
257 517 397 578 mente
411 515 582 598 suscipere,
607 518 640 578 et
654 535 712 598 pro
727 518 803 577 tuae
819 515 1051 579 aestimationis
1066 516 1186 579 intuitu
1201 518 1390 581 necessariis
1402 543 1426 579 a.
1438 533 1496 580 483.

21 611 131 695 apud
163 619 379 700 augustae
402 617 519 682 mentis
542 617 800 681 benevolentiam
822 617 1083 702 suggestionibus
1106 617 1260 701 adjuvari.

632 804 814 907 Epistola
840 807 874 888 3.

362 957 498 1025 Felicis
518 956 562 1023 ad
585 955 755 1023 Acacium
777 957 924 1023 libellus
947 958 1145 1024 citationis.
1402 856 1529 1057 ahgi·

112 1096 162 1147 Ue
188 1099 348 1149 Aeacius
366 1101 395 1148 in
411 1100 509 1164 syuodo
527 1098 641 1149 Romana
659 1106 815 1162 compareat,
835 1100 871 1147 ad
888 1099 991 1161 objecta
1007 1099 1132 1177 Johauum's
1149 1098 1325 1150 Alexandrini

665 1199 843 1247 responsurus.

139 1320 181 1381 1.
236 1316 456 1403 Episcopsli
478 1316 649 1402 diligentia
672 1320 895 1380 commonente
910 1316 1064 1382 debuerat
1075 1317 1204 1382 dilectio
1219 1322 1275 1382 tua
1292 1318 1390 1383 eccle-

20 1420 258 1486 siasticum
294 1441 432 1484 morem
454 1422 574 1503 secuta,
606 1419 682 1503 quid
709 1419 874 1502 responsio
905 1422 1036 1483 sanetae
1062 1420 1235 1484 memoriae
1261 1422 1391 1504 praede-

22 1524 210 1589 cessoris
251 1522 341 1587 mei
369 1544 428 1607 per
448 1522 553 1586 virum
576 1520 725 1585 devotum
745 1520 904 1585 Uranium
912 1522 935 1606 ¹)
964 1520 1173 1603 subadjuvam
1196 1522 1279 1606 apud
1302 1523 1391 1587 Obri-

21 1625 349 1719 stianissimum
371 1624 561 1708 principem,
585 1623 660 1708 quid
682 1623 766 1707 apud
788 1626 820 1685 te
842 1644 966 1707 quoque
989 1623 1115 1688 litterae
1130 1624 1229 1708 ipsius
1245 1624 1279 1687 in
1296 1646 1391 1688 causa

24 1727 358 1793 Alexandrinae
382 1726 535 1791 ecclesiae
557 1725 763 1810 profecerint,
787 1724 940 1805 indicare,
965 1728 998 1788 et
1015 1747 1134 1807 curam,
1160 1727 1248 1809 cujus
1271 1730 1303 1790 te
1325 1748 1392 1790 non

26 1831 253 1896 immerito
283 1828 402 1893 voluit
427 1849 496 1892 esse
518 1828 719 1913 participem,
746 1827 894 1911 juncto‘2)
920 1828 1025 1891 studio
1046 1849 1270 1912 prosperorum
1292 1829 1391 1914 signi-

28 1934 239 1999 ficatione
271 1930 412 1997 moliri:
439 1934 475 1994 ut
498 1928 655 1993 catholiea
677 1929 766 2011 fides,
792 1929 876 2013 apud
899 1928 1133 1994 Calchedonem
1156 1930 1277 2015 synodo
1300 1930 1390 1995 robo-

28 2040 127 2103 rata
166 2038 216 2100 et
255 2034 398 2099 iterum
423 2031 550 2095 firmata
572 2031 734 2114 responsis
756 2031 898 2095 onmium
926 2031 980 2116 qui
1006 2032 1040 2094 in
1068 2032 1179 2096 eadem
1207 2033 1393 2097 resederant

32 2138 211 2205 Domini
252 2134 493 2215 sacerdotum,
529 2155 624 2218 quam
651 2133 818 2216 inopinato
851 2155 959 2197 rursus
988 2133 1222 2198 haereticorum
1250 2135 1391 2218 pravitas

33 2240 271 2329 inquietat,
310 2236 478 2301 communi
506 2257 602 2320 opere
628 2235 768 2298 inimicis
791 2235 928 2318 propriis
951 2235 1117 2319 subjacere
1140 2259 1205 2300 non
1228 2237 1392 2321 permitte·

36 2350 157 2411 retur
176 2361 386 2429 oppressa.
420 2336 510 2413 Quod
526 2360 623 2422 quum
645 2337 699 2400 diu
722 2337 890 2419 omittitur,
915 2338 1143 2421 superveniens
1164 2338 1266 2402 frater
1288 2343 1320 2403 et
1343 2361 1392 2403 co·

39 2448 273 2533 episeopus
300 2443 420 2506 noster
439 2438 616 2522 Johannes,
644 2440 777 2524 fugatus
807 2440 847 2502 ab
870 2439 1040 2504 haereticis
1063 2440 1286 2523 pervasoribus
1309 2441 1392 2505 sedis

42 2543 377 2624 Alexandrinae,
411 2541 587 2627 libellumi)
614 2541 722 2623 nobiS,
757 2563 852 2625 quem
880 2544 1010 2606 sanctae
1038 2543 1208 2606 memoriae
1236 2543 1392 2607 decessori

44 2672 138 2717 meo
159 2648 378 2736 paraverat
393 2643 631 2727 porrigendum,
650 2646 805 2726 quantum
821 2665 859 2707 ex
875 2644 1044 2728 subditas)
1060 2644 1219 2728 agnoscis,
1244 2645 1391 2730 ingessit.

44 2754 184 2831 Quem
220 2768 370 2815 morem
391 2745 522 2830 majoris
544 2745 593 2809 sui
615 2745 728 2810 beatae
751 2746 922 2810 memoriae
943 2745 1115 2810 Athanasii
1142 2747 1287 2830 exemplo
1309 2746 1392 2830 prio-

46 2878 143 2924 rum
172 2855 395 2919 nonnarum
415 2870 483 2912 non
504 2848 664 2931 potuimus
686 2848 837 2912 refutare.
882 2849 886 2854 ’

162 2956 208 3021 2.
256 2950 314 3017 Et
339 2949 411 3014 ideo
432 2948 525 3014 lectis
547 2949 693 3032 subditis,
720 2952 820 3014 frater
844 2950 1016 3032 carissime,
1041 2950 1193 3033 adhaec,
1218 2973 1298 3034 quae
1321 2973 1391 3034 pro·

51 3060 197 3148 pensita
225 3075 314 3121 esse
340 3052 518 3137 cognoscis,
543 3052 627 3136 apud
648 3053 778 3117 beatum
794 3051 926 3116 Petmm
944 3053 1134 3136 apostolum,
1159 3053 1209 3117 cui
1232 3074 1342 3136 preces
1357 3054 1392 3117 in

51 3162 182 3231 nobis
217 3156 369 3223 oblatas
396 3154 542 3239 pervides
577 3158 611 3218 et
638 3177 732 3239 quem
761 3154 885 3238 ligandi
919 3158 1014 3237 atque
1043 3155 1185 3218 solvendi
1214 3178 1233 3217 a
1257 3155 1393 3219 Domino

54 3262 313 3353 potestatem
336 3258 508 3342 sumpsisse
529 3278 595 3322 non
617 3260 708 3340 potes
731 3256 873 3340 diffiteri,
898 3256 932 3319 in
955 3261 1114 3323 conventu
1136 3257 1273 3320 fratrum
1295 3260 1328 3320 et
1344 3278 1393 3321 co-

107 3414 199 3423 -a—

151 3490 181 3553 ¹)
207 3482 249 3537 ΕΙ
266 3479 309 3535 ΕΡ
321 3478 357 3532 F'
367 3478 405 3533 Η*
424 3483 545 3535 Urseium
564 3477 610 3545 (ΙΙι
622 3478 659 3531 ΗΒ
678 3480 830 3545 Huraar'uru)
842 3482 1021 3545 sabadiuuaru,
1040 3478 1115 3547 quod
1133 3480 1162 3533 et
1179 3482 1259 3547 gesta
1271 3478 1306 3532 de
1318 3495 1392 3532 nom.

59 3576 173 3629 Am„
200 3584 236 3621 n.
263 3572 302 3619 io
323 3563 454 3634 probant.
490 3562 566 3618 Editi
590 3567 711 3618 Uranium
731 3568 917 3618 subdiaconum.
958 3563 1077 3618 Uranius
1099 3564 1145 3618 ille
1169 3582 1254 3633 quum
1277 3563 1394 3617 Zenonis

62 3656 247 3726 mptum
269 3648 313 3703 ad
325 3647 498 3719 Simplicium
516 3648 672 3714 detulissm,
689 3647 772 3716 hujus
789 3666 881 3719 papae
899 3648 1046 3718 epistolam
1066 3649 1097 3704 18
1115 3649 1152 3703 ad
1164 3649 1296 3703 Acacium
1309 3650 1337 3702 et
1349 3666 1391 3718 ep.
1423 3687 1431 3709 .

64 3749 108 3799 19
135 3738 189 3795 ad
212 3734 432 3805 imperatorem
453 3732 558 3788 retulit.
594 3732 691 3788 Victor
708 3732 830 3788 Vitensis
848 3734 911 3789 hist.
931 3751 1004 3804 pers.
1023 3732 1048 3786 D
1067 3734 1131 3790 and.
1150 3734 1251 3787 Vni
1273 3739 1394 3788 Urauiuar

65 3830 218 3885 Ζηοιί
237 3828 361 3890 leuatus
376 3817 521 3875 tormentis
538 3818 695 3887 martyrum
712 3820 814 3873 testem
831 3819 965 3888 appellat.
979 3850 1013 3857 -
1024 3819 1089 3873 Mox
1102 3818 1170 3873 editi
1181 3824 1395 3874 cirenensisu'mum

64 3914 189 4063 ,ὡς
214 3992 270 4047 na
290 3988 324 4043 Ε*
337 3987 384 4053 su
396 3988 477 4043 mm
489 3989 536 4044 bc
553 3999 652 4045 evineta.
683 3987 759 4054 Quae
778 3988 878 4043 deinde
896 3990 1086 4044 memorantur
1098 3995 1278 4057 responsiones
1291 3988 1394 4059 episeo-

67 4098 208 4157 pomm
230 4073 380 4140 omniun,
397 4073 445 4143 qai
463 4073 638 4129 Calchadone
656 4075 767 4129 hrerant
784 4073 961 4143 congregati,
978 4073 1007 4127 in
1026 4091 1079 4128 urio
1098 4075 1200 4129 codicis
1219 4090 1335 4144 corpore
1347 4092 1393 4130 vo-

70 4170 209 4225 antur
229 4164 398 4229 wadiare,
420 4159 615 4241 habenturque
637 4158 665 4213 in
684 4159 914 4214 Calchedonemis
933 4157 1041 4212 concilii
1058 4161 1139 4228 parte
1157 4152 1195 4212 ΙΙΙ
1215 4159 1310 4227 (Hard.
1331 4160 1392 4214 coll.

71 4271 174 4311 conc.
202 4248 251 4313 11,
272 4248 429 4313 689412).

163 4341 194 4405 ¹)
219 4330 321 4401 Hnjm
342 4328 429 4385 libelli
445 4328 582 4400 Euagrius
598 4329 625 4383 h.
639 4347 662 4384 e.
678 4329 729 4396 ΙΙΙ,
749 4338 780 4386 18
797 4328 931 4384 meminit.
972 4328 1056 4384 Forte
1079 4328 1221 4400 Simplicio
1244 4330 1394 4400 inscriptus

74 4426 174 4489 etat,
204 4416 267 4474 sed
293 4431 381 4485 quum
400 4414 542 4471 lohannes
563 4415 681 4470 Romam
704 4415 854 4470 adveniens
875 4415 949 4469 hunc
975 4416 1034 4469 vita
1059 4416 1184 4469 functum
1207 4416 1394 4485 comperisset,

75 4510 180 4565 ium
210 4502 284 4571 ejus
305 4500 456 4556 moeenori
476 4500 609 4571 porrexit.
646 4500 706 4554 Hoc
723 4500 813 4569 ipsum
837 4500 949 4568 quidem
971 4501 1063 4565 sonat,
1087 4500 1162 4568 quod
1185 4501 1226 4554 ait
1243 4500 1320 4555 reru
1342 4499 1394 4554 sibi

77 4614 102 4651 a.
122 4591 287 4649 Johanne
303 4584 478 4655 puccium
495 4585 633 4653 libellum,
656 4607 727 4656 quem
745 4591 786 4640 ille
804 4592 936 4640 decessori
949 4598 1091 4654 parauerat
1107 4591 1300 4656 parvipendunt.
1318 4585 1395 4653 inga-

77 4685 186 4735 nm
233 4670 347 4727 Contra
367 4669 442 4725 idem
458 4669 595 4739 Euagrius
610 4671 662 4738 Ill,
681 4677 712 4726 lt
733 4670 813 4723 illum
835 4670 920 4725 etiam
942 4671 1092 4741 superstite
1116 4669 1257 4739 Simplicio
1276 4671 1394 4724 Romam

81 4760 266 4821 :civeniae
285 4755 386 4811 inaruit
485 4798 493 4813 .

170 4851 198 4899 Ἰ
223 4845 273 4897 ita
292 4840 474 4896 1¹2¹E¹F¹Hh
504 4841 581 4896 Editi
597 4847 719 4910 srrhjeelr'e
737 4863 860 4909 aprrosacs
930 4850 1046 4912 ememphr
1064 4853 1089 4894 cl
1107 4848 1233 4911 priorum,
1253 4844 1281 4895 et
1294 4838 1394 4897 deinde

86 4936 126 4991 P*
141 4934 188 4989 Η·
213 4933 363 4998 refrenare
380 4926 452 4995 (loco
469 4931 605 4997 refutare).
