3412 5664
810 316 1010 366 nersuouau
1034 308 1083 367 15.
1521 308 1580 375 101

294 480 450 566 guertium
469 494 531 537 esse
550 493 694 537 censemus
712 481 879 552 pallium.
901 479 935 536 de
956 497 1011 555 qno
1032 478 1249 538 blatisconensel
1269 484 1413 541 concilium
1433 502 1502 541 anno
1519 485 1579 544 581

299 566 405 631 cami
415 566 557 642 pneclpit,
579 572 611 623 ni
625 565 869 639 archiepiscopus
884 569 945 622 sine
964 569 1028 638 pai
1034 570 1045 623 l
1051 571 1063 623 i
1067 586 1083 624 o
1097 572 1201 624 missos
1215 571 1313 625 dicere
1328 589 1385 627 noar
1398 580 1579 643 praesumot.

302 656 410 728 Neque
421 653 489 710 eninr
504 658 573 708 tuuc
585 650 717 726 singulari
733 649 806 726 pallii
821 659 917 708 ornatu
934 651 1131 709 decorabantur
1146 670 1239 710 omnes
1259 655 1467 730 archiepiscopi,
1491 674 1581 732 neque

305 744 350 797 ἧς
364 781 375 801 .
391 736 475 813 quibus
490 753 639 794 concessus
654 744 712 793 erat
727 736 771 793 lric
786 737 887 799 bonor.
916 753 949 794 eo
970 739 1010 795 uti
1025 737 1056 794 ari
1074 755 1167 796 omnes
1183 741 1276 797 missas
1297 736 1344 797 sed
1367 741 1460 797 diebus
1476 751 1580 800 brutum

308 821 485 882 sollsmibns
497 820 609 880 licebat.

401 910 425 969 5.
454 907 503 966 llic
516 908 626 965 silentio
642 909 790 983 praeterire
804 909 962 983 nequimus,
985 908 1088 965 nullum
1110 910 1142 966 ad
1162 928 1211 967 nos
1233 912 1286 969 hoc
1306 911 1456 987 Symmachi
1477 915 1579 988 scripto

308 1003 513 1052 momuentum
527 995 665 1069 antiquius
685 995 856 1069 pervenisse,
878 995 906 1050 in
928 1011 983 1069 quo
1005 1012 1164 1070 quemquam
1187 995 1335 1054 aliomano
1357 997 1485 1071 pontifice
1505 998 1578 1074 pallii

306 1076 415 1138 bonore
433 1080 590 1138 dccomtnrn
605 1096 666 1136 esse
693 1079 837 1136 discamus.
873 1081 1002 1136 deserere
1028 1088 1117 1137 tamen
1144 1098 1198 1137 non
1227 1083 1326 1146 ausim.
1353 1082 1426 1139 hunc
1446 1084 1577 1142 honorem

303 1164 431 1224 Caudio
444 1166 563 1242 priunum
578 1164 664 1222 inisse
679 1181 849 1223 concessum.
879 1164 910 1221 lit
926 1182 990 1222 vero
1006 1165 1077 1222 aliud
1093 1168 1182 1224 innuit
1197 1167 1328 1224 formulae
1343 1169 1509 1243 simplicitas,
1525 1188 1577 1244 qua

298 1250 327 1306 ei
344 1251 493 1317 confertur,
509 1266 673 1327 quamquam
689 1251 738 1308 bac
752 1249 868 1307 formula
883 1267 938 1307 non
954 1259 1007 1307 tarn
1019 1252 1159 1308 confertur
1174 1269 1252 1327 quam
1264 1253 1379 1309 collatus
1403 1265 1575 1313 memoratur.

293 1332 519 1415 ouapmpterru
535 1352 566 1395 ea
581 1336 756 1412 Symmachus
778 1353 833 1392 non
856 1339 1039 1394 concedimus
1065 1337 1113 1393 sed
1136 1344 1330 1395 concessimus
1344 1340 1416 1396 dicit.
1454 1340 1577 1397 Caesario

286 1421 379 1478 enirn
393 1424 530 1499 praesenti
541 1423 598 1494 jam
613 1421 740 1487 dederat,
763 1421 879 1497 ideoque
894 1421 961 1479 nihil
977 1440 1046 1498 opus
1062 1431 1133 1485 erat,
1150 1432 1181 1479 ut
1196 1426 1246 1499 ipsi
1262 1442 1370 1487 eorum,
1392 1424 1488 1499 quibus
1503 1426 1576 1500 pollii

279 1508 418 1566 wncedi
432 1525 499 1565 usus
514 1506 629 1572 solebat,
645 1508 735 1568 munia
749 1507 848 1564 litteris
864 1507 1019 1582 explicaret,
1037 1525 1119 1583 quum
1131 1508 1203 1565 istud
1220 1526 1308 1565 coram
1318 1510 1372 1582 jam
1383 1512 1574 1585 praestitisset.

188 1616 195 1635 ·
272 1587 424 1669 lienique
437 1593 616 1670 Symmachus
627 1592 752 1650 Caesario
761 1592 835 1667 pallii
847 1610 896 1668 per
911 1592 1008 1650 Callias
1019 1594 1143 1670 gestandi
1160 1611 1237 1651 usum
1253 1595 1344 1670 largiri
1356 1613 1385 1651 se
1399 1605 1512 1652 testatus
1524 1605 1574 1660 est,

265 1691 355 1734 aon
370 1682 439 1756 quia
452 1679 614 1737 decessores
629 1680 714 1753 ipsius
730 1678 824 1736 codem
840 1679 944 1735 honore
961 1679 1076 1736 inissent
1092 1682 1227 1750 exornati,
1255 1680 1301 1736 sed
1319 1692 1348 1737 ut
1364 1684 1501 1755 conceptis
1518 1699 1576 1738 ver·

259 1756 325 1817 bis
351 1762 510 1843 Cyprianus
525 1763 621 1828 docet,
642 1768 807 1822 meritorum
823 1767 889 1838 cJus
903 1767 1040 1840 dipnitote
1053 1773 1210 1838 pernwino.
1241 1765 1281 1820 hd
1297 1767 1363 1822 haec
1377 1767 1489 1842 Vigilius
1506 1768 1574 1841 eph

254 1846 425 1909 Auxanio
445 1850 563 1909 Caesarii
585 1851 737 1908 successori
758 1848 830 1923 pallii
850 1866 928 1905 usum
950 1851 1110 1925 permittens
1130 1852 1166 1906 ita
1187 1851 1323 1924 loquitur.
1345 1859 1375 1906 ut
1395 1859 1422 1907 et
1443 1850 1575 1909 affirmare

248 1927 396 2001 liceat.
410 1954 446 1995 ex
460 1934 663 1993 Arelatensibus
678 1933 843 1992 antistitibus
859 1936 974 2009 primum
986 1934 1137 1991 Caesarium
1154 1936 1206 1992 hoc
1221 1937 1325 1992 bonore
1340 1936 1424 1992 luisse
1440 1947 1573 2002 ornatum,

245 2022 290 2071 01
320 2021 497 2099 abigere.
518 2037 584 2078 num
604 2020 702 2095 aliquis
723 2036 791 2095 papa
812 2027 874 2077 aute
890 2020 1078 2096 Symmachum
1099 2022 1223 2095 cuiquam
1238 2021 1308 2077 idem
1324 2022 1494 2097 privilegium
1510 2039 1575 2080 con·

241 2101 407 2166 mle-te

385 2194 418 2253 6.
448 2192 478 2251 Si
497 2197 588 2249 autern
609 2191 681 2248 hunc
699 2185 856 2248 conferendi
877 2191 950 2266 pallii
970 2208 1072 2248 morem
1093 2199 1155 2248 ante
1176 2192 1326 2266 Symmachi
1347 2210 1431 2266 papae
1453 2200 1574 2269 tempora

235 2286 443 2354 stupeum
463 2294 525 2336 esse
544 2276 737 2340 concedamus.
760 2277 823 2333 hinc
842 2275 911 2333 iilud
932 2277 1026 2351 Steph.
1045 2277 1143 2333 llaluzii
1165 2276 1273 2333 ellatum
1295 2276 1439 2350 (Concord.
1456 2279 1528 2337 saorl.
1546 2289 1573 2336 et

233 2358 354 2436 imp.
379 2364 415 2431 V,
430 2364 472 2423 25
487 2363 543 2421 59
559 2371 587 2420 et
602 2361 642 2420 29
658 2379 685 2418 n.
696 2359 762 2435 11),
785 2379 840 2437 quo
852 2366 974 2435 pallium
991 2359 1165 2421 vicariorum
1181 2367 1359 2434 apostolicae
1374 2366 1450 2421 sedis
1464 2369 1573 2440 insione

230 2441 398 2513 fuisse
415 2449 592 2527 pronuntiat.
612 2446 805 2506 admittendum
827 2465 883 2504 uon
904 2465 964 2505 esse
980 2449 1083 2505 lacilius
1099 2447 1267 2506 conficietur.
1300 2449 1359 2523 lpso
1376 2451 1446 2506 enirn
1462 2450 1572 2515 latente.

232 2525 383 2609 longe
400 2544 479 2593 autea
494 2550 578 2610 55555
593 2533 707 2590 Caesarii
728 2533 886 2591 decessores
908 2541 964 2590 tum
981 2534 1236 2591 Thessalonicenses
1258 2536 1392 2592 antistites
1409 2535 1572 2611 apostolicae

231 2614 366 2675 tedia
387 2622 508 2681 rutra
518 2618 646 2677 Romanis
657 2617 830 2695 pontificibus
845 2627 910 2676 sunt
921 2622 1071 2684 constituti,
1087 2637 1176 2696 neque
1191 2629 1280 2677 tamen
1296 2620 1367 2676 ullus
1383 2637 1476 2676 corum
1488 2620 1571 2696 pallio

233 2696 406 2775 legitur·
422 2706 551 2765 donatus.
586 2703 670 2762 immo
691 2706 770 2761 etiarn
791 2713 886 2780 postea
908 2705 1066 2769 Hormisda.
1091 2714 1121 2762 ut
1141 2707 1168 2762 in
1190 2705 1249 2776 ejus
1271 2705 1393 2781 epistolis
1410 2705 1449 2761 24
1466 2715 1494 2762 et
1512 2705 1571 2762 142

234 2783 385 2849 visura
401 2809 511 2857 snmus,
532 2791 667 2867 episcopis
687 2790 818 2847 lllicitano
839 2798 920 2865 atque
936 2782 1086 2865 llispalonsi
1109 2793 1178 2847 vices
1199 2808 1261 2846 suas
1277 2809 1326 2866 per
1342 2791 1482 2864 llispanias
1498 2792 1571 2849 nulla

233 2870 371 2940 palm
393 2880 530 2937 nilons
544 2876 615 2935 lacta
629 2877 774 2934 commisit.

390 2965 419 3023 7.
447 2964 505 3022 lam
526 2978 591 3019 vero
611 2979 643 3020 ox
664 2961 742 3019 dictis
764 2960 927 3037 persolvitur
942 2963 1012 3018 circa
1028 2969 1119 3018 uotam
1135 2961 1303 3018 consularem
1320 2963 1442 3036 quaestio
1458 2960 1491 3017 de
1507 2978 1571 3018 con·

239 3032 400 3107 nitate
413 3048 508 3114 Probi,
523 3065 588 3106 num
603 3048 706 3105 scilicet
721 3047 756 3104 de
771 3048 927 3111 consulatu,
944 3065 1024 3121 quem
1039 3046 1143 3103 Prolms
1158 3064 1228 3104 anno
1244 3047 1305 3104 502
1321 3048 1393 3109 iniit,
1409 3064 1442 3101 nu
1459 3063 1522 3102 vero
1537 3046 1571 3102 de

235 3136 435 3203 ⁵⁴mundo,
450 3151 530 3212 quem
547 3151 619 3191 anno
631 3132 692 3191 513
708 3134 794 3209 gessit
809 3133 877 3190 alter
893 3132 1006 3195 Probus,
1022 3132 1198 3207 intelligentia
1213 3134 1256 3188 sit.
1280 3132 1326 3187 Vel
1342 3133 1432 3205 potius
1448 3134 1475 3188 in
1491 3148 1571 3206 supe·

239 3206 408 3280 Γῑθῐω
420 3220 560 3299 epistolem
572 3218 628 3292 jam
643 3217 755 3296 probata
771 3217 828 3290 ejus
846 3219 947 3276 decisio
964 3217 1093 3275 firmatur.
1129 3216 1208 3274 Corte
1224 3218 1360 3274 Caesarius
1377 3219 1446 3274 enirn
1463 3219 1571 3275 nonnisi

240 3304 359 3360 9⁰⁸2
383 3306 483 3365 nultos
498 3307 527 3363 in
543 3307 702 3382 episcopatu
717 3314 825 3363 exactos
841 3322 926 3363 arruns
942 3306 1083 3379 variosque
1098 3321 1148 3379 pro
1164 3303 1276 3360 ecclesia
1292 3302 1442 3360 exantlatos
1455 3301 1569 3380 labores,

242 3382 407 3451 quibu.
419 3393 558 3451 maximam
573 3390 673 3467 ubique
689 3389 784 3447 famam
806 3390 856 3448 sibi
874 3390 1075 3460 conciliaverat..
1099 3389 1208 3446 Romam
1230 3389 1262 3445 nd
1283 3389 1472 3464 Symmachum
1486 3390 1570 3446 venit.

242 3456 385 3533 ⁴⁸⁸0
406 3486 492 3537 antem
508 3476 571 3537 502
591 3476 699 3533 vixdum
720 3476 884 3534 Arelatensis
900 3475 1027 3533 ecclesiae
1049 3477 1170 3551 regimen
1185 3482 1351 3550 susceperat.
1384 3474 1459 3532 Unde
1475 3492 1571 3531 conse·

241 3556 397 3633 finem
407 3574 456 3629 est.
471 3572 502 3621 ut
517 3561 639 3635 subjecta
653 3561 872 3637 epistolal‘robo,
889 3563 934 3638 qui
950 3564 1046 3619 consul
1061 3579 1132 3618 anuo
1143 3561 1204 3618 513
1220 3560 1280 3625 luit,
1296 3562 1454 3637 consignata
1470 3562 1514 3616 sit.
1537 3559 1571 3617 Et

239 3636 281 3678 ⁸
314 3648 449 3717 quidem
463 3649 561 3708 consul
576 3656 635 3706 erat
648 3646 840 3713 Occidentalis,
865 3647 968 3704 Probus
984 3656 1087 3710 antem,
1109 3649 1154 3722 qui
1170 3664 1202 3703 co
1219 3664 1329 3703 munere
1345 3663 1416 3703 anrro
1432 3647 1493 3705 502
1509 3646 1570 3703 iun·

232 3718 357 3797 5¹¹¹ss
382 3734 544 3801 mmmm
558 3743 616 3792 erat
631 3732 784 3791 orientalis.
815 3735 905 3809 atqui,
921 3741 951 3789 ut
967 3735 1065 3791 hnton.
1083 3733 1180 3808 Pagius
1196 3732 1227 3788 ad
1243 3750 1341 3788 annum
1358 3732 1419 3790 502
1436 3728 1591 3797 observat(

229 3792 288 3851 ’ἀ
324 3824 501 3881 noman
516 3821 637 3896 antiquis
656 3819 847 3895 scriptoribus.
869 3827 900 3877 ut
920 3821 1028 3893 quoties
1049 3836 1063 3876 e
1084 3818 1190 3876 duobus
1211 3817 1368 3876 consulibus
1389 3835 1471 3874 unum
1493 3819 1569 3875 dum·

226 3876 377 3957 ⁸³&
395 3906 548 3969 indicarent.
564 3904 727 3963 Orientalem
734 3902 892 3968 orientales,
909 3904 1092 3962 Occirlentales
1100 3903 1297 3961 occidentalem
1312 3903 1470 3961 indicarent.
1494 3904 1570 3961 llnde

218 3966 449 4051 ⁸1²¹'lictant
469 3992 623 4069 Symmachi
643 3990 784 4066 epistolam
806 4009 866 4048 cum
886 3989 966 4047 Probi
982 3989 1160 4047 Occidentalis
1181 3989 1337 4054 consulatu,
1365 3990 1488 4065 adeoque
1508 4008 1568 4047 curu

344 4086 377 4129 0
395 4078 461 4143 tta.
475 4075 694 4152 componendum
710 4093 770 4133 esse
785 4076 937 4134 coniicitur.

393 4164 421 4223 8.
447 4162 487 4221 Ex
501 4162 624 4237 ejusdem
638 4161 768 4239 epistolae
783 4164 923 4220 occasione
938 4161 1046 4218 demum
1061 4160 1242 4226 observamus,
1258 4161 1446 4237 Symmachum
1462 4180 1476 4218 a
1492 4171 1569 4219 sexto

206 4216 403 4345 {ulem
420 4248 529 4308 saeonlo
550 4251 648 4306 sancti
660 4247 740 4304 titrllo
756 4247 840 4306 inisse
854 4249 1023 4324 insignitum.
1058 4246 1162 4323 Quippe
1182 4249 1209 4305 in
1230 4248 1318 4305 indice
1339 4250 1447 4321 praevio
1468 4248 1569 4305 codicis

207 4388 251 4427 e
264 4320 490 4409 ”rheteum
512 4335 561 4410 qul
575 4333 666 4410 vigilii
681 4351 766 4409 papae
782 4333 947 4409 temporibus
968 4341 1092 4390 exaratus
1108 4342 1162 4397 est,
1185 4339 1281 4390 suncti
1296 4335 1460 4407 Spnrmochr'
1469 4350 1569 4407 popae

225 4402 427 4517 §Nerate
446 4426 627 4496 nuncupatur.
667 4419 794 4495 legimns
820 4431 846 4476 et
868 4422 894 4477 in
916 4420 1059 4477 llarcollini
1080 4421 1223 4476 cirronico:
1251 4422 1401 4477 Romanos
1428 4421 1569 4476 ecclcsiae

217 4490 495 4567 “finetenus
508 4510 665 4580 episcopus
676 4506 779 4579 sociata
795 4510 866 4563 oiseii
881 4523 973 4563 carnos
988 4506 1020 4562 X
1027 4507 1057 4562 V.
1097 4504 1237 4562 Praeterea
1249 4506 1304 4577 jam
1320 4506 1352 4561 ad
1368 4506 1472 4561 initium
1489 4520 1568 4580 supc-

220 4556 392 4659 ¹195,
401 4594 477 4669 epist.
486 4592 529 4651 10
542 4592 737 4656 annotavimus,
754 4592 877 4648 eumdem
893 4593 918 4648 in
935 4593 1017 4648 veteri
1033 4590 1177 4666 exemplari
1185 4590 1334 4648 Crimanico
1350 4593 1452 4648 beatae
1467 4605 1568 4647 memo·

236 4650 372 4779 :7⁰8
396 4696 516 4753 paparo,
543 4678 572 4735 ln
590 4677 652 4735 iat.
672 4675 739 4753 Reg.
764 4677 843 4735 1907
866 4684 997 4734 sorrctunr
1017 4686 1045 4733 ct
1071 4694 1085 4732 5
1107 4678 1239 4752 Cypriane
1266 4677 1413 4733 'lolonrnsi
1439 4676 1568 4751 episcopo

275 4748 415 4820 ‘enon
434 4762 466 4821 ab
486 4762 631 4839 sigobarde
656 4763 769 4821 beatum
790 4762 928 4837 appellari.
