<?xml version="1.0" encoding="UTF-8"?>
<!DOCTYPE html PUBLIC "-//W3C//DTD XHTML 1.0 Transitional//EN"
    "http://www.w3.org/TR/xhtml1/DTD/xhtml1-transitional.dtd">
<html xmlns="http://www.w3.org/1999/xhtml" xml:lang="en" lang="en">
 <head>
  <title>
</title>
<meta http-equiv="Content-Type" content="text/html;charset=utf-8" />
  <meta name='ocr-system' content='tesseract 3.04.00' />
  <meta name='ocr-capabilities' content='ocr_page ocr_carea ocr_par ocr_line ocrx_word'/>
</head>
<body>
  <div class='ocr_page' id='page_1' title='image "./epistolaeromano00cousgoog/epistolaeromano00cousgoog_0178.png"; bbox 0 0 3412 5664; ppageno 0'>
   <div class='ocr_carea' id='block_1_1' title="bbox 738 332 1521 396">
    <p class='ocr_par' dir='ltr' id='par_1_1' title="bbox 738 332 1521 396">
     <span class='ocr_line' id='line_1_1' title="bbox 738 332 1521 396; baseline 0.005 -4"><span class='ocrx_word' id='word_1_1' title='bbox 738 344 934 394; x_wconf 76' lang='lat' dir='ltr'>nrrsronan</span> <span class='ocrx_word' id='word_1_2' title='bbox 957 334 986 392; x_wconf 80' lang='lat'>2.</span> <span class='ocrx_word' id='word_1_3' title='bbox 1010 335 1039 392; x_wconf 89' lang='lat'>3.</span> <span class='ocrx_word' id='word_1_4' title='bbox 1462 332 1521 396; x_wconf 86' lang='grc'>131</span> 
     </span>
    </p>
   </div>
   <div class='ocr_carea' id='block_1_2' title="bbox 185 498 1631 3960">
    <p class='ocr_par' dir='ltr' id='par_1_2' title="bbox 208 498 1627 1914">
     <span class='ocr_line' id='line_1_2' title="bbox 208 498 1627 589; baseline -0.001 -22"><span class='ocrx_word' id='word_1_5' title='bbox 208 501 344 589; x_wconf 84' lang='lat' dir='ltr'>Quod</span> <span class='ocrx_word' id='word_1_6' title='bbox 364 500 391 564; x_wconf 90' lang='lat' dir='ltr'>si</span> <span class='ocrx_word' id='word_1_7' title='bbox 412 499 547 584; x_wconf 83' lang='lat' dir='ltr'>dignum</span> <span class='ocrx_word' id='word_1_8' title='bbox 570 498 690 582; x_wconf 91' lang='lat' dir='ltr'>aliquid</span> <span class='ocrx_word' id='word_1_9' title='bbox 705 501 761 562; x_wconf 88' lang='lat' dir='ltr'>tua</span> <span class='ocrx_word' id='word_1_10' title='bbox 778 498 916 564; x_wconf 88' lang='lat' dir='ltr'>lectione</span> <span class='ocrx_word' id='word_1_11' title='bbox 931 498 1109 579; x_wconf 79' lang='lat' dir='ltr'>confecero,</span> <span class='ocrx_word' id='word_1_12' title='bbox 1133 498 1165 560; x_wconf 90' lang='lat' dir='ltr'>id</span> <span class='ocrx_word' id='word_1_13' title='bbox 1181 499 1243 562; x_wconf 87' lang='lat' dir='ltr'>erit</span> <span class='ocrx_word' id='word_1_14' title='bbox 1257 499 1403 583; x_wconf 89' lang='lat' dir='ltr'>profecto</span> <span class='ocrx_word' id='word_1_15' title='bbox 1418 501 1521 565; x_wconf 90' lang='lat' dir='ltr'>divini</span> <span class='ocrx_word' id='word_1_16' title='bbox 1533 526 1557 563; x_wconf 89' lang='lat' dir='ltr'>a.</span> <span class='ocrx_word' id='word_1_17' title='bbox 1569 516 1627 565; x_wconf 76' lang='grc' dir='ltr'>ιιι.</span> 
     </span>
     <span class='ocr_line' id='line_1_3' title="bbox 214 599 1522 685; baseline 0.001 -19"><span class='ocrx_word' id='word_1_18' title='bbox 214 603 403 685; x_wconf 78' lang='lat' dir='ltr'>muneris,</span> <span class='ocrx_word' id='word_1_19' title='bbox 431 604 502 665; x_wconf 88' lang='lat' dir='ltr'>tum</span> <span class='ocrx_word' id='word_1_20' title='bbox 524 601 622 666; x_wconf 89' lang='lat' dir='ltr'>etiam</span> <span class='ocrx_word' id='word_1_21' title='bbox 643 599 887 665; x_wconf 90' lang='lat' dir='ltr'>benevolentiae</span> <span class='ocrx_word' id='word_1_22' title='bbox 909 605 994 683; x_wconf 87' lang='lat' dir='ltr'>tuae,</span> <span class='ocrx_word' id='word_1_23' title='bbox 1024 600 1115 682; x_wconf 82' lang='lat' dir='ltr'>cujus</span> <span class='ocrx_word' id='word_1_24' title='bbox 1136 600 1229 664; x_wconf 90' lang='lat' dir='ltr'>favor</span> <span class='ocrx_word' id='word_1_25' title='bbox 1250 600 1417 666; x_wconf 86' lang='lat' dir='ltr'>oblectans</span> <span class='ocrx_word' id='word_1_26' title='bbox 1438 603 1522 667; x_wconf 89' lang='lat' dir='ltr'>iner-</span> 
     </span>
     <span class='ocr_line' id='line_1_4' title="bbox 218 702 1522 790; baseline 0.001 -22"><span class='ocrx_word' id='word_1_27' title='bbox 218 725 294 783; x_wconf 56' lang='lat' dir='ltr'>tes</span> <span class='ocrx_word' id='word_1_28' title='bbox 320 726 446 790; x_wconf 87' lang='lat' dir='ltr'>quoque</span> <span class='ocrx_word' id='word_1_29' title='bbox 468 703 590 768; x_wconf 89' lang='lat' dir='ltr'>excitat</span> <span class='ocrx_word' id='word_1_30' title='bbox 616 703 656 766; x_wconf 91' lang='lat' dir='ltr'>ad</span> <span class='ocrx_word' id='word_1_31' title='bbox 679 702 868 787; x_wconf 86' lang='lat' dir='ltr'>profectum.</span> <span class='ocrx_word' id='word_1_32' title='bbox 914 702 983 767; x_wconf 88' lang='lat' dir='ltr'>Nec</span> <span class='ocrx_word' id='word_1_33' title='bbox 1012 702 1212 767; x_wconf 74' lang='lat' dir='ltr'>dubitabitur</span> <span class='ocrx_word' id='word_1_34' title='bbox 1238 703 1333 787; x_wconf 89' lang='lat' dir='ltr'>hujus</span> <span class='ocrx_word' id='word_1_35' title='bbox 1362 704 1424 768; x_wconf 89' lang='lat' dir='ltr'>fide</span> <span class='ocrx_word' id='word_1_36' title='bbox 1451 727 1522 789; x_wconf 89' lang='lat' dir='ltr'>per-</span> 
     </span>
     <span class='ocr_line' id='line_1_5' title="bbox 224 803 1521 892; baseline -0.01 -8"><span class='ocrx_word' id='word_1_37' title='bbox 224 806 437 890; x_wconf 80' lang='lat' dir='ltr'>ficiendum,</span> <span class='ocrx_word' id='word_1_38' title='bbox 476 805 566 890; x_wconf 89' lang='lat' dir='ltr'>cujus</span> <span class='ocrx_word' id='word_1_39' title='bbox 598 809 648 870; x_wconf 88' lang='lat' dir='ltr'>est</span> <span class='ocrx_word' id='word_1_40' title='bbox 680 803 903 870; x_wconf 76' lang='lat' dir='ltr'>adhortatione</span> <span class='ocrx_word' id='word_1_41' title='bbox 930 808 1130 890; x_wconf 88' lang='lat' dir='ltr'>susceptum,</span> <span class='ocrx_word' id='word_1_42' title='bbox 1164 828 1263 890; x_wconf 90' lang='lat' dir='ltr'>quum</span> <span class='ocrx_word' id='word_1_43' title='bbox 1289 805 1369 869; x_wconf 88' lang='lat' dir='ltr'>mihi</span> <span class='ocrx_word' id='word_1_44' title='bbox 1396 829 1521 892; x_wconf 91' lang='lat' dir='ltr'>quoque</span> 
     </span>
     <span class='ocr_line' id='line_1_6' title="bbox 231 894 1521 993; baseline -0.002 -17"><span class='ocrx_word' id='word_1_45' title='bbox 231 909 368 986; x_wconf 84' lang='lat' dir='ltr'>fiducia</span> <span class='ocrx_word' id='word_1_46' title='bbox 388 910 446 992; x_wconf 88' lang='lat' dir='ltr'>sit,</span> <span class='ocrx_word' id='word_1_47' title='bbox 469 908 583 993; x_wconf 84' lang='lat' dir='ltr'>peragi</span> <span class='ocrx_word' id='word_1_48' title='bbox 605 929 697 992; x_wconf 89' lang='lat' dir='ltr'>posse</span> <span class='ocrx_word' id='word_1_49' title='bbox 720 906 803 992; x_wconf 91' lang='lat' dir='ltr'>quod</span> <span class='ocrx_word' id='word_1_50' title='bbox 825 894 999 992; x_wconf 82' lang='lat' dir='ltr'>praecipis,</span> <span class='ocrx_word' id='word_1_51' title='bbox 1030 907 1080 971; x_wconf 94' lang='lat' dir='ltr'>cui</span> <span class='ocrx_word' id='word_1_52' title='bbox 1108 907 1141 970; x_wconf 93' lang='lat' dir='ltr'>id</span> <span class='ocrx_word' id='word_1_53' title='bbox 1163 911 1231 972; x_wconf 91' lang='lat' dir='ltr'>tam</span> <span class='ocrx_word' id='word_1_54' title='bbox 1254 908 1451 973; x_wconf 87' lang='lat' dir='ltr'>confidenter</span> <span class='ocrx_word' id='word_1_55' title='bbox 1473 909 1521 973; x_wconf 90' lang='lat' dir='ltr'>in-</span> 
     </span>
     <span class='ocr_line' id='line_1_7' title="bbox 234 1009 1521 1108; baseline 0.001 -33"><span class='ocrx_word' id='word_1_56' title='bbox 234 1013 371 1108; x_wconf 76' lang='lat' dir='ltr'>jungis.</span> <span class='ocrx_word' id='word_1_57' title='bbox 420 1009 499 1087; x_wconf 73' lang='lat' dir='ltr'>Quis</span> <span class='ocrx_word' id='word_1_58' title='bbox 525 1031 664 1094; x_wconf 87' lang='lat' dir='ltr'>namque</span> <span class='ocrx_word' id='word_1_59' title='bbox 692 1031 758 1073; x_wconf 93' lang='lat' dir='ltr'>non</span> <span class='ocrx_word' id='word_1_60' title='bbox 785 1010 963 1094; x_wconf 84' lang='lat' dir='ltr'>intelligat,</span> <span class='ocrx_word' id='word_1_61' title='bbox 1001 1011 1066 1074; x_wconf 88' lang='lat' dir='ltr'>tuis</span> <span class='ocrx_word' id='word_1_62' title='bbox 1099 1011 1298 1074; x_wconf 86' lang='lat' dir='ltr'>orationibus</span> <span class='ocrx_word' id='word_1_63' title='bbox 1327 1011 1398 1094; x_wconf 87' lang='lat' dir='ltr'>jam</span> <span class='ocrx_word' id='word_1_64' title='bbox 1431 1033 1521 1095; x_wconf 86' lang='lat' dir='ltr'>prae-</span> 
     </span>
     <span class='ocr_line' id='line_1_8' title="bbox 241 1111 1521 1199; baseline 0.001 -22"><span class='ocrx_word' id='word_1_65' title='bbox 241 1118 423 1199; x_wconf 70' lang='lat' dir='ltr'>sumptum,</span> <span class='ocrx_word' id='word_1_66' title='bbox 446 1112 531 1197; x_wconf 92' lang='lat' dir='ltr'>quod</span> <span class='ocrx_word' id='word_1_67' title='bbox 553 1113 652 1176; x_wconf 88' lang='lat' dir='ltr'>etiam</span> <span class='ocrx_word' id='word_1_68' title='bbox 667 1133 724 1196; x_wconf 91' lang='lat' dir='ltr'>per</span> <span class='ocrx_word' id='word_1_69' title='bbox 738 1135 789 1175; x_wconf 92' lang='lat' dir='ltr'>me</span> <span class='ocrx_word' id='word_1_70' title='bbox 805 1112 907 1176; x_wconf 91' lang='lat' dir='ltr'>credis</span> <span class='ocrx_word' id='word_1_71' title='bbox 922 1111 1143 1196; x_wconf 82' lang='lat' dir='ltr'>implendum?</span> <span class='ocrx_word' id='word_1_72' title='bbox 1171 1111 1284 1197; x_wconf 85' lang='lat' dir='ltr'>Neque</span> <span class='ocrx_word' id='word_1_73' title='bbox 1300 1114 1386 1177; x_wconf 90' lang='lat' dir='ltr'>enim</span> <span class='ocrx_word' id='word_1_74' title='bbox 1400 1118 1521 1179; x_wconf 89' lang='lat' dir='ltr'>temere</span> 
     </span>
     <span class='ocr_line' id='line_1_9' title="bbox 247 1206 1522 1302; baseline -0.002 -18"><span class='ocrx_word' id='word_1_75' title='bbox 247 1221 447 1302; x_wconf 70' lang='lat' dir='ltr'>delegares,</span> <span class='ocrx_word' id='word_1_76' title='bbox 481 1214 537 1279; x_wconf 90' lang='lat' dir='ltr'>ubi</span> <span class='ocrx_word' id='word_1_77' title='bbox 565 1236 630 1278; x_wconf 92' lang='lat' dir='ltr'>non</span> <span class='ocrx_word' id='word_1_78' title='bbox 659 1216 727 1278; x_wconf 86' lang='lat' dir='ltr'>tam</span> <span class='ocrx_word' id='word_1_79' title='bbox 753 1236 843 1279; x_wconf 89' lang='lat' dir='ltr'>meae</span> <span class='ocrx_word' id='word_1_80' title='bbox 878 1214 1042 1278; x_wconf 90' lang='lat' dir='ltr'>doctrinae</span> <span class='ocrx_word' id='word_1_81' title='bbox 1064 1206 1269 1279; x_wconf 69' lang='lat' dir='ltr'>‘industriam</span> <span class='ocrx_word' id='word_1_82' title='bbox 1302 1237 1398 1300; x_wconf 88' lang='lat' dir='ltr'>quem</span> <span class='ocrx_word' id='word_1_83' title='bbox 1429 1221 1522 1282; x_wconf 90' lang='lat' dir='ltr'>tuum</span> 
     </span>
     <span class='ocr_line' id='line_1_10' title="bbox 249 1316 1535 1409; baseline -0.005 -21"><span class='ocrx_word' id='word_1_84' title='bbox 249 1318 405 1409; x_wconf 85' lang='lat' dir='ltr'>judicium</span> <span class='ocrx_word' id='word_1_85' title='bbox 426 1316 551 1382; x_wconf 88' lang='lat' dir='ltr'>videres</span> <span class='ocrx_word' id='word_1_86' title='bbox 573 1317 712 1400; x_wconf 86' lang='lat' dir='ltr'>exposci.</span> <span class='ocrx_word' id='word_1_87' title='bbox 1530 1322 1535 1329; x_wconf 86' lang='lat'><em>&#39;</em></span> 
     </span>
     <span class='ocr_line' id='line_1_11' title="bbox 341 1418 1521 1506; baseline 0.003 -22"><span class='ocrx_word' id='word_1_88' title='bbox 341 1420 369 1485; x_wconf 80' lang='lat'>2.</span> <span class='ocrx_word' id='word_1_89' title='bbox 396 1418 562 1485; x_wconf 86' lang='lat' dir='ltr'>Psschalis</span> <span class='ocrx_word' id='word_1_90' title='bbox 583 1419 685 1504; x_wconf 79' lang='lat' dir='ltr'>igitur</span> <span class='ocrx_word' id='word_1_91' title='bbox 711 1418 787 1483; x_wconf 84' lang='lat' dir='ltr'>festi</span> <span class='ocrx_word' id='word_1_92' title='bbox 816 1441 943 1484; x_wconf 90' lang='lat' dir='ltr'>cursum</span> <span class='ocrx_word' id='word_1_93' title='bbox 969 1421 1033 1484; x_wconf 84' lang='lat' dir='ltr'>tuis</span> <span class='ocrx_word' id='word_1_94' title='bbox 1062 1420 1169 1502; x_wconf 91' lang='lat' dir='ltr'>potius</span> <span class='ocrx_word' id='word_1_95' title='bbox 1196 1420 1395 1485; x_wconf 88' lang='lat' dir='ltr'>orationibus</span> <span class='ocrx_word' id='word_1_96' title='bbox 1424 1444 1521 1506; x_wconf 89' lang='lat' dir='ltr'>quam</span> 
     </span>
     <span class='ocr_line' id='line_1_12' title="bbox 259 1521 1520 1606; baseline -0.001 -16"><span class='ocrx_word' id='word_1_97' title='bbox 259 1545 332 1590; x_wconf 86' lang='lat' dir='ltr'>meo</span> <span class='ocrx_word' id='word_1_98' title='bbox 353 1521 450 1587; x_wconf 85' lang='lat' dir='ltr'>fretus</span> <span class='ocrx_word' id='word_1_99' title='bbox 477 1522 627 1606; x_wconf 78' lang='lat' dir='ltr'>ingenio,</span> <span class='ocrx_word' id='word_1_100' title='bbox 662 1525 819 1605; x_wconf 89' lang='lat' dir='ltr'>quantum</span> <span class='ocrx_word' id='word_1_101' title='bbox 851 1544 902 1585; x_wconf 89' lang='lat' dir='ltr'>res</span> <span class='ocrx_word' id='word_1_102' title='bbox 935 1523 1095 1604; x_wconf 83' lang='lat' dir='ltr'>permittit</span> <span class='ocrx_word' id='word_1_103' title='bbox 1104 1521 1144 1606; x_wconf 90' lang='lat'>¹),</span> <span class='ocrx_word' id='word_1_104' title='bbox 1186 1523 1351 1606; x_wconf 87' lang='lat' dir='ltr'>explorare</span> <span class='ocrx_word' id='word_1_105' title='bbox 1390 1528 1520 1589; x_wconf 86' lang='lat' dir='ltr'>conten-</span> 
     </span>
     <span class='ocr_line' id='line_1_13' title="bbox 262 1623 1521 1710; baseline 0 -19"><span class='ocrx_word' id='word_1_106' title='bbox 262 1627 354 1707; x_wconf 84' lang='lat' dir='ltr'>deus,</span> <span class='ocrx_word' id='word_1_107' title='bbox 386 1623 480 1689; x_wconf 86' lang='lat' dir='ltr'>datae</span> <span class='ocrx_word' id='word_1_108' title='bbox 512 1624 554 1687; x_wconf 88' lang='lat' dir='ltr'>ad</span> <span class='ocrx_word' id='word_1_109' title='bbox 585 1645 637 1687; x_wconf 89' lang='lat' dir='ltr'>me</span> <span class='ocrx_word' id='word_1_110' title='bbox 668 1623 806 1687; x_wconf 86' lang='lat' dir='ltr'>formam</span> <span class='ocrx_word' id='word_1_111' title='bbox 838 1628 966 1688; x_wconf 90' lang='lat' dir='ltr'>secutus</span> <span class='ocrx_word' id='word_1_112' title='bbox 995 1623 1165 1707; x_wconf 86' lang='lat' dir='ltr'>epistolae,</span> <span class='ocrx_word' id='word_1_113' title='bbox 1204 1626 1293 1707; x_wconf 90' lang='lat' dir='ltr'>prius</span> <span class='ocrx_word' id='word_1_114' title='bbox 1327 1648 1408 1710; x_wconf 88' lang='lat' dir='ltr'>quae</span> <span class='ocrx_word' id='word_1_115' title='bbox 1435 1628 1521 1691; x_wconf 91' lang='lat' dir='ltr'>inter</span> 
     </span>
     <span class='ocr_line' id='line_1_14' title="bbox 265 1725 1520 1811; baseline 0.001 -19"><span class='ocrx_word' id='word_1_116' title='bbox 265 1727 432 1811; x_wconf 78' lang='lat' dir='ltr'>hujumodi</span> <span class='ocrx_word' id='word_1_117' title='bbox 453 1726 627 1810; x_wconf 81' lang='lat' dir='ltr'>scriptores</span> <span class='ocrx_word' id='word_1_118' title='bbox 645 1726 688 1789; x_wconf 88' lang='lat' dir='ltr'>sit</span> <span class='ocrx_word' id='word_1_119' title='bbox 709 1746 805 1789; x_wconf 88' lang='lat' dir='ltr'>causa</span> <span class='ocrx_word' id='word_1_120' title='bbox 824 1725 1001 1790; x_wconf 82' lang='lat' dir='ltr'>discordiae</span> <span class='ocrx_word' id='word_1_121' title='bbox 1023 1726 1135 1810; x_wconf 91' lang='lat' dir='ltr'>paucis</span> <span class='ocrx_word' id='word_1_122' title='bbox 1150 1727 1328 1810; x_wconf 84' lang='lat' dir='ltr'>expediam,</span> <span class='ocrx_word' id='word_1_123' title='bbox 1352 1749 1390 1792; x_wconf 88' lang='lat' dir='ltr'>ac</span> <span class='ocrx_word' id='word_1_124' title='bbox 1405 1728 1520 1793; x_wconf 91' lang='lat' dir='ltr'>deinde</span> 
     </span>
     <span class='ocr_line' id='line_1_15' title="bbox 266 1828 1520 1914; baseline 0.001 -20"><span class='ocrx_word' id='word_1_125' title='bbox 266 1829 341 1913; x_wconf 86' lang='lat' dir='ltr'>quid</span> <span class='ocrx_word' id='word_1_126' title='bbox 357 1829 452 1914; x_wconf 75' lang='lat' dir='ltr'>magis</span> <span class='ocrx_word' id='word_1_127' title='bbox 474 1828 621 1892; x_wconf 87' lang='lat' dir='ltr'>videatur</span> <span class='ocrx_word' id='word_1_128' title='bbox 648 1849 825 1913; x_wconf 86' lang='lat' dir='ltr'>congruere</span> <span class='ocrx_word' id='word_1_129' title='bbox 847 1829 993 1911; x_wconf 87' lang='lat' dir='ltr'>veritati,</span> <span class='ocrx_word' id='word_1_130' title='bbox 1022 1831 1180 1912; x_wconf 88' lang='lat' dir='ltr'>quantum</span> <span class='ocrx_word' id='word_1_131' title='bbox 1209 1829 1352 1913; x_wconf 87' lang='lat' dir='ltr'>valuero,</span> <span class='ocrx_word' id='word_1_132' title='bbox 1381 1829 1520 1895; x_wconf 89' lang='lat' dir='ltr'>Domino</span> 
     </span>
    </p>

    <p class='ocr_par' dir='ltr' id='par_1_3' title="bbox 269 1928 784 2017">
     <span class='ocr_line' id='line_1_16' title="bbox 269 1928 784 2017; baseline -0.004 -21"><span class='ocrx_word' id='word_1_133' title='bbox 269 1928 393 1996; x_wconf 81' lang='lat' dir='ltr'>donante</span> <span class='ocrx_word' id='word_1_134' title='bbox 413 1929 588 2017; x_wconf 80' lang='lat' dir='ltr'>diligenter</span> <span class='ocrx_word' id='word_1_135' title='bbox 609 1928 784 1995; x_wconf 79' lang='lat' dir='ltr'>absolvam.</span> 
     </span>
    </p>

    <p class='ocr_par' dir='ltr' id='par_1_4' title="bbox 185 2032 1520 2629">
     <span class='ocr_line' id='line_1_17' title="bbox 347 2032 1520 2119; baseline 0.001 -21"><span class='ocrx_word' id='word_1_136' title='bbox 347 2034 373 2098; x_wconf 80' lang='lat'>3.</span> <span class='ocrx_word' id='word_1_137' title='bbox 397 2032 587 2116; x_wconf 88' lang='lat' dir='ltr'>Discrepare</span> <span class='ocrx_word' id='word_1_138' title='bbox 608 2033 694 2097; x_wconf 89' lang='lat' dir='ltr'>inter</span> <span class='ocrx_word' id='word_1_139' title='bbox 723 2055 757 2097; x_wconf 89' lang='lat' dir='ltr'>se</span> <span class='ocrx_word' id='word_1_140' title='bbox 779 2033 993 2117; x_wconf 84' lang='lat' dir='ltr'>disputatores</span> <span class='ocrx_word' id='word_1_141' title='bbox 1021 2033 1213 2116; x_wconf 88' lang='lat' dir='ltr'>praecipuae</span> <span class='ocrx_word' id='word_1_142' title='bbox 1239 2032 1428 2099; x_wconf 84' lang='lat' dir='ltr'>festivitatis</span> <span class='ocrx_word' id='word_1_143' title='bbox 1456 2035 1520 2119; x_wconf 93' lang='lat' dir='ltr'>pri·</span> 
     </span>
     <span class='ocr_line' id='line_1_18' title="bbox 272 2134 1520 2220; baseline 0.003 -23"><span class='ocrx_word' id='word_1_144' title='bbox 272 2151 352 2199; x_wconf 81' lang='lat' dir='ltr'>mun</span> <span class='ocrx_word' id='word_1_145' title='bbox 367 2135 502 2201; x_wconf 88' lang='lat' dir='ltr'>omnium</span> <span class='ocrx_word' id='word_1_146' title='bbox 529 2135 706 2200; x_wconf 82' lang='lat' dir='ltr'>necessitas</span> <span class='ocrx_word' id='word_1_147' title='bbox 734 2135 791 2199; x_wconf 91' lang='lat' dir='ltr'>illa</span> <span class='ocrx_word' id='word_1_148' title='bbox 819 2135 997 2219; x_wconf 80' lang='lat' dir='ltr'>compellit,</span> <span class='ocrx_word' id='word_1_149' title='bbox 1028 2136 1103 2218; x_wconf 90' lang='lat' dir='ltr'>quia</span> <span class='ocrx_word' id='word_1_150' title='bbox 1131 2134 1298 2219; x_wconf 79' lang='lat' dir='ltr'>paschales</span> <span class='ocrx_word' id='word_1_151' title='bbox 1327 2135 1424 2220; x_wconf 83' lang='lat' dir='ltr'>cycli,</span> <span class='ocrx_word' id='word_1_152' title='bbox 1454 2137 1520 2201; x_wconf 89' lang='lat' dir='ltr'>sive</span> 
     </span>
     <span class='ocr_line' id='line_1_19' title="bbox 185 2235 1520 2323; baseline -0.001 -20"><span class='ocrx_word' id='word_1_153' title='bbox 185 2280 187 2285; x_wconf 93' lang='lat'>-</span> <span class='ocrx_word' id='word_1_154' title='bbox 273 2235 330 2318; x_wconf 77' lang='lat' dir='ltr'>qui</span> <span class='ocrx_word' id='word_1_155' title='bbox 344 2235 581 2321; x_wconf 83' lang='lat' dir='ltr'><strong>posthXXXIV</strong></span> <span class='ocrx_word' id='word_1_156' title='bbox 602 2260 658 2302; x_wconf 89' lang='lat' dir='ltr'>seu</span> <span class='ocrx_word' id='word_1_157' title='bbox 680 2238 735 2322; x_wconf 91' lang='lat' dir='ltr'>qui</span> <span class='ocrx_word' id='word_1_158' title='bbox 758 2239 831 2322; x_wconf 92' lang='lat' dir='ltr'>post</span> <span class='ocrx_word' id='word_1_159' title='bbox 846 2236 933 2303; x_wconf 84' lang='lat' dir='ltr'><strong>XCV</strong></span> <span class='ocrx_word' id='word_1_160' title='bbox 956 2258 1057 2301; x_wconf 83' lang='lat' dir='ltr'>annos</span> <span class='ocrx_word' id='word_1_161' title='bbox 1079 2237 1130 2301; x_wconf 91' lang='lat' dir='ltr'>vel</span> <span class='ocrx_word' id='word_1_162' title='bbox 1152 2237 1250 2301; x_wconf 88' lang='lat' dir='ltr'>etiam</span> <span class='ocrx_word' id='word_1_163' title='bbox 1266 2238 1320 2322; x_wconf 93' lang='lat' dir='ltr'>qui</span> <span class='ocrx_word' id='word_1_164' title='bbox 1341 2243 1415 2323; x_wconf 90' lang='lat' dir='ltr'>post</span> <span class='ocrx_word' id='word_1_165' title='bbox 1430 2237 1520 2304; x_wconf 82' lang='lat' dir='ltr'><strong>CXII</strong></span> 
     </span>
     <span class='ocr_line' id='line_1_20' title="bbox 185 2339 1519 2425; baseline 0.001 -20"><span class='ocrx_word' id='word_1_166' title='bbox 185 2348 187 2411; x_wconf 69' lang='grc'><strong>1</strong></span> <span class='ocrx_word' id='word_1_167' title='bbox 276 2354 409 2404; x_wconf 65' lang='lat' dir='ltr'>mmmm</span> <span class='ocrx_word' id='word_1_168' title='bbox 428 2340 535 2424; x_wconf 85' lang='lat' dir='ltr'>spatia</span> <span class='ocrx_word' id='word_1_169' title='bbox 556 2339 719 2425; x_wconf 84' lang='lat' dir='ltr'>prorogati</span> <span class='ocrx_word' id='word_1_170' title='bbox 742 2340 863 2422; x_wconf 89' lang='lat' dir='ltr'>eodem,</span> <span class='ocrx_word' id='word_1_171' title='bbox 886 2361 949 2424; x_wconf 92' lang='lat' dir='ltr'>quo</span> <span class='ocrx_word' id='word_1_172' title='bbox 971 2339 1217 2422; x_wconf 82' lang='lat' dir='ltr'>praeterierant,</span> <span class='ocrx_word' id='word_1_173' title='bbox 1241 2339 1353 2404; x_wconf 89' lang='lat' dir='ltr'>ordine</span> <span class='ocrx_word' id='word_1_174' title='bbox 1374 2340 1410 2405; x_wconf 91' lang='lat' dir='ltr'>in</span> <span class='ocrx_word' id='word_1_175' title='bbox 1432 2341 1519 2425; x_wconf 93' lang='lat' dir='ltr'>prin-</span> 
     </span>
     <span class='ocr_line' id='line_1_21' title="bbox 278 2436 1520 2528; baseline 0.006 -27"><span class='ocrx_word' id='word_1_176' title='bbox 278 2436 377 2522; x_wconf 75' lang='lat' dir='ltr'>cipiam</span> <span class='ocrx_word' id='word_1_177' title='bbox 397 2441 446 2507; x_wconf 88' lang='lat' dir='ltr'>sui</span> <span class='ocrx_word' id='word_1_178' title='bbox 472 2445 569 2527; x_wconf 82' lang='lat' dir='ltr'>atque</span> <span class='ocrx_word' id='word_1_179' title='bbox 596 2442 756 2526; x_wconf 82' lang='lat' dir='ltr'>originem</span> <span class='ocrx_word' id='word_1_180' title='bbox 784 2442 887 2507; x_wconf 86' lang='lat' dir='ltr'>redire</span> <span class='ocrx_word' id='word_1_181' title='bbox 916 2441 1105 2524; x_wconf 89' lang='lat' dir='ltr'>creduntur,</span> <span class='ocrx_word' id='word_1_182' title='bbox 1139 2442 1174 2505; x_wconf 93' lang='lat' dir='ltr'>in</span> <span class='ocrx_word' id='word_1_183' title='bbox 1203 2441 1363 2526; x_wconf 84' lang='lat' dir='ltr'>aliquibus</span> <span class='ocrx_word' id='word_1_184' title='bbox 1391 2442 1520 2528; x_wconf 90' lang='lat' dir='ltr'>quidem</span> 
     </span>
     <span class='ocr_line' id='line_1_22' title="bbox 280 2536 1517 2629; baseline 0.003 -22"><span class='ocrx_word' id='word_1_185' title='bbox 280 2536 378 2607; x_wconf 77' lang='lat' dir='ltr'>(liam</span> <span class='ocrx_word' id='word_1_186' title='bbox 394 2546 472 2609; x_wconf 86' lang='lat' dir='ltr'>sunt</span> <span class='ocrx_word' id='word_1_187' title='bbox 492 2543 657 2628; x_wconf 84' lang='lat' dir='ltr'>parilitate</span> <span class='ocrx_word' id='word_1_188' title='bbox 680 2544 852 2609; x_wconf 88' lang='lat' dir='ltr'>concordes</span> <span class='ocrx_word' id='word_1_189' title='bbox 880 2544 935 2608; x_wconf 90' lang='lat' dir='ltr'>sed</span> <span class='ocrx_word' id='word_1_190' title='bbox 957 2545 991 2608; x_wconf 92' lang='lat' dir='ltr'>in</span> <span class='ocrx_word' id='word_1_191' title='bbox 1014 2543 1110 2608; x_wconf 90' lang='lat' dir='ltr'>lunae</span> <span class='ocrx_word' id='word_1_192' title='bbox 1131 2543 1288 2609; x_wconf 90' lang='lat' dir='ltr'>varietate</span> <span class='ocrx_word' id='word_1_193' title='bbox 1310 2545 1517 2629; x_wconf 89' lang='lat' dir='ltr'>dissentiunt,</span> 
     </span>
    </p>

    <p class='ocr_par' dir='ltr' id='par_1_5' title="bbox 284 2645 1631 3960">
     <span class='ocr_line' id='line_1_23' title="bbox 284 2645 1631 2732; baseline 0.002 -21"><span class='ocrx_word' id='word_1_194' title='bbox 284 2658 420 2711; x_wconf 70' lang='lat' dir='ltr'>temous</span> <span class='ocrx_word' id='word_1_195' title='bbox 442 2668 541 2732; x_wconf 90' lang='lat' dir='ltr'>quum</span> <span class='ocrx_word' id='word_1_196' title='bbox 563 2646 598 2711; x_wconf 91' lang='lat' dir='ltr'>in</span> <span class='ocrx_word' id='word_1_197' title='bbox 620 2645 726 2711; x_wconf 92' lang='lat' dir='ltr'>lunari</span> <span class='ocrx_word' id='word_1_198' title='bbox 748 2647 976 2731; x_wconf 89' lang='lat' dir='ltr'>supputatione</span> <span class='ocrx_word' id='word_1_199' title='bbox 997 2646 1202 2730; x_wconf 88' lang='lat' dir='ltr'>reperiuntur</span> <span class='ocrx_word' id='word_1_200' title='bbox 1222 2645 1371 2731; x_wconf 87' lang='lat' dir='ltr'>stabiles,</span> <span class='ocrx_word' id='word_1_201' title='bbox 1395 2648 1519 2713; x_wconf 85' lang='lat' dir='ltr'>dierum</span> <span class='ocrx_word' id='word_1_202' title='bbox 1628 2697 1631 2703; x_wconf 86' lang='lat'><em>-</em></span> 
     </span>
     <span class='ocr_line' id='line_1_24' title="bbox 287 2745 1518 2834; baseline 0.003 -22"><span class='ocrx_word' id='word_1_203' title='bbox 287 2745 462 2834; x_wconf 48' lang='lat' dir='ltr'>nothata)</span> <span class='ocrx_word' id='word_1_204' title='bbox 486 2748 676 2833; x_wconf 74' lang='lat' dir='ltr'>confligtmt.</span> <span class='ocrx_word' id='word_1_205' title='bbox 721 2747 833 2832; x_wconf 90' lang='lat' dir='ltr'>Neque</span> <span class='ocrx_word' id='word_1_206' title='bbox 855 2748 958 2814; x_wconf 91' lang='lat' dir='ltr'>solum</span> <span class='ocrx_word' id='word_1_207' title='bbox 980 2748 1061 2813; x_wconf 89' lang='lat' dir='ltr'>alius</span> <span class='ocrx_word' id='word_1_208' title='bbox 1084 2748 1146 2813; x_wconf 89' lang='lat' dir='ltr'>alio</span> <span class='ocrx_word' id='word_1_209' title='bbox 1174 2752 1224 2813; x_wconf 90' lang='lat' dir='ltr'>est</span> <span class='ocrx_word' id='word_1_210' title='bbox 1251 2750 1381 2833; x_wconf 86' lang='lat' dir='ltr'>propria</span> <span class='ocrx_word' id='word_1_211' title='bbox 1408 2751 1518 2816; x_wconf 90' lang='lat' dir='ltr'>defini·</span> 
     </span>
     <span class='ocr_line' id='line_1_25' title="bbox 289 2844 1519 2936; baseline 0.003 -24"><span class='ocrx_word' id='word_1_212' title='bbox 289 2844 353 2913; x_wconf 68' lang='lat' dir='ltr'>tione</span> <span class='ocrx_word' id='word_1_213' title='bbox 372 2850 544 2935; x_wconf 88' lang='lat' dir='ltr'>dissimilis,</span> <span class='ocrx_word' id='word_1_214' title='bbox 578 2872 688 2915; x_wconf 91' lang='lat' dir='ltr'>verum</span> <span class='ocrx_word' id='word_1_215' title='bbox 715 2851 814 2915; x_wconf 89' lang='lat' dir='ltr'>etiam</span> <span class='ocrx_word' id='word_1_216' title='bbox 840 2851 960 2935; x_wconf 85' lang='lat' dir='ltr'>singuli</span> <span class='ocrx_word' id='word_1_217' title='bbox 989 2851 1105 2935; x_wconf 94' lang='lat' dir='ltr'>quique</span> <span class='ocrx_word' id='word_1_218' title='bbox 1140 2872 1248 2914; x_wconf 89' lang='lat' dir='ltr'>eorum</span> <span class='ocrx_word' id='word_1_219' title='bbox 1276 2852 1308 2915; x_wconf 92' lang='lat' dir='ltr'>in</span> <span class='ocrx_word' id='word_1_220' title='bbox 1338 2853 1519 2936; x_wconf 83' lang='lat' dir='ltr'>semetipsis</span> 
     </span>
     <span class='ocr_line' id='line_1_26' title="bbox 292 2944 1517 3040; baseline 0.001 -23"><span class='ocrx_word' id='word_1_221' title='bbox 292 2944 462 3019; x_wconf 64' lang='lat' dir='ltr'>sanusne</span> <span class='ocrx_word' id='word_1_222' title='bbox 489 2953 670 3040; x_wconf 88' lang='lat' dir='ltr'>praedicta,</span> <span class='ocrx_word' id='word_1_223' title='bbox 705 2953 812 3018; x_wconf 90' lang='lat' dir='ltr'>lunari</span> <span class='ocrx_word' id='word_1_224' title='bbox 840 2953 963 3017; x_wconf 90' lang='lat' dir='ltr'>scilicet</span> <span class='ocrx_word' id='word_1_225' title='bbox 991 2974 1029 3017; x_wconf 92' lang='lat' dir='ltr'>ac</span> <span class='ocrx_word' id='word_1_226' title='bbox 1051 2953 1188 3035; x_wconf 91' lang='lat' dir='ltr'>dierum,</span> <span class='ocrx_word' id='word_1_227' title='bbox 1219 2975 1306 3017; x_wconf 91' lang='lat' dir='ltr'>nunc</span> <span class='ocrx_word' id='word_1_228' title='bbox 1328 2953 1517 3038; x_wconf 83' lang='lat' dir='ltr'>varietate³)</span> 
     </span>
     <span class='ocr_line' id='line_1_27' title="bbox 293 3049 1518 3138; baseline -0.002 -17"><span class='ocrx_word' id='word_1_229' title='bbox 293 3049 428 3121; x_wconf 72' lang='lat' dir='ltr'>amant</span> <span class='ocrx_word' id='word_1_230' title='bbox 459 3078 547 3121; x_wconf 90' lang='lat' dir='ltr'>nunc</span> <span class='ocrx_word' id='word_1_231' title='bbox 581 3057 757 3122; x_wconf 83' lang='lat' dir='ltr'>assertione</span> <span class='ocrx_word' id='word_1_232' title='bbox 792 3055 954 3121; x_wconf 88' lang='lat' dir='ltr'>deficiunt.</span> <span class='ocrx_word' id='word_1_233' title='bbox 1005 3052 1079 3117; x_wconf 91' lang='lat' dir='ltr'>Huc</span> <span class='ocrx_word' id='word_1_234' title='bbox 1110 3053 1249 3136; x_wconf 89' lang='lat' dir='ltr'>accedit,</span> <span class='ocrx_word' id='word_1_235' title='bbox 1284 3054 1367 3138; x_wconf 89' lang='lat' dir='ltr'>quod</span> <span class='ocrx_word' id='word_1_236' title='bbox 1395 3054 1518 3118; x_wconf 91' lang='lat' dir='ltr'>lunaris</span> 
     </span>
     <span class='ocr_line' id='line_1_28' title="bbox 294 3147 1517 3240; baseline -0.002 -16"><span class='ocrx_word' id='word_1_237' title='bbox 294 3147 340 3233; x_wconf 66' lang='lat' dir='ltr'>bu</span> <span class='ocrx_word' id='word_1_238' title='bbox 354 3156 553 3224; x_wconf 86' lang='lat' dir='ltr'>dinumeratio</span> <span class='ocrx_word' id='word_1_239' title='bbox 574 3159 622 3223; x_wconf 89' lang='lat' dir='ltr'>ita</span> <span class='ocrx_word' id='word_1_240' title='bbox 643 3163 831 3224; x_wconf 89' lang='lat' dir='ltr'>cunctorum</span> <span class='ocrx_word' id='word_1_241' title='bbox 854 3160 903 3221; x_wconf 90' lang='lat' dir='ltr'>est</span> <span class='ocrx_word' id='word_1_242' title='bbox 927 3156 1048 3220; x_wconf 88' lang='lat' dir='ltr'>variata</span> <span class='ocrx_word' id='word_1_243' title='bbox 1070 3156 1255 3238; x_wconf 88' lang='lat' dir='ltr'>sententiis,</span> <span class='ocrx_word' id='word_1_244' title='bbox 1284 3159 1321 3220; x_wconf 91' lang='lat' dir='ltr'>ut</span> <span class='ocrx_word' id='word_1_245' title='bbox 1342 3178 1441 3240; x_wconf 92' lang='lat' dir='ltr'>quum</span> <span class='ocrx_word' id='word_1_246' title='bbox 1462 3156 1517 3221; x_wconf 89' lang='lat' dir='ltr'>isti</span> 
     </span>
     <span class='ocr_line' id='line_1_29' title="bbox 296 3254 1515 3345; baseline 0.002 -24"><span class='ocrx_word' id='word_1_247' title='bbox 296 3254 354 3321; x_wconf 70' lang='lat' dir='ltr'>urbi</span> <span class='ocrx_word' id='word_1_248' title='bbox 369 3261 467 3345; x_wconf 81' lang='lat' dir='ltr'>gratia</span> <span class='ocrx_word' id='word_1_249' title='bbox 488 3260 634 3325; x_wconf 90' lang='lat' dir='ltr'>eamdem</span> <span class='ocrx_word' id='word_1_250' title='bbox 653 3259 808 3325; x_wconf 88' lang='lat' dir='ltr'>Kalendis</span> <span class='ocrx_word' id='word_1_251' title='bbox 829 3259 993 3324; x_wconf 82' lang='lat' dir='ltr'>lanuariis</span> <span class='ocrx_word' id='word_1_252' title='bbox 1013 3265 1144 3339; x_wconf 82' lang='lat' dir='ltr'>primum</span> <span class='ocrx_word' id='word_1_253' title='bbox 1166 3258 1267 3322; x_wconf 83' lang='lat' dir='ltr'>fuisse</span> <span class='ocrx_word' id='word_1_254' title='bbox 1293 3259 1515 3342; x_wconf 86' lang='lat' dir='ltr'>pronuntient,</span> 
     </span>
     <span class='ocr_line' id='line_1_30' title="bbox 296 3351 1517 3447; baseline 0 -22"><span class='ocrx_word' id='word_1_255' title='bbox 296 3351 331 3420; x_wconf 66' lang='lat' dir='ltr'>lii</span> <span class='ocrx_word' id='word_1_256' title='bbox 353 3370 522 3443; x_wconf 74' lang='lat' dir='ltr'>trapessacum</span> <span class='ocrx_word' id='word_1_257' title='bbox 529 3413 539 3447; x_wconf 87' lang='lat'><em>‚</em></span> <span class='ocrx_word' id='word_1_258' title='bbox 578 3362 726 3428; x_wconf 91' lang='lat' dir='ltr'>nonnulli</span> <span class='ocrx_word' id='word_1_259' title='bbox 757 3368 920 3428; x_wconf 73' lang='lat' dir='ltr'>meandum</span> <span class='ocrx_word' id='word_1_260' title='bbox 954 3361 1138 3444; x_wconf 87' lang='lat' dir='ltr'>provenisse</span> <span class='ocrx_word' id='word_1_261' title='bbox 1172 3359 1379 3426; x_wconf 87' lang='lat' dir='ltr'>contendant.</span> <span class='ocrx_word' id='word_1_262' title='bbox 1434 3360 1517 3425; x_wconf 85' lang='lat' dir='ltr'>Tum</span> 
     </span>
     <span class='ocr_line' id='line_1_31' title="bbox 296 3453 1517 3550; baseline -0.001 -22"><span class='ocrx_word' id='word_1_263' title='bbox 296 3453 413 3528; x_wconf 51' lang='lat' dir='ltr'>leals</span> <span class='ocrx_word' id='word_1_264' title='bbox 393 3488 430 3548; x_wconf 91' lang='grc' dir='ltr'>ιι,</span> <span class='ocrx_word' id='word_1_265' title='bbox 458 3467 513 3550; x_wconf 89' lang='lat' dir='ltr'>qui</span> <span class='ocrx_word' id='word_1_266' title='bbox 543 3464 668 3549; x_wconf 86' lang='lat' dir='ltr'>cyclum</span> <span class='ocrx_word' id='word_1_267' title='bbox 694 3485 851 3529; x_wconf 88' lang='lat' dir='ltr'>annorum</span> <span class='ocrx_word' id='word_1_268' title='bbox 879 3462 1047 3528; x_wconf 87' lang='lat' dir='ltr'><strong>LXXXIV</strong></span> <span class='ocrx_word' id='word_1_269' title='bbox 1075 3463 1257 3545; x_wconf 86' lang='lat' dir='ltr'>ediderunt,</span> <span class='ocrx_word' id='word_1_270' title='bbox 1227 3460 1350 3526; x_wconf 89' lang='lat' dir='ltr'><strong>tXII</strong></span> <span class='ocrx_word' id='word_1_271' title='bbox 1377 3463 1517 3546; x_wconf 86' lang='lat' dir='ltr'>peractis</span> 
     </span>
     <span class='ocr_line' id='line_1_32' title="bbox 297 3517 1517 3653; baseline 0.002 -25"><span class='ocrx_word' id='word_1_272' title='bbox 297 3562 360 3628; x_wconf 74' lang='lat' dir='ltr'>aris</span> <span class='ocrx_word' id='word_1_273' title='bbox 373 3517 475 3632; x_wconf 76' lang='lat' dir='ltr'>lunhn</span> <span class='ocrx_word' id='word_1_274' title='bbox 497 3568 639 3653; x_wconf 82' lang='lat' dir='ltr'>unam⁴),</span> <span class='ocrx_word' id='word_1_275' title='bbox 662 3588 758 3651; x_wconf 87' lang='lat' dir='ltr'>quam</span> <span class='ocrx_word' id='word_1_276' title='bbox 772 3588 830 3650; x_wconf 88' lang='lat' dir='ltr'>per</span> <span class='ocrx_word' id='word_1_277' title='bbox 844 3565 928 3630; x_wconf 90' lang='lat' dir='ltr'>idem</span> <span class='ocrx_word' id='word_1_278' title='bbox 943 3569 1069 3650; x_wconf 88' lang='lat' dir='ltr'>tempus</span> <span class='ocrx_word' id='word_1_279' title='bbox 1085 3564 1181 3630; x_wconf 86' lang='lat' dir='ltr'>certis</span> <span class='ocrx_word' id='word_1_280' title='bbox 1196 3586 1304 3639; x_wconf 82' lang='lat' dir='ltr'>annua</span> <span class='ocrx_word' id='word_1_281' title='bbox 1318 3563 1517 3630; x_wconf 88' lang='lat' dir='ltr'>revolutione</span> 
     </span>
     <span class='ocr_line' id='line_1_33' title="bbox 298 3660 1517 3753; baseline -0.002 -19"><span class='ocrx_word' id='word_1_282' title='bbox 298 3660 397 3733; x_wconf 69' lang='grc' dir='ltr'><strong>1111ιῇ11</strong></span> <span class='ocrx_word' id='word_1_283' title='bbox 423 3673 570 3734; x_wconf 85' lang='lat' dir='ltr'>asserunt</span> <span class='ocrx_word' id='word_1_284' title='bbox 592 3668 772 3733; x_wconf 87' lang='lat' dir='ltr'>calculandi</span> <span class='ocrx_word' id='word_1_285' title='bbox 794 3667 866 3753; x_wconf 85' lang='lat' dir='ltr'>lege</span> <span class='ocrx_word' id='word_1_286' title='bbox 889 3688 1103 3750; x_wconf 88' lang='lat' dir='ltr'>succrescere,</span> <span class='ocrx_word' id='word_1_287' title='bbox 1133 3666 1348 3750; x_wconf 89' lang='lat' dir='ltr'>adjiciendam</span> <span class='ocrx_word' id='word_1_288' title='bbox 1370 3666 1517 3753; x_wconf 81' lang='lat' dir='ltr'>legitimo</span> 
     </span>
     <span class='ocr_line' id='line_1_34' title="bbox 299 3765 1515 3856; baseline 0.002 -24"><span class='ocrx_word' id='word_1_289' title='bbox 299 3768 369 3832; x_wconf 74' lang='lat' dir='ltr'>arni</span> <span class='ocrx_word' id='word_1_290' title='bbox 384 3793 445 3837; x_wconf 87' lang='lat' dir='ltr'>esse</span> <span class='ocrx_word' id='word_1_291' title='bbox 466 3771 681 3856; x_wconf 90' lang='lat' dir='ltr'>praecipiunt.</span> <span class='ocrx_word' id='word_1_292' title='bbox 727 3770 808 3834; x_wconf 89' lang='lat' dir='ltr'>Item</span> <span class='ocrx_word' id='word_1_293' title='bbox 831 3765 923 3852; x_wconf 87' lang='lat' dir='ltr'>surit,</span> <span class='ocrx_word' id='word_1_294' title='bbox 953 3769 1008 3853; x_wconf 89' lang='lat' dir='ltr'>qui</span> <span class='ocrx_word' id='word_1_295' title='bbox 1030 3768 1116 3833; x_wconf 92' lang='lat' dir='ltr'>hanc</span> <span class='ocrx_word' id='word_1_296' title='bbox 1138 3768 1282 3834; x_wconf 88' lang='lat' dir='ltr'>eamdem</span> <span class='ocrx_word' id='word_1_297' title='bbox 1304 3766 1366 3832; x_wconf 93' lang='lat' dir='ltr'><strong>XV</strong></span> <span class='ocrx_word' id='word_1_298' title='bbox 1389 3769 1515 3834; x_wconf 88' lang='lat' dir='ltr'>demum</span> 
     </span>
     <span class='ocr_line' id='line_1_35' title="bbox 299 3859 1518 3960; baseline -0.002 -22"><span class='ocrx_word' id='word_1_299' title='bbox 299 3859 425 3952; x_wconf 51' lang='lat' dir='ltr'>mente</span> <span class='ocrx_word' id='word_1_300' title='bbox 444 3895 533 3940; x_wconf 88' lang='lat' dir='ltr'>anno</span> <span class='ocrx_word' id='word_1_301' title='bbox 548 3874 658 3960; x_wconf 81' lang='lat' dir='ltr'>magis</span> <span class='ocrx_word' id='word_1_302' title='bbox 680 3872 884 3938; x_wconf 90' lang='lat' dir='ltr'>adnumerari</span> <span class='ocrx_word' id='word_1_303' title='bbox 906 3871 1109 3955; x_wconf 69' lang='lat' dir='ltr'>definiunt5).</span> <span class='ocrx_word' id='word_1_304' title='bbox 1154 3869 1253 3936; x_wconf 90' lang='lat' dir='ltr'>Porro</span> <span class='ocrx_word' id='word_1_305' title='bbox 1281 3870 1332 3955; x_wconf 92' lang='lat' dir='ltr'>hi,</span> <span class='ocrx_word' id='word_1_306' title='bbox 1362 3872 1416 3955; x_wconf 93' lang='lat' dir='ltr'>qui</span> <span class='ocrx_word' id='word_1_307' title='bbox 1443 3876 1518 3956; x_wconf 84' lang='lat' dir='ltr'>post</span> 
     </span>
    </p>
   </div>
   <div class='ocr_carea' id='block_1_3' title="bbox 296 4136 1514 4981">
    <p class='ocr_par' dir='ltr' id='par_1_6' title="bbox 344 4136 580 4202">
     <span class='ocr_line' id='line_1_36' title="bbox 344 4136 580 4202; baseline -0.009 0"><span class='ocrx_word' id='word_1_308' title='bbox 344 4136 358 4202; x_wconf 87' lang='lat'>¹)</span> <span class='ocrx_word' id='word_1_309' title='bbox 370 4142 403 4197; x_wconf 81' lang='grc'>11</span> <span class='ocrx_word' id='word_1_310' title='bbox 418 4151 477 4201; x_wconf 71' lang='lat' dir='ltr'>unse</span> <span class='ocrx_word' id='word_1_311' title='bbox 493 4145 580 4200; x_wconf 82' lang='lat' dir='ltr'>Buch.</span> 
     </span>
    </p>

    <p class='ocr_par' dir='ltr' id='par_1_7' title="bbox 343 4220 1338 4296">
     <span class='ocr_line' id='line_1_37' title="bbox 343 4220 1338 4296; baseline -0.003 -9"><span class='ocrx_word' id='word_1_312' title='bbox 343 4220 403 4287; x_wconf 71' lang='lat' dir='ltr'>lh</span> <span class='ocrx_word' id='word_1_313' title='bbox 417 4235 588 4287; x_wconf 66' lang='lat' dir='ltr'>mediatore,</span> <span class='ocrx_word' id='word_1_314' title='bbox 623 4229 677 4286; x_wconf 86' lang='lat' dir='ltr'>Per</span> <span class='ocrx_word' id='word_1_315' title='bbox 694 4235 749 4286; x_wconf 75' lang='lat' dir='ltr'>dies</span> <span class='ocrx_word' id='word_1_316' title='bbox 766 4228 812 4284; x_wconf 88' lang='lat' dir='ltr'>hic</span> <span class='ocrx_word' id='word_1_317' title='bbox 828 4229 967 4285; x_wconf 87' lang='lat' dir='ltr'>Victorius</span> <span class='ocrx_word' id='word_1_318' title='bbox 984 4227 1117 4296; x_wconf 71' lang='lat' dir='ltr'>iutelligIt</span> <span class='ocrx_word' id='word_1_319' title='bbox 1131 4234 1224 4296; x_wconf 71' lang='lat' dir='ltr'>ferias</span> <span class='ocrx_word' id='word_1_320' title='bbox 1253 4228 1338 4285; x_wconf 88' lang='lat' dir='ltr'>Buch.</span> 
     </span>
    </p>

    <p class='ocr_par' dir='ltr' id='par_1_8' title="bbox 343 4302 1195 4385">
     <span class='ocr_line' id='line_1_38' title="bbox 343 4302 1195 4385; baseline -0.005 -14"><span class='ocrx_word' id='word_1_321' title='bbox 343 4302 405 4371; x_wconf 73' lang='lat' dir='ltr'>lb.</span> <span class='ocrx_word' id='word_1_322' title='bbox 418 4321 533 4379; x_wconf 73' lang='grc' dir='ltr'>ιοιίιιιιε,</span> <span class='ocrx_word' id='word_1_323' title='bbox 551 4331 670 4385; x_wconf 86' lang='lat' dir='ltr'>moxque</span> <span class='ocrx_word' id='word_1_324' title='bbox 688 4321 808 4370; x_wconf 68' lang='lat' dir='ltr'>doncuria</span> <span class='ocrx_word' id='word_1_325' title='bbox 826 4315 898 4382; x_wconf 89' lang='lat' dir='ltr'>(loco</span> <span class='ocrx_word' id='word_1_326' title='bbox 916 4319 1093 4383; x_wconf 74' lang='grc' dir='ltr'>ἀιιιιιιιιιιιιίο)</span> <span class='ocrx_word' id='word_1_327' title='bbox 1111 4313 1195 4369; x_wconf 86' lang='lat' dir='ltr'>Buch.</span> 
     </span>
    </p>

    <p class='ocr_par' dir='ltr' id='par_1_9' title="bbox 297 4374 1514 4812">
     <span class='ocr_line' id='line_1_39' title="bbox 343 4374 1514 4470; baseline -0.007 -12"><span class='ocrx_word' id='word_1_328' title='bbox 343 4388 421 4458; x_wconf 77' lang='lat' dir='ltr'>lte.</span> <span class='ocrx_word' id='word_1_329' title='bbox 438 4399 513 4456; x_wconf 83' lang='lat' dir='ltr'>diem</span> <span class='ocrx_word' id='word_1_330' title='bbox 529 4417 614 4455; x_wconf 86' lang='lat' dir='ltr'>unam</span> <span class='ocrx_word' id='word_1_331' title='bbox 632 4401 720 4455; x_wconf 86' lang='lat' dir='ltr'>aetati</span> <span class='ocrx_word' id='word_1_332' title='bbox 735 4400 878 4469; x_wconf 83' lang='lat' dir='ltr'>lunaeper</span> <span class='ocrx_word' id='word_1_333' title='bbox 894 4407 984 4455; x_wconf 80' lang='grc' dir='ltr'>ιιιιιιιιι</span> <span class='ocrx_word' id='word_1_334' title='bbox 1001 4398 1195 4470; x_wconf 83' lang='lat' dir='ltr'>adjiciendam</span> <span class='ocrx_word' id='word_1_335' title='bbox 1221 4399 1314 4467; x_wconf 79' lang='lat' dir='ltr'>Atque</span> <span class='ocrx_word' id='word_1_336' title='bbox 1332 4399 1385 4453; x_wconf 89' lang='lat' dir='ltr'>hcc</span> <span class='ocrx_word' id='word_1_337' title='bbox 1402 4374 1514 4466; x_wconf 76' lang='lat' dir='ltr'>quidem</span> 
     </span>
     <span class='ocr_line' id='line_1_40' title="bbox 298 4469 1514 4556; baseline -0.004 -15"><span class='ocrx_word' id='word_1_338' title='bbox 298 4469 353 4526; x_wconf 48' lang='grc' dir='ltr'>’ἡ</span> <span class='ocrx_word' id='word_1_339' title='bbox 367 4480 462 4540; x_wconf 71' lang='lat' dir='ltr'>tonsu</span> <span class='ocrx_word' id='word_1_340' title='bbox 482 4491 632 4556; x_wconf 71' lang='lat' dir='ltr'>suppuratio</span> <span class='ocrx_word' id='word_1_341' title='bbox 655 4485 691 4540; x_wconf 86' lang='lat' dir='ltr'>ab</span> <span class='ocrx_word' id='word_1_342' title='bbox 714 4501 788 4540; x_wconf 87' lang='lat' dir='ltr'>anno</span> <span class='ocrx_word' id='word_1_343' title='bbox 806 4490 856 4540; x_wconf 76' lang='lat'>298</span> <span class='ocrx_word' id='word_1_344' title='bbox 878 4502 965 4554; x_wconf 88' lang='lat' dir='ltr'>usque</span> <span class='ocrx_word' id='word_1_345' title='bbox 988 4483 1024 4540; x_wconf 87' lang='lat' dir='ltr'>ad</span> <span class='ocrx_word' id='word_1_346' title='bbox 1047 4501 1150 4539; x_wconf 88' lang='lat' dir='ltr'>armum</span> <span class='ocrx_word' id='word_1_347' title='bbox 1167 4489 1216 4540; x_wconf 80' lang='grc'>981</span> <span class='ocrx_word' id='word_1_348' title='bbox 1244 4484 1391 4539; x_wconf 87' lang='lat' dir='ltr'>decurrens</span> <span class='ocrx_word' id='word_1_349' title='bbox 1414 4482 1514 4550; x_wconf 70' lang='lat' dir='ltr'>edent,</span> 
     </span>
     <span class='ocr_line' id='line_1_41' title="bbox 298 4567 1513 4640; baseline -0.001 -19"><span class='ocrx_word' id='word_1_350' title='bbox 298 4568 349 4621; x_wconf 65' lang='grc' dir='ltr'><em>Μ</em></span> <span class='ocrx_word' id='word_1_351' title='bbox 360 4576 428 4623; x_wconf 67' lang='lat' dir='ltr'>tonos</span> <span class='ocrx_word' id='word_1_352' title='bbox 443 4568 580 4625; x_wconf 84' lang='lat' dir='ltr'><strong>LXXXIV</strong></span> <span class='ocrx_word' id='word_1_353' title='bbox 597 4587 649 4640; x_wconf 87' lang='lat' dir='ltr'>per</span> <span class='ocrx_word' id='word_1_354' title='bbox 666 4571 774 4640; x_wconf 87' lang='lat' dir='ltr'>septem</span> <span class='ocrx_word' id='word_1_355' title='bbox 792 4569 983 4625; x_wconf 78' lang='lat' dir='ltr'>duodecennis</span> <span class='ocrx_word' id='word_1_356' title='bbox 1001 4569 1150 4624; x_wconf 85' lang='lat' dir='ltr'>distribuit.</span> <span class='ocrx_word' id='word_1_357' title='bbox 1184 4567 1261 4624; x_wconf 80' lang='lat' dir='ltr'>Conl.</span> <span class='ocrx_word' id='word_1_358' title='bbox 1281 4585 1335 4623; x_wconf 91' lang='lat' dir='ltr'>van</span> <span class='ocrx_word' id='word_1_359' title='bbox 1353 4568 1403 4622; x_wconf 90' lang='lat' dir='ltr'>der</span> <span class='ocrx_word' id='word_1_360' title='bbox 1414 4567 1513 4635; x_wconf 82' lang='lat' dir='ltr'>Hagen</span> 
     </span>
     <span class='ocr_line' id='line_1_42' title="bbox 297 4634 1513 4726; baseline -0.004 -15"><span class='ocrx_word' id='word_1_361' title='bbox 297 4634 474 4726; x_wconf 63' lang='lat' dir='ltr'>olUllhovp</span> <span class='ocrx_word' id='word_1_362' title='bbox 492 4655 586 4711; x_wconf 78' lang='lat' dir='ltr'>chron</span> <span class='ocrx_word' id='word_1_363' title='bbox 606 4673 633 4725; x_wconf 89' lang='lat' dir='ltr'>p.</span> <span class='ocrx_word' id='word_1_364' title='bbox 645 4661 754 4722; x_wconf 65' lang='lat' dir='ltr'>alosa,</span> <span class='ocrx_word' id='word_1_365' title='bbox 783 4655 874 4710; x_wconf 90' lang='lat' dir='ltr'>Ideler</span> <span class='ocrx_word' id='word_1_366' title='bbox 895 4654 1052 4710; x_wconf 87' lang='lat' dir='ltr'>Handbuch</span> <span class='ocrx_word' id='word_1_367' title='bbox 1074 4655 1123 4710; x_wconf 91' lang='lat' dir='ltr'>der</span> <span class='ocrx_word' id='word_1_368' title='bbox 1141 4652 1327 4721; x_wconf 82' lang='lat' dir='ltr'>Chronologie</span> <span class='ocrx_word' id='word_1_369' title='bbox 1345 4653 1379 4719; x_wconf 88' lang='lat' dir='ltr'>Il,</span> <span class='ocrx_word' id='word_1_370' title='bbox 1391 4658 1449 4719; x_wconf 78' lang='grc'><strong>949,</strong></span> <span class='ocrx_word' id='word_1_371' title='bbox 1479 4651 1513 4706; x_wconf 91' lang='lat' dir='ltr'>de</span> 
     </span>
     <span class='ocr_line' id='line_1_43' title="bbox 298 4720 989 4812; baseline 0.003 -19"><span class='ocrx_word' id='word_1_372' title='bbox 298 4720 472 4810; x_wconf 48' lang='lat' dir='ltr'>&amp;harpa</span> <span class='ocrx_word' id='word_1_373' title='bbox 491 4739 591 4796; x_wconf 75' lang='lat' dir='ltr'>Christ.</span> <span class='ocrx_word' id='word_1_374' title='bbox 611 4740 720 4811; x_wconf 79' lang='lat' dir='ltr'>Proleg</span> <span class='ocrx_word' id='word_1_375' title='bbox 739 4759 804 4812; x_wconf 82' lang='lat' dir='ltr'>pag.</span> <span class='ocrx_word' id='word_1_376' title='bbox 818 4740 943 4795; x_wconf 86' lang='lat' dir='ltr'><strong>LXXXII</strong></span> <span class='ocrx_word' id='word_1_377' title='bbox 955 4759 989 4795; x_wconf 84' lang='grc' dir='ltr'>ιι</span> 
     </span>
    </p>

    <p class='ocr_par' dir='ltr' id='par_1_10' title="bbox 296 4815 1514 4981">
     <span class='ocr_line' id='line_1_44' title="bbox 344 4815 1514 4897; baseline -0.003 -16.977"><span class='ocrx_word' id='word_1_378' title='bbox 344 4815 359 4880; x_wconf 85' lang='lat' dir='ltr'>J</span> <span class='ocrx_word' id='word_1_379' title='bbox 372 4818 405 4877; x_wconf 77' lang='lat' dir='ltr'>lla</span> <span class='ocrx_word' id='word_1_380' title='bbox 414 4825 528 4897; x_wconf 77' lang='lat' dir='ltr'>Prosper</span> <span class='ocrx_word' id='word_1_381' title='bbox 539 4826 731 4896; x_wconf 83' lang='lat' dir='ltr'>Aquitanas</span> <span class='ocrx_word' id='word_1_382' title='bbox 708 4844 782 4881; x_wconf 72' lang='lat' dir='ltr'>circa</span> <span class='ocrx_word' id='word_1_383' title='bbox 794 4843 897 4881; x_wconf 87' lang='lat' dir='ltr'>annum</span> <span class='ocrx_word' id='word_1_384' title='bbox 908 4832 960 4882; x_wconf 71' lang='lat' dir='ltr'>lac</span> <span class='ocrx_word' id='word_1_385' title='bbox 977 4831 1157 4882; x_wconf 75' lang='grc' dir='ltr'>Ηοιιιιιιιιιιιιι</span> <span class='ocrx_word' id='word_1_386' title='bbox 1128 4845 1239 4894; x_wconf 77' lang='grc' dir='ltr'>ιιιιιιρρ</span> <span class='ocrx_word' id='word_1_387' title='bbox 1196 4836 1239 4879; x_wconf 85' lang='grc' dir='ltr'>ιιιιι</span> <span class='ocrx_word' id='word_1_388' title='bbox 1240 4831 1330 4879; x_wconf 78' lang='lat' dir='ltr'>cionem</span> <span class='ocrx_word' id='word_1_389' title='bbox 1348 4821 1514 4889; x_wconf 82' lang='lat' dir='ltr'>emendavit,</span> 
     </span>
     <span class='ocr_line' id='line_1_45' title="bbox 296 4896 1512 4981; baseline -0.008 -11"><span class='ocrx_word' id='word_1_390' title='bbox 296 4896 331 4962; x_wconf 70' lang='lat' dir='ltr'>‘Ill</span> <span class='ocrx_word' id='word_1_391' title='bbox 344 4905 423 4969; x_wconf 73' lang='lat' dir='ltr'>aum</span> <span class='ocrx_word' id='word_1_392' title='bbox 439 4911 573 4966; x_wconf 82' lang='lat' dir='ltr'><strong>LXXXIV</strong></span> <span class='ocrx_word' id='word_1_393' title='bbox 591 4928 727 4967; x_wconf 88' lang='lat' dir='ltr'>annorum</span> <span class='ocrx_word' id='word_1_394' title='bbox 744 4912 773 4966; x_wconf 90' lang='lat' dir='ltr'>in</span> <span class='ocrx_word' id='word_1_395' title='bbox 791 4930 838 4968; x_wconf 81' lang='lat' dir='ltr'>sex</span> <span class='ocrx_word' id='word_1_396' title='bbox 856 4911 1069 4981; x_wconf 88' lang='lat' dir='ltr'>quatuordeeim</span> <span class='ocrx_word' id='word_1_397' title='bbox 1087 4926 1223 4966; x_wconf 87' lang='lat' dir='ltr'>annorum</span> <span class='ocrx_word' id='word_1_398' title='bbox 1240 4906 1389 4964; x_wconf 87' lang='lat' dir='ltr'>laterculos</span> <span class='ocrx_word' id='word_1_399' title='bbox 1406 4906 1512 4974; x_wconf 83' lang='lat' dir='ltr'>divisit;</span> 
     </span>
    </p>
   </div>
   <div class='ocr_carea' id='block_1_4' title="bbox 1267 4999 1312 5059">
    <p class='ocr_par' dir='ltr' id='par_1_11' title="bbox 1267 4999 1312 5059">
     <span class='ocr_line' id='line_1_46' title="bbox 1267 4999 1312 5059; baseline 0 -21"><span class='ocrx_word' id='word_1_400' title='bbox 1267 4999 1312 5059; x_wconf 60' lang='lat'>9*</span> 
     </span>
    </p>
   </div>
   <div class='ocr_carea' id='block_1_5' title="bbox 0 0 1710 5664">
    <p class='ocr_par' dir='ltr' id='par_1_12' title="bbox 0 0 1710 5664">
     <span class='ocr_line' id='line_1_47' title="bbox 0 0 1710 5664; baseline 0 0"><span class='ocrx_word' id='word_1_401' title='bbox 0 0 1710 5664; x_wconf 95' lang='lat' dir='ltr'> </span> 
     </span>
    </p>
   </div>
  </div>
 </body>
</html>
