3450 5678
677 340 846 389 EPISTOLA
870 331 921 388 30.
1370 327 1434 391 445
1465 340 1467 343 ’

163 495 329 560 deratione
355 495 496 577 laxetur,
525 494 782 577 remittendaque
804 493 929 576 punitio
951 493 1004 578 sit,
1027 514 1109 577 quae
1130 515 1197 558 non
1219 493 1318 557 habet
1344 496 1534 561 ultrauess.

163 620 226 683 quo
248 600 382 662 crescat.
414 580 496 671 Quia
517 617 616 679 quum
631 594 713 658 nulli
735 594 862 658 animae
877 594 965 658 Deus
980 596 1183 680 omnipotens
1200 598 1233 659 et
1253 583 1434 661 misericors

163 721 222 783 per
242 698 493 763 ecclesiasticam
520 697 674 780 pietatem
703 697 868 779 quaerenti
897 696 1038 760 noluerit
1065 698 1240 761 remedium
1268 697 1431 782 denegari,

162 823 229 865 non
252 799 385 864 dubium
407 802 466 882 est,
489 797 551 862 hoc
572 800 642 883 ipso
665 801 794 861 auctore
816 797 885 861 Deo
907 802 940 862 et
961 799 1071 862 rlivins
1094 801 1340 882 compunctione
1362 821 1432 885 pro-

162 903 241 984 dire,
266 904 303 965 ut
322 903 402 965 tunc
423 901 462 965 de
485 900 554 984 ejus
569 901 752 983 receptione
766 903 935 982 tractetur,
959 900 1086 985 quando
1109 922 1146 963 ea
1161 922 1227 963 non
1242 901 1433 985 protelanda

162 1025 289 1088 quoque
310 1002 486 1066 necessitas
510 1001 680 1085 compellat
701 1002 854 1085 impendi.

249 1104 300 1168 12.
344 1103 464 1168 Nostro
485 1107 651 1186 praeterea
679 1101 844 1168 Salvatore
871 1103 966 1167 besto
989 1103 1084 1166 Petro
1111 1105 1255 1187 apostolo
1284 1127 1361 1189 prae
1384 1127 1432 1169 ee·

161 1207 241 1270 teris
270 1205 456 1290 delegante:
488 1210 689 1284 Quaecunque
715 1212 860 1283 licaveris
887 1217 1130 1289 superterram,
1161 1218 1251 1270 nunt
1276 1213 1374 1285 lipara
1401 1179 1544 1308 ruffilli&

159 1315 264 1387 coela,
288 1320 318 1371 es
340 1328 541 1387 quaeeunque
560 1313 684 1372 colueris
709 1328 801 1385 super
827 1320 952 1386 turam,
982 1320 1071 1373 erunt
1091 1315 1190 1372 soluta
1218 1320 1248 1372 et
1270 1317 1301 1371 in
1322 1315 1431 1381 coelis,⁸
1485 1297 1491 1319 '
1533 1298 1537 1307 ’

161 1410 248 1473 sicut
275 1412 308 1473 et
329 1408 381 1472 his
408 1409 513 1472 verbis
535 1407 618 1472 nihil
641 1410 767 1471 constat
789 1411 968 1492 exceptum,
1001 1409 1047 1472 sic
1068 1431 1126 1493 per
1155 1410 1348 1493 apostolicae
1370 1409 1432 1473 dis-

162 1510 363 1595 pensationis
385 1510 526 1574 officium
554 1513 587 1573 et
613 1513 717 1586 totum
744 1511 846 1593 possit
874 1510 1069 1593 generaliter
1096 1511 1238 1594 alligari,
1269 1515 1302 1575 et
1329 1512 1432 1593 toturn

162 1615 397 1697 cousequenter
418 1596 554 1675 absolvit
576 1611 747 1695 praecipue
762 1633 859 1695 quum
874 1633 913 1674 ex
934 1611 995 1675 hoc
1010 1612 1115 1696 magis
1137 1612 1283 1695 praeberi
1307 1614 1432 1678 cunctis

161 1717 312 1799 oporteat
334 1713 528 1797 apostolicae
550 1712 765 1776 miserationis
787 1713 978 1797 exemplum,
1002 1717 1038 1775 ut
1051 1713 1251 1778 absolutione
1273 1714 1429 1798 damnati,

161 1817 190 1880 si
213 1815 405 1900 resipiscant
426 1815 567 1878 universi
595 1817 628 1877 et
656 1815 696 1877 ab
723 1836 829 1878 errore
860 1837 893 1877 se
921 1815 1102 1879 retrahant⁴
1116 1818 1210 1898 atque
1240 1816 1279 1879 ad
1307 1819 1432 1900 aposto-

161 1919 245 1982 licae
267 1917 499 1982 communionis
521 1917 680 1979 sinceram
702 1916 836 1980 redeant
858 1917 1016 1980 unitatem
1024 1919 1076 2002 ³⁵),
1100 1917 1236 1981 vinculis
1252 1940 1286 1980 se
1302 1918 1431 1982 damna-

160 2018 260 2083 tionis
281 2019 379 2102 illius,
408 2040 504 2104 quam
531 2017 756 2081 universaliter
783 2019 898 2082 merito
925 2019 1197 2102 praevaricatores
1225 2023 1430 2104 exceperant,

160 2143 229 2185 non
250 2121 420 2206 ambigant
441 2120 611 2184 exuendos.
640 2118 752 2203 Neque
775 2120 861 2183 enim
875 2120 930 2204 qui
945 2120 1042 2205 longe
1063 2120 1184 2204 positos
1207 2121 1247 2184 ad
1269 2123 1432 2207 integram

162 2222 258 2288 tidem
291 2243 402 2288 curare
434 2223 584 2304 nitimur,
620 2224 816 2286 revertentes
844 2222 879 2287 in
906 2223 1069 2307 praesenti
1097 2222 1256 2306 supplices
1289 2224 1431 2288 refutare
1457 2277 1460 2281 .

162 2325 324 2389 debemus.
369 2323 433 2389 Ubi
456 2323 591 2388 sollicite
613 2324 950 2408 praecavendumest,
973 2346 1015 2388 ne
1031 2324 1245 2389 conscientiae
1261 2324 1431 2389 detrimen-

160 2430 244 2509 tum,
267 2429 425 2512 negantes
447 2448 547 2511 usque
574 2426 663 2512 adil)
693 2430 870 2490 extremum
897 2428 1043 2509 poscenti
1064 2426 1324 2510 misericordiam,
1348 2428 1434 2511 quod

161 2528 258 2612 absit,
280 2527 443 2593 ullatenus
464 2529 661 2611 incidamus,
679 2518 906 2612 *censuraeque
935 2529 1088 2592 severitas
1116 2529 1214 2591 etiam
1242 2530 1327 2593 circa
1358 2551 1431 2613 sup·

160 2630 262 2714 plicas
285 2629 355 2694 sine
376 2631 441 2695 fine
462 2631 638 2714 persistens
660 2633 806 2694 transeat
827 2632 862 2695 in
883 2634 1018 2695 reatum.

249 2734 298 2797 13.
333 2731 472 2796 Proinde
494 2736 651 2816 quantum
673 2733 880 2815 permittente
888 2735 929 2819 ³7)
963 2733 1102 2797 Domino
1124 2732 1346 2815 possibilitatis
1373 2731 1430 2795 hu-

161 2855 289 2916 manae,
305 2833 502 2897 desideranti
518 2833 658 2897 remedia
673 2834 893 2917 praebeamus,
916 2839 1020 2898 toturn
1028 2835 1067 2917 38)
1090 2834 1174 2917 quod
1189 2855 1285 2916 supra
1299 2837 1429 2897 nostrae

438 3009 467 3016 -ι

159 3104 321 3174 negandmn
343 3121 400 3160 non
423 3106 477 3170 est,
504 3104 539 3158 de
561 3102 608 3170 iis,
631 3104 678 3172 qui
696 3104 858 3173 desperatos
881 3104 910 3157 in
932 3105 1044 3159 morbos
1066 3103 1232 3169 inciderent,
1254 3103 1306 3156 hoc
1327 3103 1427 3157 caveri.

159 3189 218 3245 Sed
235 3189 330 3245 variae
347 3188 412 3244 illae
430 3188 561 3255 rationes,
579 3205 649 3255 quas
667 3188 852 3257 undequaque
866 3188 989 3242 Galaaius
1006 3191 1085 3242 tauto
1103 3188 1194 3242 studio
1207 3187 1355 3256 quaeritat,
1374 3202 1429 3254 quo

160 3274 299 3328 Misenum
320 3274 419 3328 illaesa
441 3273 593 3328 decessoris
611 3273 653 3326 sui
671 3273 809 3327 sententia
826 3273 970 3327 absolvere
988 3291 1017 3328 se
1035 3291 1117 3344 posse
1134 3275 1247 3343 probet,
1266 3275 1372 3341 quanta
1389 3290 1430 3327 re·

160 3359 266 3427 ligione
284 3359 424 3428 maiorum
441 3357 559 3412 decretis
576 3357 747 3412 haerendum
766 3358 814 3426 sit,
833 3358 1033 3413 demonstrant.
1401 3426 1404 3433 Ι

229 3446 263 3512 ⁸⁵)
281 3445 316 3498 G'
330 3447 356 3498 a¹
375 3450 511 3514 puritatem
517 3465 527 3504 ,-
550 3445 578 3498 et
596 3460 661 3496 mox
678 3450 766 3499 merito
783 3449 1013 3512 praevaricatorie,
1038 3443 1085 3497 ubi
1103 3460 1158 3497 non
1177 3443 1336 3513 displiceret
1351 3463 1428 3513 pree·

159 3535 334 3584 emuniens.
556 3589 557 3595 ἵ

230 3616 263 3683 ³⁸)
281 3614 428 3683 bc⁷seqq.
448 3619 485 3667 ad
501 3626 638 3668 extrenum
656 3620 757 3682 peccati
773 3620 903 3668 materiam
926 3613 1025 3682 (Vatis.
1045 3612 1137 3667 doust.
1157 3619 1273 3682 poscenti
1289 3616 1429 3681 nuteriam)

215 3706 357 3752 nullalenus
373 3703 521 3760 incidamus,
539 3698 577 3751 Nl
595 3704 631 3752 nd
647 3709 787 3752 extremum
805 3707 910 3768 peccati
930 3700 1062 3753 matutam
1083 3705 1134 3751 ullu
1155 3703 1302 3754 incidamus.
1338 3697 1430 3753 Since·

161 3782 219 3835 rior
243 3789 285 3834 est
301 3781 385 3835 lectio
404 3781 440 3837 G·
453 3782 486 3846 Ω·
500 3785 536 3836 a¹.
574 3782 629 3835 Sed
646 3781 745 3836 melior
767 3785 810 3837 est
832 3783 932 3837 deinde
953 3784 1023 3836 haec
1044 3782 1081 3835 Ν(ἰ
1104 3803 1276 3853 censuraeque
1298 3789 1429 3845 severitus,

162 3882 248 3933 quam
265 3865 341 3934 quod
357 3864 386 3919 in
401 3858 554 3935 praedictis
573 3884 634 3921 mss.
655 3885 688 3920 ac
705 3867 825 3936 vulgatis
843 3888 1015 3937 cenarumque
1032 3877 1127 3921 uersas
1145 3867 1229 3936 (vulg.
1248 3870 1383 3935 uenturis).

228 3953 262 4019 ⁸⁷)
281 3949 316 4004 (³¹
329 3953 371 4016 a¹;
390 3951 447 4006 bc⁷
459 3968 536 4020 seqq.
555 3963 742 4020 praemonente,
770 3969 889 4020 moxque
903 3956 929 4007 c'
946 3951 1025 4006 addit
1043 3963 1081 4006 ese
1099 3954 1175 4021 (post
1191 3955 1333 4022 kwnnnne),
1355 3952 1430 4021 quod

161 4035 258 4104 utique
275 4035 448 4090 subauditur.

230 4123 263 4189 ³⁰)
281 4120 384 4175 Totum
401 4120 475 4175 hunc
492 4120 582 4174 locum
601 4138 687 4189 usque
709 4122 746 4175 ad
767 4122 854 4176 verba
876 4128 928 4175 altu
946 4127 1120 4190 defunctorum
1138 4121 1257 4192 Vigilius
1275 4141 1350 4194 papa
1368 4142 1430 4178 con·

160 4206 260 4259 stituto
276 4221 326 4259 suo
345 4208 381 4273 (a.
395 4208 455 4274 553)
474 4204 553 4275 epist.
567 4212 600 4259 24
617 4224 642 4260 u.
660 4213 706 4259 125
725 4206 847 4260 inseruit
875 4206 952 4260 Haec
970 4207 1067 4261 eadem
1080 4207 1270 4277 perstringens
1283 4208 1429 4263 Facundus
1496 4229 1498 4233 ·

160 4289 303 4344 Hermian.
323 4291 421 4344 contra
438 4289 596 4344 Mocianum
613 4290 874 4360 interpretationem
898 4290 936 4343 eis
954 4291 1085 4360 adjungit
1102 4309 1119 4346 a
1137 4291 1241 4346 Gelasii
1261 4293 1355 4346 mente
1372 4306 1428 4345 non

159 4373 229 4428 salis
252 4377 426 4441 accuratam,
448 4373 498 4428 ubi
520 4374 618 4428 habet:
655 4379 691 4428 Et
713 4383 856 4443 apostolica
878 4382 976 4446 quidem
997 4383 1071 4431 cedes
1092 4396 1142 4446 per
1157 4381 1187 4434 ab.
1208 4382 1333 4431 Gelasium
1354 4380 1454 4443 nesae·

153 4464 270 4526 judicas,
285 4470 467 4527 postmortem
485 4465 653 4514 condemnare
671 4466 809 4529 quempiam
827 4466 852 4514 in
864 4464 997 4516 Ecclesiae
1014 4481 1080 4530 paee
1098 4466 1248 4529 defunctum,
1267 4482 1338 4530 quum
1351 4466 1424 4514 dicit:

158 4547 254 4608 „Quod
267 4563 348 4613 super
365 4556 469 4600 noeane
484 4548 617 4611 fundentis
635 4554 674 4597 est
691 4551 820 4607 modulum,
844 4550 928 4600 diuino
946 4551 1048 4613 judicio
1065 4552 1262 4616 reb'nquanus.“
1298 4544 1370 4598 Nam
1382 4543 1428 4598 Vi-

159 4627 238 4694 talis‚
264 4629 302 4683 ad
324 4644 407 4697 quem
428 4628 548 4683 mamma
571 4626 696 4697 respicit,
725 4627 754 4681 in
772 4628 911 4684 Ecclesiae
932 4647 1002 4700 pace
1023 4630 1137 4685 minime
1160 4631 1305 4684 defirnctus
1326 4629 1426 4684 fuerat.

159 4714 338 4782 Quamquam
355 4713 494 4783 generalis
512 4712 616 4767 Gelasii
633 4713 772 4767 sententia
790 4713 844 4767 dici
860 4717 962 4785 potest,
982 4717 1117 4785 quatenus
1131 4701 1350 4779 Christi‘verbis
1368 4711 1428 4782 qui⁴

159 4799 213 4852 bus
229 4799 341 4852 tantmn
358 4799 565 4868 superterram
582 4797 688 4867 ligandi
705 4799 737 4852 lit
753 4800 888 4868 potestas,
911 4798 1016 4868 nititur,
1039 4801 1113 4870 quod
1132 4818 1165 4855 ex
1183 4799 1242 4869 ejus
1259 4797 1353 4854 verbis
1371 4797 1427 4868 epi·

157 4882 234 4937 stola
252 4889 283 4938 18
301 4889 357 4938 nt
375 4883 538 4939 confirmare
555 4883 628 4939 licet.
