3412 5664
316 1098 576 1197 INDEX
630 1098 1096 1201 GENEHALIS.

520 1506 707 1572 Praelatio
729 1505 892 1572 editoris.
1265 1604 1308 1646 ns

75 1662 136 1722 51.
160 1655 202 1710 Dc
220 1656 309 1711 causis
328 1659 357 1711 et
375 1656 482 1727 origine
500 1658 582 1727 hujus
604 1675 693 1715 novae
716 1657 847 1713 editionis
869 1657 1050 1729 epistolarum
1070 1659 1205 1715 Romano·

226 1759 286 1794 rum
304 1739 466 1811 pontificum
486 1785 1200 1798 ...............
1315 1744 1341 1800 V

74 1829 97 1889 5.
110 1831 135 1878 2.
158 1826 200 1879 De
217 1825 356 1896 prioribus
374 1827 473 1881 harum
484 1828 667 1897 epistolarum
681 1828 858 1895 editionibus,
876 1845 949 1898 quae
959 1828 1114 1883 Constantii
1127 1845 1206 1884 curas

224 1913 394 1980 exceperunt
432 1953 1199 1969 ................
1289 1913 1341 1969 Vll

72 2000 96 2058 5.
111 2002 134 2050 3.
158 1995 325 2065 Prospectus
341 1996 425 2065 hujus
443 2013 531 2052 novae
550 1997 687 2053 editionis.
716 1996 860 2063 Quomodo
873 1997 1027 2052 coustantii
1041 1999 1070 2052 et
1081 1998 1206 2052 Durandi

224 2080 265 2135 ibi
282 2080 374 2135 studia
387 2097 518 2136 connexa.
552 2082 693 2153 Principia
705 2082 809 2149 critica,
827 2099 899 2153 quae
916 2083 945 2136 in
963 2082 1062 2138 eadem
1080 2081 1207 2136 adhibila
1277 2083 1341 2137 XIV

72 2168 96 2228 5.
110 2170 134 2217 4.
158 2165 254 2219 Brevis
273 2166 397 2220 recensio
416 2167 553 2234 coelicum,
572 2166 619 2236 qui
637 2167 667 2221 in
684 2167 737 2222 hac
755 2167 876 2222 editione
894 2167 1014 2222 adhibiti
1030 2170 1095 2223 sunt
1143 2209 1149 2221 .
1193 2209 1200 2221 .
1265 2167 1340 2221 XVII

72 2254 96 2313 ξ.
110 2255 134 2303 ὁ.
159 2249 267 2304 Tabula
284 2250 409 2305 codicum
427 2250 616 2306 adhibitorum
635 2268 785 2320 eorumque
804 2251 936 2322 siglorum
993 2292 1201 2307 .....
1240 2252 1340 2306 XXXV
1390 2313 1392 2318 ¹

554 2469 690 2591 lionita
711 2524 857 2607 praevia

396 2648 428 2706 in
450 2648 593 2723 epistolas
615 2649 819 2708 Romanorum
840 2648 1021 2708 Pontificum

225 2759 344 2843 Hilari,
375 2760 546 2846 Simplicii,
575 2761 761 2845 deliciari,
791 2762 928 2837 Gelani,
951 2762 1116 2827 Anastasii
1138 2761 1187 2845 ll,

489 2864 692 2948 Symmachi,
716 2863 917 2928 Hormisdae.

70 2995 178 3051 Monita
194 2996 310 3066 praevia
326 2996 355 3051 in
372 2996 463 3052 Hilari
480 2998 612 3069 epistolas
635 3040 1249 3054 .............
1326 3010 1336 3053 1

69 3080 178 3151 Manita
194 3081 310 3151 praevia
326 3081 355 3136 in
373 3081 508 3153 Simplicii
526 3082 659 3153 epistolas
686 3124 1250 3139 ............
1323 3091 1340 3137 6

68 3165 178 3220 lllonita
194 3166 310 3236 praevia
326 3167 355 3220 in
372 3166 471 3223 Felicis
484 3168 509 3221 ll
528 3168 661 3238 epistolas
684 3209 1250 3223 ............
1323 3176 1339 3223 9

68 3250 178 3305 Monita
194 3251 310 3320 praevia
326 3250 355 3305 in
373 3250 477 3307 Gelasii
495 3252 628 3324 epistolas
687 3293 1250 3308 ............
1307 3259 1339 3308 21

67 3334 178 3390 Monita
194 3336 310 3405 praevia
326 3335 355 3390 in
372 3337 510 3393 anastasii
527 3339 552 3391 Π
571 3338 702 3409 epistolas
736 3379 1250 3392 ...........
1306 3342 1340 3393 82

66 3421 177 3476 Monita
194 3422 310 3491 praevia
325 3421 355 3475 in
374 3422 533 3491 Symmachi
551 3422 684 3492 epistolas
735 3463 1249 3475 ...........
1306 3425 1340 3475 86

66 3505 178 3561 Manita
194 3507 310 3576 praevia
326 3506 355 3560 in
373 3507 537 3563 Honnisdae
556 3508 688 3579 epistolas
736 3548 1251 3560 ...........
1293 3512 1341 3561 104

452 3780 619 3846 'Portus
647 3780 963 3863 llpistolarum.

559 3934 591 3997 S.
616 3932 748 3997 Hilarus
770 3956 856 4018 papa

60 4103 77 4144 f
99 4103 104 4109 Ι
380 4034 417 4101 (d.
440 4041 471 4088 ia
484 4034 552 4088 Nov.
572 4052 598 4089 a.
611 4041 657 4088 161
730 4035 756 4088 d.
776 4042 807 4088 21
825 4035 904 4089 Febr.
925 4051 949 4088 a.
963 4038 1034 4103 4118).

72 4109 139 4157 41151.

155 4167 181 4221 S.
201 4168 290 4223 Hilari
306 4186 398 4239 papae
417 4170 475 4224 vita
531 4211 1250 4226 ...............
1293 4176 1339 4225 126

100 4263 127 4308 1.
155 4252 243 4307 Hilari
262 4253 369 4308 diaconi
388 4255 426 4308 ad
443 4254 618 4309 l'ulclreriam
636 4256 799 4324 Augustam.
837 4257 1030 4324 ,,Σπουδη’ν“.
1062 4262 1219 4320 „Srariaca··.
1244 4298 1250 4309 .
1293 4263 1339 4310 127

95 4346 126 4393 2.
155 4337 244 4392 Hilari
262 4339 450 4394 archidiaconi
467 4338 505 4393 ad
523 4338 684 4393 Victoriam.
721 4342 816 4405 „Quum
832 4347 982 4409 pleraquc¹·.
1041 4382 1249 4395 .....
1290 4347 1340 4395 130

94 4434 125 4479 3.
153 4423 270 4478 Victorii
288 4424 325 4478 ad
342 4423 469 4478 Hilarum
487 4423 720 4478 archidiaconum.
756 4429 897 4488 „Urr'nun‘¹
900 4466 1249 4480 ........
1292 4432 1340 4480 130

91 4516 124 4564 4.
154 4507 245 4562 Hilari
261 4525 353 4579 papae
371 4508 407 4562 ad
425 4507 572 4563 Leontium
590 4507 751 4578 episcopum
768 4509 967 4564 Arelatensem.
1002 4516 1198 4575 ..Qurzntum·‘..
1243 4552 1249 4563 .
1292 4515 1338 4565 137

92 4602 124 4651 5.
152 4593 262 4649 Leontii
279 4593 403 4664 episcopi
420 4592 591 4648 Arelatensis
609 4594 646 4647 ad
664 4594 798 4649 Hilarum.
836 4601 929 4662 „Qum
945 4599 1082 4652 Leonem··.
1142 4637 1148 4648 .
1192 4637 1207 4669 ,¹
1243 4637 1249 4648 .
1292 4600 1339 4648 138

89 4687 123 4736 6.
152 4677 242 4732 Hilari
258 4696 350 4749 papae
368 4678 405 4732 ad
423 4678 569 4734 Leontium
586 4678 788 4733 Arelatensem.
824 4684 979 4735 ..dilectioni
995 4690 1082 4733 nreee·⁴
1142 4722 1148 4733 .
1193 4722 1198 4732 .
1244 4722 1248 4732 .
1292 4684 1339 4733 139

88 4771 121 4821 ’1.
152 4762 216 4832 Ejd.
235 4764 270 4818 ad
290 4763 435 4818 Leontium
453 4763 655 4818 Arelatensem.
690 4768 854 4825 ..lliramm·¹‘
857 4804 1248 4818 .........
1290 4768 1339 4817 140

85 4860 120 4909 8.
150 4847 214 4919 iijd.
232 4849 269 4903 ad
286 4847 432 4918 episcopos
449 4848 619 4904 diversarum
636 4848 842 4918 provinciarum
861 4847 976 4903 Galliae.
1012 4853 1210 4919 ,‚Quanqrram··.
1242 4890 1248 4902 .
1291 4853 1336 4901 141
