3412 5664
519 338 719 389 neisronan
741 330 781 388 43
804 341 849 388 er
871 339 1095 388 uuaouuurs.
1400 325 1442 391 59

221 504 371 579 opptimus,
403 503 548 576 episcopos
574 501 667 576 Syriae
697 501 831 576 synodum
863 500 1001 565 hahuisse,
1033 501 1124 577 ibique
1152 511 1263 559 cunctos
1290 503 1441 560 haereticos

219 592 322 647 lnam
335 594 363 644 et
376 589 515 661 recepisse
530 586 665 662 synodum
680 587 925 645 Calchedonemem
941 597 968 645 et
984 595 1087 644 tomum
1102 587 1200 644 Leonis
1215 604 1307 662 papae.
1341 588 1441 644 Saltem

218 676 248 734 ue
257 691 391 732 mnenon
402 673 609 731 monachornm
622 677 753 748 eprepins
763 676 937 746 manipnlos,
956 674 1002 746 qui
1013 672 1145 744 ejusmodi
1157 672 1367 748 significationes
1379 672 1441 729 fidei

217 776 259 816 nte
269 758 294 814 sd
306 757 397 815 Mem
409 758 585 833 apostolicam
600 758 708 821 detulit,
724 760 832 815 nomine
847 757 920 815 illius
935 759 1032 832 synodi
1046 759 1154 815 locutus
1166 775 1226 814 csse
1238 768 1265 814 et
1276 758 1346 814 idem
1359 758 1442 814 fuisse

216 844 300 906 mter.
319 859 367 917 per
388 859 469 917 quem
491 843 587 900 deinde
607 846 720 902 libellus
735 861 749 898 a
763 843 870 917 synodo
885 847 988 900 missus
1003 844 1109 900 dieitur.
1140 840 1279 900 Praeterea
1293 845 1442 900 lohannes

215 927 339 1002 sidetem
352 929 562 1002 dliipentissimi
570 929 687 1001 fratres
702 928 734 985 ab
749 930 843 986 iisdem
859 930 993 1003 episcopis
1008 931 1145 986 venientes
1161 929 1252 985 eadem
1275 928 1331 984 lere
1352 938 1442 985 orete-

214 1031 247 1071 ιι
258 1011 365 1090 pontifici
380 1015 556 1070 henderunt:
572 1014 676 1071 scilieet
689 1014 799 1071 iilermn
812 1017 927 1087 finanum
936 1016 1081 1088 judicium
1095 1023 1123 1070 et
1134 1017 1295 1086 patientioe
1306 1021 1440 1071 constan-

213 1104 259 1156 tien
274 1107 348 1174 atque
362 1099 577 1156 hoereticorum
592 1102 796 1172 impudentiam
815 1108 843 1155 et
863 1103 1025 1169 saevitiem,
1052 1115 1120 1172 quae
1136 1100 1223 1154 omnia
1237 1098 1333 1155 eodem
1346 1100 1441 1157 libello

212 1186 398 1258 mimarum.
444 1183 516 1253 Quae
536 1201 620 1258 perro
641 1187 714 1241 inter
733 1185 783 1241 hos
799 1186 942 1258 episcopos
957 1185 1106 1241 iohannem
1122 1192 1148 1240 et
1164 1183 1289 1258 Sergium
1304 1201 1334 1240 ac
1349 1201 1441 1241 mena·

211 1271 293 1327 dmm
310 1268 384 1325 iilum
410 1268 576 1344 manipulum
596 1278 624 1325 et
643 1271 728 1344 ipsam
749 1269 883 1344 synodum
906 1271 975 1326 ratio
991 1271 1188 1331 intercesserit,
1209 1269 1275 1325 nihil
1295 1277 1378 1343 patet.
1402 1300 1439 1313 -

210 1353 318 1411 istisin
332 1353 426 1410 wem
441 1354 555 1429 epistola
571 1355 626 1412 md
642 1363 741 1413 terroe
756 1363 847 1413 metus
861 1357 1068 1426 indesinentes,
1089 1355 1210 1429 [repom
1225 1358 1371 1425 sterilitas,
1394 1371 1440 1412 ec·

208 1442 333 1497 desierunt
345 1440 589 1512 perturbationes,
601 1442 776 1513 populorum
792 1441 968 1511 rebelliones,
979 1444 1065 1513 pacis
1079 1441 1210 1510 exilium,
1229 1443 1365 1497 tumultus
1380 1442 1440 1498 nii·

209 1526 410 1600 pudoninons,
434 1529 585 1600 sanpuinis
603 1528 716 1599 infinito
732 1529 838 1600 effusio
853 1534 884 1582 ut
898 1525 1061 1582 calamitates
1076 1533 1232 1599 praesentes
1247 1534 1439 1582 memorantur.

210 1609 264 1678 deae
275 1609 376 1684 quidem
391 1611 445 1668 etsi
458 1610 515 1667 iere
531 1612 605 1666 omni
619 1628 690 1668 anne
706 1611 779 1668 iliius
794 1610 905 1667 infausti
921 1612 1050 1686 temporis
1065 1611 1196 1685 assignari
1210 1618 1335 1684 possent,
1352 1618 1440 1667 tamen

208 1694 363 1752 saecundum
379 1711 425 1759 ea,
443 1711 511 1771 quae
526 1713 609 1770 supra
624 1696 679 1754 ni
695 1698 848 1771 attigimus,
870 1696 902 1753 ad
918 1697 1050 1752 Anastasii
1071 1695 1227 1770 praeprimis
1244 1697 1383 1769 imperium
1398 1712 1440 1752 re·

209 1779 332 1842 maium.
346 1796 413 1855 prae
428 1780 552 1838 omnihus
567 1780 626 1852 ejus
642 1798 728 1839 annos
745 1783 854 1838 tertium
870 1790 898 1838 et
913 1789 1038 1856 quartum
1054 1779 1237 1855 respiciendos
1253 1780 1375 1838 suadent.
1402 1780 1440 1837 lbi

208 1866 262 1921 use
272 1867 338 1940 quasi
352 1865 459 1922 culmen
475 1866 607 1923 meierum
624 1869 758 1924 omnium:
780 1875 808 1923 et
828 1883 842 1921 a
857 1866 965 1941 Scythis
986 1875 1014 1923 et
1034 1866 1066 1923 ab
1081 1865 1180 1922 lsamis
1196 1865 1265 1921 helia
1279 1865 1439 1928 saeviebant,

209 1948 454 2026 eiommntinepoli
469 1950 526 2007 dira
541 1952 636 2026 popuii
650 1952 763 2016 seditio,
784 1961 812 2009 et
832 1954 890 2027 ipsa
911 1951 1030 2026 insyria
1050 1951 1143 2025 plures
1165 1950 1245 2007 mhes
1260 1959 1348 2008 terrae
1363 1960 1439 2008 metu

209 2028 314 2108 Μ’)
327 2043 399 2092 suut.
419 2067 456 2077 -
479 2037 599 2111 lienique
611 2045 641 2093 ut
656 2038 727 2094 ultra
742 2054 841 2094 annum
853 2037 924 2100 495.
941 2053 995 2110 quo
1011 2035 1107 2093 Gelasii
1123 2035 1236 2111 epistola
1248 2035 1287 2093 27
1303 2035 1337 2092 ad
1352 2039 1440 2093 orien-

210 2119 334 2184 tdes'dsta,
353 2121 563 2186 descendamus,
587 2123 651 2179 haec
670 2122 793 2179 suadent.
829 2122 907 2178 Nulla
928 2121 964 2178 ibi
986 2130 1032 2177 aut
1053 2121 1124 2177 iilius
1140 2121 1281 2196 syriorum
1296 2122 1439 2197 legationis

209 2212 246 2261 ιι
258 2204 322 2276 ltajm
335 2208 520 2281 responsionis
536 2206 689 2282 pontificiae
705 2210 806 2264 mentio
821 2208 898 2271 iacta,
915 2224 997 2282 quum
1010 2215 1098 2264 tamen
1111 2207 1256 2263 orientales
1270 2206 1439 2278 objecissent,

210 2293 366 2364 oeipnerosse
380 2308 457 2366 qnae
472 2295 553 2364 apud
565 2296 754 2365 apostolieum
769 2295 864 2350 sedem
877 2301 959 2368 peste
977 2301 1069 2348 essent
1090 2290 1189 2364 (Gelas.
1206 2293 1285 2366 epist.
1303 2292 1342 2350 27
1359 2311 1385 2349 n.
1400 2290 1439 2364 1).

211 2371 277 2442 (ints
288 2376 350 2432 haud
364 2384 466 2434 manere
481 2377 690 2449 conjecerimus,
714 2387 742 2435 et
763 2377 836 2434 illam
851 2379 1016 2452 legationem
1031 2386 1059 2434 et
1074 2377 1141 2434 hanc
1156 2379 1360 2451 responsionem
1377 2385 1440 2452 post

211 2459 408 2536 hnephtoiam
425 2462 464 2519 27
480 2463 631 2538 ponendam
654 2479 724 2520 esse.
755 2463 830 2520 Unde
852 2480 934 2537 quum
956 2463 1048 2519 eadem
1069 2464 1111 2519 via
1127 2471 1188 2519 ante
1203 2463 1327 2520 ultimum
1343 2463 1438 2520 Gelasii

211 2549 388 2685 aemripta
402 2550 451 2612 sit,
473 2565 522 2605 uec
543 2556 632 2605 tamen
653 2555 726 2606 certa
747 2549 802 2605 ulla
823 2550 952 2623 temporis
972 2547 1069 2605 indicia
1088 2556 1248 2623 appareant,
1270 2566 1328 2605 earn
1344 2549 1439 2606 ultimo

268 2647 355 2706 meere
374 2632 461 2690 libuit.

447 2851 497 2925 In
523 2851 696 2927 Gelesii
722 2877 866 2949 papae
892 2853 1167 2950 fragmenta.

643 3023 793 3086 hinnitum
814 3025 971 3103 generale.

275 3141 298 3198 1.
324 3142 517 3219 iiirsgmeutis
532 3146 708 3221 sequentibus
724 3147 808 3204 Lucas
824 3147 981 3204 Holstenius
1001 3148 1029 3202 iu
1044 3145 1204 3202 collectione
1220 3144 1335 3202 iiomsna
1351 3145 1437 3220 hipar·
1448 3156 1502 3224 [at.
1513 3154 1578 3224 Ed]

212 3225 333 3285 Μαίη
346 3230 375 3285 in
393 3230 479 3285 iucem
495 3232 599 3294 emisit,
620 3231 674 3288 duo
695 3233 798 3290 scilicet
813 3249 845 3289 ex
861 3231 981 3288 dnseimi
996 3230 1125 3295 Lucensis
1140 3231 1312 3293 collectione,
1334 3231 1437 3305 reliqua

210 3323 235 3363 es
245 3325 268 3365 sa
278 3328 347 3386 pam
362 3314 503 3371 cardinalis
520 3315 665 3373 lieusdedit
679 3320 849 3375 concinnavit
869 3318 1012 3392 descripta.
1050 3317 1110 3373 Tria
1131 3317 1180 3374 alia
1204 3334 1218 3372 u
1239 3315 1374 3389 Stephane
1390 3317 1438 3372 lia·

212 3390 399 3456 hlslhtellan.
413 3400 510 3456 tomi
526 3402 634 3475 vulgata
648 3411 722 3459 sunt.
745 3403 840 3461 Cetera
854 3403 1063 3478 suppeditarunt
1078 3401 1155 3458 nohis
1171 3411 1227 3458 tum
1243 3403 1436 3476 praenominati

210 3477 310 3546 best.
324 3492 381 3540 tum
395 3485 485 3541 ivonis
501 3487 675 3543 Carnutensis
691 3489 820 3563 episcopi,
837 3498 894 3545 tum
906 3487 1023 3544 Gratiani
1035 3487 1249 3562 compilationes,
1264 3487 1312 3542 sed
1323 3488 1436 3542 maxime

212 3560 328 3640 hirta
342 3571 502 3626 monasterii·
509 3570 586 3642 juxta
602 3571 747 3630 Carnutum
763 3574 847 3630 codex
863 3573 951 3629 ivonis
967 3589 1032 3630 aevo
1048 3582 1188 3635 exaratus,
1210 3574 1256 3647 qui
1270 3571 1368 3628 Gelasii
1383 3571 1436 3628 ira·

212 3654 410 3728 &mplius
426 3657 622 3730 quinquaginta
637 3661 770 3722 continet,
796 3658 882 3733 aliqua
904 3658 1011 3733 quidem
1033 3675 1065 3713 ex
1086 3658 1165 3714 editis
1186 3657 1232 3713 sed
1252 3658 1382 3731 pleraque
1404 3672 1436 3713 eu

212 3732 288 3793 Uir
303 3739 359 3811 ejus
379 3742 487 3815 scriptis
509 3751 642 3816 excerpta.
679 3743 708 3799 ln
723 3744 809 3800 simile
823 3751 918 3818 postea
933 3743 1075 3799 incidimus
1094 3744 1157 3799 oiim
1172 3743 1347 3799 Pitheeanum
1364 3759 1436 3798 nunc

212 3822 436 3882 minensis
452 3826 587 3901 exemplar
602 3829 685 3901 priori
701 3828 771 3885 haud
787 3828 869 3903 longe
882 3830 1027 3891 recentius,
1044 3828 1077 3884 ad
1091 3828 1164 3903 quod
1177 3828 1331 3903 apographa
1343 3835 1436 3883 nostra
1474 3883 1477 3890 ,

212 3916 371 3981 moenere
385 3911 549 3968 studuimus.

268 3992 292 4050 i.
319 3994 350 4052 iii
371 3997 426 4053 duo
447 3997 553 4053 codices
570 3997 672 4054 nullum
691 3998 781 4055 locum
797 4001 958 4073 permittunt
972 3998 1138 4073 suspicandi,
1162 4016 1195 4055 ne
1216 3997 1280 4073 quid
1298 3997 1370 4054 sorte
1386 3997 1436 4054 Ge·

211 4068 280 4141 ΙΙΜ.
291 4081 359 4155 tptod
371 4081 546 4138 adGelasium
557 4083 578 4138 li
589 4085 730 4157 pertineat.
743 4083 930 4140 attribuamus.
952 4083 1017 4140 Nam
1033 4094 1061 4141 et
1070 4091 1215 4157 utrumque
1226 4091 1287 4138 ante
1298 4092 1436 4139 exaratum

211 4156 345 4230 Qum,
366 4184 446 4243 mam
463 4167 584 4223 Gelasius
600 4167 621 4223 il
636 4167 821 4243 pontificatum
837 4169 950 4243 adeptus
965 4177 1020 4233 cst,
1042 4178 1070 4226 et
1092 4185 1175 4244 quum
1195 4168 1357 4225 collectanea
1372 4186 1436 4225 con·

211 4242 283 4304 hat
298 4251 373 4309 ambo
394 4269 409 4308 e
430 4255 538 4326 scriptis
553 4252 734 4309 honmuorum
755 4253 912 4329 pontificum
936 4253 1127 4311 aCiementel
1148 4254 1181 4310 ad
1200 4253 1334 4309 Urbanum
1349 4252 1370 4308 ll
1392 4270 1437 4309 ex·

209 4338 281 4403 ssva.
294 4351 320 4391 ta
330 4355 385 4394 non
398 4338 511 4394 confuse
523 4339 654 4412 permixta
665 4339 712 4394 sed
725 4339 873 4396 secuudum
887 4347 1038 4415 temporum
1051 4340 1172 4396 ordinem
1183 4339 1288 4414 digesta
1300 4338 1435 4401 exhibent,

210 4410 258 4470 *t
272 4426 296 4475 rt
313 4422 377 4480 haec
392 4422 490 4479 Gelasii
511 4423 661 4499 fragmenta
683 4425 768 4481 media
789 4427 862 4481 inter
876 4424 1005 4500 Simplicii
1021 4427 1206 4499 Anastasiiqus
1221 4424 1330 4481 decreta
1346 4423 1436 4496 dispo·

209 4507 287 4560 ulan
313 4506 365 4563 liae
381 4508 561 4582 dispositione
577 4509 677 4564 vitatur
691 4517 719 4565 et
735 4510 848 4566 alterum
864 4510 1077 4575 incommodum,
1100 4527 1153 4585 quo
1169 4509 1266 4566 Gelasii
1281 4509 1437 4582 pelagiique

209 4587 288 4643 *a
298 4602 408 4667 propter
422 4595 562 4666 quamdam
578 4611 708 4650 sonorum
725 4593 880 4651 affinitatem
896 4596 922 4651 in
939 4595 1072 4652 veteribus
1094 4613 1225 4653 canonum
1241 4593 1437 4668 compilationi·

208 4663 371 4733 boemii
391 4689 473 4751 etque
494 4679 607 4736 aiterum
630 4697 680 4754 pro
696 4680 782 4737 altero
798 4682 863 4754 peni
878 4681 976 4738 soient.
1022 4680 1120 4756 Nempe
1142 4679 1285 4737 Anselmus
1306 4678 1436 4753 epistolae

256 4906 270 4969 'i
285 4904 356 4963 tent.
375 4907 528 4963 Marcellini
545 4910 703 4978 chronicon,
721 4914 750 4966 ei
762 4912 947 4983 Theophanes
964 4912 1167 4983 chronograph.
1186 4930 1213 4982 p.
1227 4916 1323 4980 susq.
1337 4912 1366 4965 et
1377 4917 1434 4966 218.
