3450 5678
201 316 263 382 688
655 330 681 377 a.
699 327 879 378 sustnncnr
901 327 1014 374 tunna

40 484 43 505 '
96 497 189 548 alet.
200 491 324 565 pemmis
345 490 392 548 ael
413 506 490 548 auro
513 495 601 563 atquc
623 494 750 561 arpenta
773 505 827 546 nec
849 505 907 547 non
931 494 960 546 et
982 486 1109 547 uestibus
1136 486 1234 545 minus
1262 492 1341 561 opta
1371 485 1481 545 usibus

203 594 250 652 ael
271 593 394 650 ornatui
415 591 593 651 uidebuntur
614 592 766 662 ecclesiae,
799 606 877 664 quae
898 592 1018 649 servari
1038 606 1076 648 oc
1098 589 1151 647 tliu
1173 605 1298 648 manere
1320 605 1384 647 non
1405 605 1480 663 pos·

202 701 281 767 sant,
305 695 358 753 sub
374 695 461 768 jttsta
484 695 689 753 aestimatione
711 694 893 765 vendantur,
922 699 951 750 et
972 686 1192 771 eroputioni³⁶)
1214 692 1384 766 relipiosae
1400 706 1480 766 pro

200 793 340 868 ticiont“.

287 893 317 957 8.
354 891 519 977 Quumque
540 893 624 957 lecta
645 892 768 975 fuisset,
793 892 992 975 Laurentiue,
1027 891 1194 976 episcopus
1217 890 1482 955 Mediolanenais

138 972 166 1057 'i
204 994 366 1077 ecelesiae,
390 994 486 1058 dixit:
510 1000 574 1059 Ista
596 1003 750 1075 scriptura
774 1002 887 1059 nullam
904 1000 1060 1058 Romanae
1074 1001 1204 1057 ciuitatis
1213 1000 1319 1074 potuit
1336 999 1483 1071 oblimare

165 1080 170 1185 't
198 1104 387 1176 pontificem,
414 1104 484 1176 attia
507 1120 565 1160 non
588 1104 675 1161 licuit
695 1104 789 1174 laica,
819 1103 974 1161 statuendi
994 1104 1024 1161 t'n
1048 1102 1186 1160 Ecclesia
1202 1107 1336 1176 praeter
1356 1117 1483 1176 popano

167 1194 172 1305 ἶ
204 1205 371 1263 Raraunum
394 1204 504 1261 babere
526 1205 660 1278 aliquam
679 1211 866 1278 potestatem.
903 1199 1028 1284 tluosffi)
1052 1203 1232 1278 obsequendi
1252 1209 1360 1262 manet
1374 1218 1483 1262 neces·

203 1309 286 1378 sitas,
312 1323 371 1365 reon
394 1309 559 1365 auctoritas
581 1307 761 1380 imperandi,
786 1308 916 1365 maxime
938 1322 1026 1380 quum
1049 1322 1105 1364 nec
1122 1322 1209 1380 papa
1226 1305 1390 1364 Romanus
1412 1305 1485 1364 sub

204 1410 369 1483 scripserit,
394 1424 448 1467 nec
464 1410 595 1483 alicujus
609 1409 770 1467 secttntlam
792 1424 924 1467 canones
939 1408 1166 1482 metropolitani
1185 1409 1308 1480 lepatur
1323 1424 1482 1467 assensus.

161 1522 195 1591 p
289 1506 322 1569 9.
358 1504 471 1570 Petrus
500 1505 665 1588 epriseopus
694 1504 893 1568 Ravennatis
926 1503 1077 1569 ecclesiae
1108 1503 1204 1568 dixit:
1241 1508 1419 1584 Scriptura
1429 1504 1483 1589 ⁸⁸),

205 1629 283 1687 ottae
306 1616 336 1671 in
360 1619 463 1671 nostru
485 1614 722 1685 conprepatt'oae
744 1613 868 1685 culpata
891 1619 949 1684 est,
981 1613 1072 1672 nullis
1100 1627 1165 1669 eam
1188 1611 1305 1671 viribus
1327 1615 1486 1670 sustinere

205 1713 397 1786 rrranisestam
425 1721 467 1774 est
473 1733 484 1782 ;
521 1717 593 1788 quia
621 1730 676 1773 nec
704 1714 869 1773 canonibus
896 1716 1059 1791 convertit,
1078 1708 1154 1793 elil)
1177 1729 1197 1771 a
1218 1715 1303 1773 laica
1326 1722 1485 1788 concepta

200 1833 336 1891 persona
366 1816 499 1891 videtin,
537 1818 667 1875 manime
694 1819 766 1890 quia
796 1819 825 1874 in
855 1832 891 1873 eu
919 1817 1020 1874 nullus
1038 1816 1165 1890 praesul
1185 1816 1265 1875 seclis
1286 1817 1485 1891 apostolicae

206 1917 379 1990 interfuisse
401 1918 447 1977 vel
464 1920 596 1992 propria
617 1919 837 1992 subscriptione
857 1920 993 1988 tirtrrasse
1014 1924 1208 1977 monstratur.

293 2015 341 2079 10.
380 2014 523 2077 Eulalius
553 2015 719 2098 episcopus
742 2013 962 2098 Syracusanae
990 2014 1142 2078 ecclesiae
1170 2013 1267 2079 dixit:
1295 2020 1480 2097 Scriptura,

207 2117 332 2202 proaem)
355 2125 385 2180 in
414 2123 600 2180 sacerdotali
625 2125 754 2181 coercitio
781 2124 913 2181 recitata
939 2131 997 2195 est,
1035 2124 1261 2182 eutaenttsstmts
1288 2124 1481 2183 documentis

206 2232 324 2284 constat
346 2225 492 2283 inualida.
528 2224 670 2295 Primam,
695 2225 776 2296 quoa
796 2233 903 2283 contro
922 2230 1045 2299 patrum
1068 2227 1192 2298 repulus
1212 2226 1347 2297 alanis,
1373 2240 1479 2300 quarn·

207 2329 251 2386 uis
272 2328 435 2401 relipt'osis,
471 2327 575 2401 qttibas
603 2328 689 2385 tculla
711 2328 749 2385 ele
776 2328 985 2386 ecclesiasticis
1004 2325 1204 2399 facultatibus
1230 2327 1355 2402 aliquid
1376 2327 1477 2402 tltspa·

208 2430 302 2488 ruendi
321 2431 432 2502 lepitar
454 2445 585 2502 ttrtqaam
608 2428 753 2487 attributa
771 2426 919 2500 facultas,
941 2427 1031 2500 facta
1054 2430 1180 2488 utaaar.
1226 2428 1361 2502 Deinde,
1395 2427 1477 2504 qaod

208 2533 319 2590 nullius
336 2532 490 2605 praesulis
512 2531 695 2605 apostolicae
716 2532 795 2588 sectis
808 2531 1026 2606 subscriptione
1037 2533 1162 2602 firmata
1178 2530 1313 2590 docetur.
1352 2530 1468 2602 mocisi

207 2634 365 2708 ctpaslibet
382 2634 564 2707 prouinciae
583 2628 815 2709 saeertlotes⁴¹),
846 2635 929 2690 intra
952 2635 1093 2692 terminos
1118 2650 1188 2692 suos
1209 2634 1341 2693 coneilio
1362 2633 1464 2702 babilo,

209 2736 358 2811 quiaquia
393 2737 456 2804 sine
484 2736 709 2811 metropolitani
733 2737 781 2794 sui
812 2736 954 2794 antistitis
989 2736 1034 2795 ael
1067 2737 1249 2796 auctoritate
1280 2736 1460 2805 tentaverint,

276 3024 307 3090 ³⁶)
326 3020 360 3074 1²⁶
373 3020 409 3074 Hi
421 3020 450 3074 h¹
470 3026 616 3089 scopatione
634 3019 672 3088 (ht
687 3023 812 3090 scopatio)
830 3027 956 3090 relipiose.
991 3018 1110 3089 Matique
1126 3019 1161 3074 E²
1183 3026 1233 3075 ista
1254 3028 1367 3091 scriptu
1383 3025 1457 3075 nebu.

208 3106 240 3161 B¹
254 3107 287 3161 F²
300 3113 382 3174 jueta
399 3112 537 3175 scriptura.

276 3195 308 3261 ³²)
327 3194 369 3246 lta
390 3190 422 3245 ΒΙ
437 3191 470 3245 1²⁶
483 3191 512 3245 h¹
526 3194 561 3245 [ι’.
595 3190 650 3246 Atii
671 3209 735 3245 mss.
756 3212 804 3261 qao
821 3196 1000 3262 subsequendi,
1020 3191 1066 3246 0¹²
1079 3208 1109 3247 ce
1126 3197 1167 3246 eui
1183 3195 1346 3261 obsequendi.
1359 3192 1484 3255 -wa

208 3276 283 3332 idem
301 3295 333 3332 ac
351 3282 493 3347 cujusmodi
508 3284 576 3331 uiros
595 3278 682 3330 sonat.

277 3366 308 3431 a)
328 3363 371 3416 lta
387 3363 419 3415 Β1
434 3362 467 3415 13²
479 3362 512 3415 1³²
524 3362 558 3415 Fr
571 3362 607 3415 H*
620 3362 674 3426 ΚΓ),
693 3361 745 3415 nisi
763 3362 837 3430 quod
854 3363 891 3416 Hi
903 3380 955 3417 sec.
975 3380 1058 3418 manu
1077 3368 1158 3417 nullas
1176 3383 1230 3418 ean
1248 3370 1324 3429 uires,
1341 3362 1387 3419 Κ·Ι
1398 3361 1511 3415 ruffi·

209 3457 273 3502 enim
291 3453 391 3502 uiribus.
424 3446 478 3500 Sed
491 3465 552 3501 mss.
567 3452 595 3501 a³
609 3450 735 3517 (excepto
749 3436 975 3517 0¹²)'scripturae
994 3449 1042 3502 ubi
1059 3448 1242 3518 supplendum
1259 3449 1334 3504 foret
1351 3454 1423 3503 natta
1464 3436 1527 3488 ε*

210 3540 357 3589 crrtctorilas.
392 3531 467 3584 Editi
485 3538 558 3585 nullis
576 3552 629 3585 earn
647 3537 740 3587 uiribus
756 3538 893 3587 subsistere
912 3532 959 3601 (ad
976 3551 1064 3603 marg.
1083 3537 1223 3602 sustinent.

279 3621 309 3685 ⁷⁹)
327 3618 371 3672 tta
388 3617 420 3670 B¹
434 3616 455 3669 F
457 3619 467 3651 ²
479 3616 525 3682 Ἐξ
544 3616 581 3669 H‘³
599 3639 614 3670 a
632 3623 718 3670 laicali
733 3631 864 3686 concepta,
883 3618 917 3670 ΕΞ
935 3626 1001 3672 laica
1018 3640 1068 3674 non
1085 3632 1185 3688 caepta,
1203 3619 1288 3674 ΗΜ
1301 3619 1338 3674 utl
1350 3618 1477 3683 marg
1495 3638 1524 3649 ‘

210 3710 276 3756 laica
295 3724 358 3756 nttnc
375 3723 487 3771 persona
505 3715 634 3767 concepta.
655 3707 680 3757 οἵ
698 3710 763 3757 laica
779 3725 892 3771 persona
910 3716 1041 3772 concepto,
1060 3703 1087 3758 h¹
1107 3726 1123 3758 a
1140 3711 1208 3759 laica
1225 3724 1297 3774 pers.
1317 3726 1387 3760 conc.

277 3792 309 3856 ⁴⁰)
327 3789 361 3840 Fi
381 3787 469 3841 omitt.
489 3808 552 3855 qrtoe
572 3789 600 3841 ct
617 3799 665 3844 est.
700 3789 764 3842 Mox
781 3789 814 3841 B¹
834 3796 919 3851 instat,
938 3792 967 3842 et
983 3789 1018 3842 E*
1037 3795 1161 3859 relipiosie
1179 3797 1249 3845 airis.

279 3876 309 3940 ⁴¹)
330 3875 371 3926 tta
390 3873 420 3925 B'
435 3873 469 3925 Ei
478 3873 510 3925 Ι1η
523 3873 544 3926 F
547 3875 557 3908 ²¹
569 3873 604 3925 H*
617 3872 655 3941 h',
678 3874 729 3927 uisi
748 3875 821 3941 quod
839 3874 871 3926 B¹
891 3886 1006 3927 testatam
1024 3880 1081 3936 erit,
1105 3874 1139 3927 E²
1151 3874 1188 3928 H*
1205 3885 1363 3937 testarer-int.
1385 3872 1454 3931 F*

210 3966 328 4021 stitnertt,
348 3961 377 4011 et
393 3959 421 4011 h·
442 3958 547 4011 entitas
565 3965 609 4014 tel.
647 3959 693 4013 0¹²
706 3962 728 4013 c¹
747 3966 870 4013 sacerdos
939 3966 1007 4013 striae
1025 3965 1146 4013 antistitis
1169 3966 1308 4017 (salacitate
1368 3947 1533 4017 trull

208 4050 296 4112 fecerit,
316 4043 362 4097 olii
382 4043 403 4097 Ο
423 4055 539 4097 testatum
555 4048 642 4110 fecerit,
663 4043 710 4098 alii
727 4044 753 4096 H
771 4050 909 4098 testancrit.
946 4047 1040 4114 c²seq.
1060 4050 1208 4099 sacerdotes
1269 4054 1402 4119 quidquem
1437 4030 1533 4085 j

210 4135 400 4198 ntetrapolt'tani
415 4135 483 4182 suine
501 4135 622 4182 antistitis
641 4135 792 4182 artctort'lnte
811 4135 970 4183 tentaverint.
998 4129 1157 4184 Lectionum
1175 4130 1230 4197 ΚΗ,
1248 4149 1334 4201 quum
1351 4109 1533 4202 8³1)ae

211 4217 273 4273 sert.
292 4214 437 4284 explorare
455 4231 510 4268 non
528 4214 614 4283 potui.
646 4213 749 4268 Contra
766 4213 912 4268 lectionem
931 4214 991 4269 ΗΟ
1009 4216 1148 4284 repugnat
1165 4233 1229 4269 usus
1240 4215 1392 4282 Ecclesiam
1408 4196 1533 4270 tf

212 4300 348 4369 episcopis
365 4299 486 4353 testandi
503 4299 664 4353 facultatem
682 4302 814 4369 negatam
837 4299 888 4353 nisi
911 4299 1119 4369 metropolitani
1144 4300 1297 4355 auctoritas
1322 4300 1479 4357 aceedef

212 4403 347 4454 nusquam
365 4384 490 4453 legn'mus.
532 4384 647 4453 IIispani
670 4385 706 4439 ad
728 4384 853 4438 Hilarum
875 4402 978 4454 papam
1001 4384 1081 4454 epist.
1097 4391 1128 4438 14
1150 4403 1176 4439 n.
1191 4392 1206 4438 2
1224 4385 1259 4440 de
1276 4360 1533 4465 Barcinoubf

212 4471 341 4540 episeopo
360 4488 453 4524 recena
471 4469 600 4523 defuneto
620 4469 674 4522 duo
692 4470 863 4537 renuntiant,
889 4469 1009 4538 primum
1031 4487 1093 4524 eum
1111 4471 1226 4526 Irenaeo
1250 4471 1373 4537 cuidam,
1399 4464 1533 4541 qis

211 4555 303 4625 potuit
320 4555 431 4621 habere,
450 4572 595 4625 supremae
613 4554 762 4608 uoluntatis
782 4555 897 4610 arbitrio
917 4554 1107 4624 ‹lereliquisse;
1135 4555 1262 4615 alterurn.
1280 4559 1312 4610 ut
1329 4557 1402 4611 idem
1420 4511 1533 4608 [j

213 4658 296 4694 naeus
314 4642 342 4693 in
360 4659 438 4693 suum
456 4639 541 4709 ipsius
559 4639 649 4692 locum
668 4641 888 4706 substitueretur,
908 4658 971 4694 cum
988 4642 1108 4710 optasse.
1139 4640 1250 4695 Hilarus
1268 4658 1334 4696 sero
1353 4640 1428 4712 epist.

212 4733 267 4779 nl
287 4729 315 4779 et
333 4726 412 4796 epist.
430 4733 458 4779 17
477 4734 532 4778 ni
551 4725 710 4789 rescribens,
730 4727 782 4781 hoc
799 4728 970 4796 postremum
988 4724 1167 4779 vehementer
1185 4727 1346 4795 improbare
1364 4743 1414 4781 eon

212 4813 265 4867 tus.
285 4811 318 4864 de
336 4811 425 4880 primo
444 4828 556 4880 prorsus
574 4813 657 4863 liutet.
688 4811 719 4863 Id
737 4814 845 4865 tantum
859 4813 931 4865 cirea
944 4810 1136 4881 episcoporum
1149 4813 1347 4866 testamentum
1359 4808 1434 4865 inuti
1457 4804 1533 4847 s

212 4896 371 4963 Agatheuse
390 4915 411 4949 c.
427 4904 456 4949 ot
482 4899 509 4949 et
528 4895 690 4964 Epaouenne
709 4918 730 4952 c.
748 4904 777 4950 tt
803 4903 912 4963 cavent,
942 4901 972 4950 ut
995 4904 1018 4951 si
1040 4904 1175 4966 episcopus
1197 4903 1300 4953 condito
1326 4871 1533 4951 tenone?
