3450 5678
213 298 276 363 620
640 310 668 357 s.
686 307 867 355 auas'rasn
891 308 915 352 ιι
940 305 1053 352 aaran

83 483 200 550 (asso.)
213 468 364 547 dicamus
389 469 434 546 ut,
458 464 541 528 sicut
563 462 699 542 aecem)
723 463 756 523 et
771 459 908 543 Spiritus
923 462 1053 522 sanetus
1069 458 1179 541 dietat,
1203 457 1334 523 monitis
1357 458 1484 523 nostris

212 568 393 634 obedientia
415 567 619 650 praebeatur,
649 566 685 627 ut
712 563 796 627 bona
824 561 931 625 omnia
954 563 1093 624 vestram
1115 561 1344 645 rempublicam
1368 583 1483 625 conse·

111 668 197 723 Ex0d·
212 674 360 756 quantur,
385 671 467 732 sicut
489 668 523 730 in
539 665 649 729 Exodo
664 663 876 748 promittitur:
899 668 933 728 Si
954 669 1087 727 audieris
1110 682 1207 727 vocem
1223 669 1338 727 domini
1350 669 1412 728 liei
1425 670 1481 740 tui,

112 743 198 804 ωδ·
211 785 240 837 et
262 793 340 851 qaae
362 768 531 850 ptacmtlss)
556 772 670 844 seceris
695 788 799 831 sarain
833 773 898 845 ipso
930 777 958 829 et
986 771 1133 829 obedieris
1157 773 1330 846 praeceptis
1355 773 1426 845 ep'as
1452 779 1484 828 et

211 879 387 940 custodieris
409 892 522 935 omnem
539 876 689 949 justitiam
712 875 786 949 ejas,
812 889 923 931 arranem
952 875 1170 945 infirmitatem,
1202 888 1293 947 qaam
1315 874 1486 948 importavi

212 983 381 1057 Aeppptits,
412 994 471 1036 aon
499 976 668 1051 importabo
697 977 727 1034 ia
755 983 799 1033 te:
829 992 885 1051 epa
906 978 981 1033 arim
1009 976 1246 1048 anatomiam,
1281 977 1334 1048 put
1360 976 1485 1034 saluam

99 1059 179 1113 ⁰³¹¹*
207 1083 355 1155 sociate.
400 1073 444 1137 m
465 1073 533 1136 illic
555 1072 670 1135 iterum
692 1071 770 1135 tuba
792 1071 1014 1154 potentissima
1038 1071 1178 1135 canitur:
1203 1077 1242 1135 Et
1263 1093 1343 1135 isaac
1367 1076 1484 1152 Israel,

64 1135 147 1192 Μ’
157 1134 195 1182 13.
211 1185 284 1259 qaid
306 1185 443 1242 dominas
465 1180 545 1238 Deris
567 1187 633 1237 tirus
650 1180 785 1253 postulat
806 1196 828 1236 a
848 1185 875 1236 te
897 1179 995 1249 aliud,
1026 1195 1116 1253 quarn
1145 1184 1177 1237 ut
1199 1181 1305 1237 timeas
1326 1178 1485 1238 datianam

211 1286 304 1344 Deam
326 1292 418 1354 taam,
442 1288 471 1340 et
486 1282 617 1339 aristides
639 1275 716 1359 iu27)
733 1281 866 1338 aturribus
881 1283 935 1339 uiis
949 1282 1026 1355 ejas,
1051 1289 1078 1338 et
1093 1281 1204 1354 ‹iilipas
1218 1297 1294 1351 euni,
1319 1286 1349 1339 et
1363 1283 1485 1340 sarcias

211 1389 330 1447 domino
342 1385 405 1443 lieo
417 1390 468 1441 tuo
480 1398 520 1441 es
535 1388 597 1440 toto
612 1383 705 1440 corae
720 1389 771 1440 tao
783 1389 811 1440 et
822 1399 861 1440 ea
876 1390 939 1440 tata
951 1384 1054 1441 auium
1066 1393 1129 1454 tua,
1146 1384 1299 1442 custodire
1307 1391 1484 1457 praecepta

211 1488 325 1547 (tatuini
333 1488 389 1545 Dei
410 1487 453 1543 tui
473 1491 501 1542 et
516 1485 651 1558 justitias
672 1486 748 1557 epus,
773 1501 849 1557 quos
870 1502 926 1557 epo
940 1486 1051 1543 :ricciario
1065 1486 1140 1543 tibi?
1177 1479 1266 1542 Haec
1288 1501 1339 1542 me
1363 1502 1484 1564 sugge

210 1587 335 1648 rentem
353 1581 552 1666 frequentius
574 1583 793 1663 nonspernat
815 1580 918 1664 pietas
941 1585 1007 1663 tua,
1032 1593 1107 1645 ante
1129 1581 1237 1645 oeulos
1259 1584 1331 1645 tuas
1354 1580 1485 1646 habens

112 1673 190 1794 lffi‘g·
209 1685 339 1750 Domini
355 1684 389 1747 in
411 1682 577 1766 evangelio
599 1683 711 1745 verba:
738 1686 795 1757 Oai
808 1689 894 1746 ocidit
909 1706 969 1760 aas,
993 1705 1040 1747 me
1054 1689 1149 1761 audit,
1174 1695 1202 1747 et
1217 1691 1271 1762 pai
1283 1705 1335 1748 aas
1350 1693 1482 1764 spernit,

144 1782 150 1806 ’
191 1783 255 1852 ¹me
269 1794 393 1867 spernit,
417 1792 512 1864 etqui
525 1805 571 1847 me
584 1792 709 1864 spernit,
733 1792 848 1864 spernit
862 1807 937 1863 eum,
956 1794 1009 1864 qui
1022 1807 1069 1849 me
1082 1793 1170 1850 misit.
1202 1784 1287 1848 Nam
1303 1789 1337 1850 et
1352 1790 1484 1870 aptista

78 1876 195 1999 Ῐᾟὴξθθ·
209 1888 269 1971 lus,
295 1888 466 1952 concinens
474 1886 514 1970 28)
538 1884 695 1949 Salvatori
718 1890 836 1968 nostro,
861 1886 907 1949 ita
927 1886 1083 1971 loquitur:
1113 1892 1306 1967 Quapropter
1327 1895 1385 1968 qai
1404 1894 1485 1953 taes

128 1986 134 2008 ’
157 1988 162 1998 ’
209 1998 333 2071 speruit,
356 2011 415 2053 aon
438 1993 586 2052 homiaem
607 1995 723 2067 spernit
744 1995 797 2052 seat
819 1993 929 2067 Deam,
954 1999 1007 2069 pai
1028 1995 1111 2054 (tedii
1133 1994 1278 2070 Spiritum
1301 2013 1390 2055 sarim
1411 2013 1483 2055 sas-

209 2107 288 2157 etum
304 2095 443 2156 innubis.
478 2089 593 2152 Pectus
617 2090 804 2153 clementiae
827 2094 951 2155 vestrae
973 2091 1147 2155 sacrarium
1169 2094 1218 2155 est
1240 2091 1391 2175 publicae
1411 2093 1482 2157 seli·

212 2194 333 2276 citatis,
370 2192 452 2276 ut²⁰)
480 2212 538 2275 per
565 2191 753 2255 instantiam
783 2195 938 2276 vestram,
973 2216 1069 2278 quam
1098 2194 1185 2258 velut
1211 2194 1371 2258 vicarium
1394 2194 1481 2259 Deus

210 2295 390 2381 praesidere
409 2295 506 2377 jussit
527 2293 561 2356 in
584 2294 693 2376 terna,
727 2294 920 2379 evangelicis
944 2296 1187 2380 apostolicisque
1209 2296 1393 2382 praeceptis
1415 2319 1479 2362 non

211 2398 290 2461 dura
312 2396 461 2480 superbia
484 2395 662 2477 resistatur,
687 2395 741 2459 sed
764 2418 820 2480 per
842 2397 1066 2479 obedientiam,
1097 2421 1176 2482 quae
1199 2402 1276 2462 sunt
1297 2398 1477 2480 salutifera,

212 2500 441 2582 compleantur.

754 2616 835 2683 Car.
859 2617 932 2683 VII.

295 2720 324 2784 8.
359 2717 445 2783 Nam
467 2719 640 2782 secundum
655 2718 818 2784 Ecclesiae
841 2720 1351 2807 catholicae·consuetudinem³⁰)
1374 2744 1476 2787 saera·

210 2822 370 2888 tissimum
391 2821 574 2885 serenitatis
596 2825 670 2885 tuae
693 2825 804 2904 peetus
827 2826 993 2907 agnoscat,
1023 2823 1106 2909 quod
1128 2824 1253 2889 nullum
1275 2823 1315 2888 de
1338 2823 1400 2907 lris,
1428 2823 1475 2887 sel
1513 2868 1574 2911 ,4

277 3080 309 3146 ¹⁵)
328 3078 362 3131 Ε2
373 3077 410 3131 H*
428 3084 501 3132 decet
517 3083 624 3145 spiritus
644 3083 683 3131 sei
700 3083 769 3131 dieta
786 3078 833 3143 (Hs
851 3083 942 3146 dictat)
965 3085 1064 3134 monitis
1082 3079 1130 3145 iH³
1147 3081 1264 3147 monitus)
1282 3085 1337 3133 oris
1358 3082 1462 3134 medies
1482 3108 1574 3149 ..-

211 3169 247 3218 tia
262 3169 444 3232 praedicatur:
464 3164 601 3232 corrupte.
636 3162 710 3215 Loco
728 3167 809 3216 dietat
825 3163 842 3217 J
846 3166 865 3198 ¹³
876 3163 898 3216 i²
915 3170 989 3228 dicit,
1008 3163 1056 3219 alii
1073 3164 1089 3216 J
1108 3170 1186 3217 dicat.

277 3252 311 3316 ²⁶)
330 3250 354 3301 o¹
367 3249 386 3302 b
399 3266 438 3316 sq.
456 3255 559 3314 placent
576 3253 609 3302 ei.

277 3336 309 3401 ²⁷)
327 3333 364 3386 Η*
377 3340 392 3386 2
405 3333 441 3384 Hi
452 3331 486 3384 E²
504 3331 542 3397 (lr'
563 3331 599 3385 ad
617 3338 716 3401 marg.)
735 3354 818 3387 earnes
835 3340 889 3387 vias
907 3339 977 3400 ejus,
995 3334 1032 3387 Hi
1049 3341 1075 3387 ia
1093 3353 1177 3389 omnes
1195 3339 1249 3388 aias
1267 3341 1334 3402 ejus.

155 3418 174 3471 0
278 3421 310 3486 ²⁸)
328 3418 355 3470 J⁴
373 3422 500 3470 acciaens.
535 3416 600 3470 Mox
618 3418 652 3471 E²
664 3418 701 3471 Η8
719 3417 807 3471 omitt.
827 3424 913 3473 Deam.

277 3506 310 3570 ²⁹)
328 3502 417 3556 JOc¹
436 3512 462 3554 at
479 3510 640 3569 praestantia
657 3513 742 3556 vestra
804 3510 923 3561 resistat:
941 3507 967 3558 οἳ
984 3522 1041 3573 seq.
1061 3515 1088 3558 ut
1103 3525 1153 3572 per
1171 3511 1356 3573 praestantiam
1367 3516 1574 3573 oesttmq

264 3593 376 3643 resistat.
409 3585 576 3641 Sinceriorea
593 3607 657 3641 mss.
678 3588 773 3653 (etiam
792 3588 825 3640 ll¹
837 3588 873 3641 ΙΙς
886 3591 913 3642 a¹
926 3590 944 3641 b
957 3590 985 3642 h¹
999 3589 1020 3643 i²
1032 3593 1080 3657 0¹⁰)
1098 3590 1248 3657 sequimur.

279 3678 310 3741 ³⁰)
328 3672 492 3726 Hincmarus
511 3672 591 3741 epist.
610 3680 642 3726 *20
660 3672 696 3726 ad
714 3672 858 3742 episcopos
877 3674 986 3728 concilii
1004 3675 1038 3730 lll
1058 3674 1263 3729 suessionensis
1282 3675 1345 3746 (Op.
1364 3675 1407 3730 etl
1419 3674 1569 3738 &3

212 3758 302 3812 mand.
322 3757 360 3822 ll,
379 3762 435 3822 278,
454 3756 538 3810 llarsl.
559 3758 619 3813 coll.
639 3776 714 3812 conc.
727 3757 760 3824 V,
779 3761 838 3826 618)
857 3759 929 3812 lruue
946 3759 1037 3812 locum
1055 3760 1145 3828 primo
1163 3760 1204 3814 ita
1216 3760 1296 3814 ciust:
1317 3764 1352 3814 Et
1364 3765 1574 3826 Aua-.-

209 3850 263 3896 sius
274 3849 366 3909 junior
382 3863 453 3910 papa
471 3849 507 3895 uri
519 3848 680 3897 Arsaciasiam
699 3851 874 3912 imperatorem
891 3851 1006 3898 scribens
1024 3851 1055 3898 de
1068 3851 1195 3898 oruiautis
1211 3866 1228 3899 a
1246 3851 1365 3900 amato
1379 3851 1574 3905 Aen—2-

210 3934 370 3995 reeipieudos
388 3934 413 3980 in
431 3934 483 3980 suis
500 3932 630 3983 ordinibus
647 3935 722 3987 dieii,-
741 3928 918 3982 summouit:
938 3934 1088 3999 (iscaurpuam
1106 3936 1193 3984 eadem
1211 3937 1321 3999 epistota
1336 3936 1418 3986 sacris
1427 3958 1444 3981 ι
1515 3960 1574 3994 a

211 4018 315 4067 nauibus
333 4024 357 4066 et
375 4018 486 4066 (terretis
504 4017 659 4077 Issaeorum,
680 4020 783 4076 Zosimi,
804 4019 898 4068 Leonis
916 4025 991 4083 atque
1011 4019 1107 4069 Gelasii
1122 4036 1139 4069 a
1157 4020 1305 4085 quibusdan
1322 4036 1574 4075 marom

211 4103 266 4152 aire
284 4103 398 4151 dicatam:
421 4104 493 4166 piria,
516 4109 542 4151 at
560 4104 673 4169 arribipua
691 4105 816 4153 sententia
838 4105 863 4152 ia
880 4105 969 4153 euclem
986 4106 1094 4169 epistota
1118 4106 1184 4154 idem
1202 4107 1357 4156 Anastasius
1376 4106 1574 4155 ser-'r—

211 4195 237 4237 et
254 4187 389 4250 baptizavit
408 4188 542 4245 catholice,
567 4191 766 4246 cenomanice,
790 4204 836 4238 nec
852 4190 986 4239 secandam
1002 4205 1093 4239 sacras
1115 4193 1216 4253 reputas
1238 4207 1318 4256 nepae
1338 4206 1446 4241 sem·
1465 4214 1574 4247 ³⁴

212 4272 343 4322 Ecclesiae
360 4274 562 4322 cirusaetudiuem
579 4276 727 4324 sacerdotes
745 4276 784 4323 uei
800 4275 888 4323 levitas
906 4276 1039 4323 decanatus
1057 4276 1184 4325 ordinauit
1200 4277 1319 4327 Aeacius.
1346 4272 1574 4340 [BV-12

207 4351 363 4421 judicatam
375 4352 533 4419 hujusmodi
546 4353 703 4422 opinionem
716 4354 787 4408 abiit
799 4353 962 4422 Gratianus,
981 4356 1028 4424 qui
1046 4361 1196 4424 postauam
1209 4375 1232 4411 c.
1245 4363 1262 4411 8
1273 4357 1306 4412 D.
1320 4355 1381 4412 xlx
1389 4372 1574 4426 p-xa

210 4437 296 4490 misit:
320 4443 473 4490 tiriastasius
492 4442 523 4490 II
540 4444 636 4503 fauore
656 4444 788 4492 Anastasii
805 4445 979 4508 superaturus,
998 4461 1060 4510 quos
1079 4445 1190 4497 Aeacius
1205 4455 1267 4511 post
1282 4445 1574 4501 smmtioenna

210 4543 238 4575 se
255 4529 381 4591 prolatam
398 4527 546 4575 sumitates
564 4531 602 4577 oei
618 4531 707 4576 levitas
725 4529 901 4587 ordinaverat,
920 4531 969 4579 rite
984 4529 1058 4595 sarept
1075 4533 1189 4594 acceptis
1207 4533 1299 4596 officiis
1316 4530 1488 4585 (10wa
1532 4539 1574 4589 de-

210 4614 303 4664 crevit:
321 4606 421 4660 ‹leiudo
439 4607 531 4659 vorbis
549 4608 689 4661 Anastasii
706 4609 802 4663 relatis
821 4609 961 4680 adjungit:
992 4614 1055 4674 Quia
1073 4630 1135 4680 erpo
1153 4617 1254 4675 illicite,
1276 4625 1302 4668 et
1323 4630 1368 4666 sou
1385 4634 1568 4671 Qu·

211 4697 278 4752 reice,
297 4698 344 4744 sed
360 4702 450 4744 ermtra
467 4696 572 4744 decreta
594 4700 820 4759 praedeeessorum
842 4706 866 4749 et
888 4716 1060 4750 suceessorum
1076 4717 1177 4751 moram
1197 4704 1261 4753 isaer
1280 4701 1381 4765 rescript
1390 4720 1483 4755 ‹-
1520 4706 1562 4755 de

211 4781 260 4835 are,
283 4787 309 4827 at
331 4780 425 4843 probat
442 4781 520 4829 Felix
538 4789 563 4830 et
582 4782 707 4841 Getasias,
731 4786 775 4849 qai
793 4785 912 4834 Acacium
930 4793 989 4834 aute
1008 4788 1172 4836 Anastasius:
1189 4790 1559 4847 excomm,

211 4870 236 4912 et
255 4864 406 4922 Ilarmisda,
428 4868 471 4930 qai
487 4865 519 4914 ab
537 4868 593 4930 ipso
614 4869 751 4919 Anastasio
771 4873 860 4920 tertias
878 4872 987 4921 cumidem
1008 4871 1128 4920 Acacium
1145 4880 1238 4937 postea
1255 4868 1371 4924 dmm
1414 4909 1441 4933 ,
1494 4877 1560 4927 imo
