3412 5664
286 292 350 358 280
740 305 768 353 s.
785 302 920 351 neamus
943 303 969 350 ιι
992 300 1106 349 ranan
1177 327 1180 331 -

287 479 473 529 memoratnrn
489 473 699 527 sanctissinum
715 468 833 523 Petrum
849 473 876 522 et
891 468 1044 522 universas
1057 453 1266 521 sacrosanctas
1280 466 1425 521 ecclesias
1439 467 1534 520 sancti

287 563 388 615 simum
406 557 638 613 Calabedrrnensc
655 556 806 610 correiiium
828 554 965 624 amplecti
979 557 1066 624 ratque
1088 554 1232 619 uenerari,
1255 551 1333 624 quod
1347 567 1413 607 eum
1432 551 1492 622 fide
1510 548 1534 607 ll

289 648 374 700 caeni
388 645 505 699 correilii
517 656 642 713 prorsus
656 641 806 696 corescntit.
825 667 862 677 —
878 636 1007 705 Quocirca
1022 634 1132 692 dubium
1147 652 1203 692 non
1218 643 1270 697 est.
1285 636 1351 711 quin
1367 635 1438 695 banc
1446 633 1534 693 Zenon

289 728 429 804 epistolam
446 729 504 801 ipse
520 725 592 781 Felix
608 743 650 798 ep.
671 725 708 781 15
722 741 749 779 n.
763 723 780 779 2
797 722 906 785 indicet,
916 720 973 804 *ubi
986 720 1109 778 eumdem
1131 722 1322 795 imperatorem
1336 721 1378 777 sic
1398 719 1534 795 ataquta

288 817 354 872 dnm
368 830 423 886 per
449 814 585 885 synodum
608 811 882 879 Gatcbedonensem‚
905 825 991 881 qnam
1012 822 1043 864 ae
1071 808 1177 864 dadam
1200 809 1306 865 litteris
1325 808 1534 881 deripnaeittr

290 902 440 956 clementia
457 900 601 966 venerari,
620 897 779 968 Entycbcm
795 901 881 968 ntqne
896 894 1067 950 Dioscornm
1084 898 1193 950 constet
1208 908 1272 950 esse
1287 893 1449 949 damnator.
1470 890 1534 968 lieqt

289 985 321 1041 ad
343 984 406 1040 alias
427 984 507 1039 etiam
527 982 642 1037 Zenonis
663 981 768 1037 litteras
790 978 964 1036 referendum
989 977 1103 1041 videtur,
1130 977 1204 1052 quod
1225 976 1348 1035 Gelasiua
1369 994 1414 1054 ep.
1436 976 1477 1035 26
1495 994 1523 1035 ιι.

289 1068 395 1126 scribit:
418 1069 498 1137 Quia,
522 1068 599 1140 qnod
618 1070 681 1138 ipse
697 1067 774 1123 Zeno
789 1069 948 1138 imperator
967 1068 1072 1121 litteris
1092 1066 1154 1121 anis
1176 1066 1343 1138 profitetur,
1369 1070 1479 1121 cuneta
1498 1078 1534 1121 tet

289 1172 329 1212 ex
343 1156 446 1210 Aeacii
458 1157 580 1227 persicae
596 1154 735 1209 consilio?
767 1150 813 1222 (id.
838 1167 880 1226 ep.
899 1150 914 1206 1
936 1168 963 1207 n.
982 1148 1042 1223 12).
1072 1149 1159 1206 Porro
1174 1150 1223 1205 bas
1237 1149 1353 1206 Zenonis
1372 1149 1479 1207 litteras
1497 1164 1534 1224 pm

288 1242 359 1296 sime
388 1248 451 1294 ante
477 1255 596 1294 mensem
622 1237 723 1295 lulium
749 1238 810 1293 anni
836 1235 898 1295 484
926 1235 1000 1293 datas
1028 1235 1110 1293 luisse
1136 1236 1262 1311 sequenti
1286 1234 1456 1313 paragrapho
1480 1250 1534 1293 mn

289 1326 387 1382 testum
404 1323 459 1380 liet.

894 1467 952 1533 IX.

290 1600 367 1639 arrno
383 1579 445 1638 484
461 1583 522 1638 eod.
541 1589 624 1654 temp.
655 1581 759 1637 Aeacii
773 1582 812 1636 ad
826 1580 952 1636 Felicem
966 1583 995 1637 in
1012 1582 1111 1637 eadem
1133 1596 1225 1638 caasa
1240 1595 1422 1653 responsam.

309 1741 313 1753 ,
374 1683 475 1741 lisdem
497 1684 594 1758 legatis
615 1683 695 1739 simui
719 1683 799 1738 etiam
820 1683 930 1738 Aeacius
952 1681 1094 1756 epistolam
1121 1681 1153 1738 ad
1175 1680 1292 1739 Felicem
1312 1680 1436 1744 tradidit,
1461 1680 1534 1757 inat

289 1772 400 1827 Petrum
420 1761 450 1825 iu
472 1769 676 1825 Alexandrinam
696 1768 787 1824 sedeur
815 1768 950 1824 intrusum
973 1767 1155 1824 excusandum
1176 1766 1305 1832 credidit,
1328 1768 1411 1824 immo
1430 1782 1479 1824 nec
1496 1782 1534 1823 ea:

291 1856 400 1912 laudare
416 1854 495 1911 desiit
511 1862 538 1910 et
554 1854 644 1910 multis
660 1854 756 1909 ellerre
776 1854 941 1928 praeconiis,
966 1854 1002 1909 ita
1023 1862 1054 1908 ut
1069 1853 1267 1910 damnationem
1287 1853 1382 1928 ipsius,
1402 1868 1480 1928 quam
1495 1868 1534 1909 ιι·

291 1941 430 2003 retulerat,
458 1957 546 1997 veram
568 1956 624 1996 non
639 1939 724 1995 inisse
735 1943 859 2009 jactaret.
890 1937 924 1995 Et
939 1940 1005 1996 baec
1019 1938 1128 2013 quidem
1144 1937 1218 1995 lieiix
1233 1940 1314 2013 epist.
1331 1939 1350 1997 6
1364 1955 1394 1996 tt.
1410 1938 1428 1996 1
1445 1937 1534 1995 lacet!

292 2045 334 2101 ep.
352 2027 435 2085 1011.
453 2025 471 2081 2
488 2026 596 2099 repetit,
619 2024 663 2081 ubi
684 2040 792 2080 rursum
813 2023 847 2080 de
862 2024 958 2081 bracio
972 2026 1105 2098 queritur,
1128 2034 1158 2081 ut
1173 2025 1233 2099 qui,
1255 2025 1359 2100 inquit,
1378 2022 1534 2082 Parme

292 2119 418 2169 mnatnm
432 2127 488 2184 per
501 2114 611 2185 tenatos
626 2117 740 2168 nostros
761 2109 789 2182 (ι.
809 2127 833 2166 e.
850 2127 899 2184 per
914 2110 1055 2184 epistelam
1076 2110 1174 2185 legatis
1196 2109 1294 2182 damna)
1315 2112 1411 2168 mattis
1429 2108 1534 2167 meat:

288 2205 465 2271 prosecutus
480 2201 525 2254 sit.
547 2195 656 2261 ibidem,
676 2204 706 2252 ut
720 2204 815 2251 auctor
829 2204 871 2252 est
887 2194 1008 2251 Gelasius
1024 2197 1104 2270 epist.
1119 2197 1132 2252 1
1149 2213 1176 2253 n.
1193 2195 1240 2259 12,
1256 2197 1329 2252 inter
1339 2194 1390 2252 alia
1399 2190 1534 2271 prolemba

293 2300 370 2341 nunc
385 2285 614 2339 Alexandrinam
631 2285 783 2340 ecclesiam
799 2285 950 2357 respirare
970 2290 997 2338 et
1018 2285 1178 2355 spiritualis
1194 2284 1348 2339 alimoniae
1361 2282 1491 2339 ubertate
1508 2296 1534 2337 ι

293 2373 370 2426 tiari.
401 2367 499 2425 Eadem
514 2384 624 2443 quoque
639 2367 754 2443 epistola
769 2365 919 2423 testabatur
932 2367 1053 2430 Aeacius,
1079 2383 1140 2423 sese
1161 2384 1222 2423 cum
1240 2368 1274 2424 iis
1288 2368 1491 2429 communierat.
1507 2383 1534 2441 ς

293 2458 333 2512 ad
347 2457 499 2512 ecclesiam
513 2456 565 2511 snb
580 2454 669 2512 Petra
691 2455 833 2522 redibant,
857 2453 884 2510 ir.
902 2470 925 2509 e.
946 2454 985 2509 uti
1001 2451 1074 2509 lieiix
1090 2452 1195 2526 probat,
1219 2469 1281 2509 cum
1294 2453 1343 2518 iis,
1359 2469 1434 2528 qaas
1451 2464 1534 2511 caen

294 2556 358 2598 esse
373 2541 535 2597 baereticae
551 2536 617 2613 (iel.
634 2556 677 2613 ep.
694 2540 713 2596 6
729 2557 754 2594 ιι.
773 2538 812 2610 1).
843 2536 914 2594 ilaec
935 2555 1017 2612 porro
1039 2538 1163 2612 epistola,
1185 2555 1253 2613 quae
1267 2537 1379 2595 Petrum
1404 2536 1534 2614 poemiae¹

293 2643 406 2699 scopum
419 2625 626 2681 Alexandrinum
641 2622 784 2681 excusabat
798 2641 829 2680 ac
843 2623 967 2680 laudibus
983 2622 1137 2686 extollebat,
1153 2623 1303 2680 iohannem
1317 2622 1534 2682 accumbam

294 2711 414 2784 ejusdem
430 2711 557 2767 eeclesiae
573 2711 728 2773 antistitem.
751 2718 778 2766 et
799 2710 971 2766 contmneliis
992 2709 1064 2766 illius
1078 2708 1180 2765 relenta
1194 2718 1253 2767 erat
1268 2708 1369 2782 (Gelas.
1385 2711 1463 2785 epist.
1477 2706 1526 2767 26

294 2797 333 2872 3).
366 2796 433 2853 ilinc
448 2804 476 2853 et
491 2813 505 2851 a
520 2794 607 2851 l'elice
624 2795 705 2870 iegati
721 2802 958 2870 repraesentantur
979 2803 1008 2851 ut
1024 2798 1213 2853 corrtnmelias
1237 2794 1534 2854 antonomasiam

294 2887 434 2957 diripente
447 2888 600 2955 portantes
625 2880 723 2953 (Gelas.
741 2888 818 2937 tract.
835 2879 845 2936 l
860 2899 887 2936 n.
907 2879 966 2952 13).
999 2880 1077 2937 iiunc
1092 2889 1182 2936 autem
1197 2879 1233 2938 ibi
1248 2882 1407 2939 nominatim
1421 2876 1534 2937 menda«

294 2976 447 3026 incausatum
464 2967 556 3029 luisse,
573 2966 694 3022 Gelasius
709 2983 776 3040 papa
792 2983 834 3040 ep.
854 2965 893 3024 10
909 2983 935 3022 ιι.
951 2967 969 3023 6
986 2973 1012 3022 et
1028 2983 1070 3041 ep.
1089 2966 1128 3024 26
1145 2984 1173 3023 n.
1189 2965 1209 3022 4
1225 2975 1366 3023 memorat.
1382 2962 1480 3024 Eadem
1491 2980 1534 3039 ιιι

295 3072 347 3130 qum
363 3054 469 3110 Gelasio
490 3069 532 3127 ep.
552 3053 567 3108 1
585 3070 612 3108 n.
631 3052 669 3107 12
686 3059 714 3108 et
729 3050 779 3115 25,
802 3052 841 3110 26
857 3069 884 3107 n.
902 3052 920 3109 8
938 3060 1015 3117 teste,
1032 3051 1164 3126 quidquid
1180 3059 1246 3109 tune
1266 3053 1324 3128 egit
1337 3050 1411 3111 Zeno
1429 3052 1483 3109 aire
1497 3064 1534 3107 a:

294 3141 391 3215 legatis
407 3141 463 3195 sire
479 3155 539 3195 eum
555 3138 622 3201 aliis,
644 3145 719 3194 reete
734 3146 823 3193 actum
837 3139 918 3195 immo
936 3141 1010 3196 oelnt
1031 3139 1166 3195 divinitas
1187 3141 1359 3212 inspiratam
1374 3154 1435 3197 esse
1453 3136 1534 3195 Ant

296 3229 322 3283 in
338 3243 369 3282 ea
385 3225 500 3300 epistola
516 3222 692 3298 praedicabat.
709 3241 760 3280 nec
776 3222 887 3287 tacebat.
904 3225 1029 3282 universa
1044 3240 1095 3280 suo
1110 3224 1198 3298 ipsius
1212 3222 1328 3281 consilio
1338 3231 1398 3282 aeta
1407 3238 1474 3283 ease.
1487 3218 1534 3279 tl.

295 3314 321 3368 in
338 3328 370 3368 co
386 3310 501 3367 eoncilia
516 3308 688 3391 Romanein
705 3326 759 3383 quo
776 3309 859 3384 legati
870 3308 982 3380 judicati
997 3318 1070 3375 sunt,
1086 3309 1249 3384 praelectam
1264 3326 1325 3367 esse
1340 3307 1416 3367 aem
1429 3326 1471 3385 ep.
1482 3304 1534 3365 1]

297 3397 420 3454 illucet.
452 3396 578 3470 Tempus,
601 3412 655 3469 qua
677 3394 773 3469 legatis
794 3395 970 3452 redeuntibus
993 3395 1054 3452 data
1074 3403 1125 3458 est,
1148 3413 1202 3452 uon
1221 3403 1263 3452 est
1282 3396 1427 3453 incertus.
1453 3394 1534 3453 sm

296 3502 339 3557 ep.
364 3482 381 3540 6
405 3482 589 3555 perstringere
611 3482 704 3555 nequit
725 3479 813 3542 Felix,
841 3498 910 3555 quae
931 3483 983 3538 ista
1003 3480 1225 3546 continebantur,
1246 3483 1298 3540 uisi
1314 3480 1373 3555 jan
1393 3479 1443 3539 sibi
1460 3474 1534 3537 aetla

297 3577 379 3624 esset.
411 3567 492 3642 Atqui
511 3566 573 3622 luiii
596 3566 635 3623 28
662 3565 706 3622 die
729 3567 790 3622 anui
811 3565 873 3624 484
893 3568 1070 3641 consiguatur
1090 3568 1206 3642 epistola
1233 3568 1266 3632 6,
1292 3566 1416 3643 adeoque
1440 3580 1487 3625 aet

297 3669 390 3710 mense
404 3653 485 3709 lunio
501 3653 563 3708 antri
578 3650 698 3723 ejusdcm
713 3653 852 3728 posterior
866 3652 1000 3710 censenda
1014 3662 1065 3710 est.

910 3815 950 3881 X.

298 3946 375 3984 anno
390 3926 452 3985 484
468 3928 528 3984 eod.
546 3934 629 3999 temp.
652 3928 753 4001 Cyrilli
762 3928 998 3984 Aeaemitensium
1011 3931 1176 4001 praepositi
1190 3931 1371 4003 aliorumque
1382 3930 1461 3988 erbis
1469 3936 1534 3999 reo

450 4013 746 4070 archimandritarum
767 4029 822 4070 nec
837 4031 895 4070 non
910 4016 1111 4086 episcoporum
1133 4021 1161 4070 et
1182 4016 1356 4073 clericorum
1372 4016 1534 4091 Acpppuac

450 4100 590 4156 dioecesis
604 4102 643 4157 ad
664 4101 789 4156 Felicem
803 4101 838 4156 de
853 4100 941 4157 rebus
954 4100 1162 4158 Alemandrinis
1176 4103 1344 4159 relationes.

383 4201 450 4257 itum
471 4203 507 4257 ita
526 4203 554 4258 in
576 4204 690 4277 gratiam
706 4201 779 4258 Petri
799 4200 933 4258 scribebat
944 4203 1070 4267 Aeacius,
1092 4201 1125 4258 de
1145 4201 1241 4260 eodem
1256 4202 1338 4260 Petro
1353 4210 1488 4280 umquam
1504 4198 1534 4257 lt

300 4288 385 4345 retica
401 4297 428 4343 ct
451 4286 485 4342 de
499 4288 548 4351 iis,
571 4289 694 4361 quicum
715 4289 775 4363 ipso
791 4287 1036 4352 communicabant,
1064 4288 1157 4363 Cyrilli
1182 4289 1412 4348 acaemitensium
1426 4284 1534 4367 praepeti

300 4374 468 4446 aliorumque
483 4372 556 4429 urbis
571 4374 663 4447 regiae
678 4373 943 4431 archimandritarum
960 4374 1063 4431 litteras
1079 4373 1152 4431 Felix
1167 4376 1279 4451 accepit.
1310 4373 1331 4431 F
1332 4374 1446 4434 erebant
1458 4372 1534 4453 culp

301 4459 497 4515 Acoenritensis
519 4460 676 4515 monasterii
697 4461 834 4523 monachi.
857 4461 947 4533 quiet
968 4459 1061 4516 Vitalis
1082 4468 1109 4516 et
1130 4459 1224 4517 liiseui
1240 4459 1344 4533 judicia
1365 4460 1466 4519 ιιιιιιιιιο
1487 4460 1534 4521 iata

301 4545 419 4601 luerunt.
451 4543 518 4618 ipsis
541 4551 631 4600 autern
647 4543 745 4601 litteris
760 4544 889 4619 Euagrius
909 4545 950 4608 ιιι,
974 4544 1015 4604 20
1029 4545 1094 4602 alias
1116 4544 1255 4618 adjunctas
1274 4546 1363 4605 ualuit
1382 4548 1534 4625 episcopm

301 4640 328 4687 et
342 4631 503 4687 clericorum
518 4631 668 4705 Aegyptiae
683 4630 828 4695 dioecesis,
850 4632 897 4705 qui
914 4647 996 4706 quum
1017 4630 1108 4688 eodem
1124 4630 1159 4688 de
1173 4631 1254 4689 Petro
1270 4631 1409 4691 referrem
1429 4650 1500 4710 quaa
1511 4650 1534 4697 ι

301 4715 364 4773 dicti
386 4715 620 4778 archimandritae.
646 4714 715 4772 iilud
735 4717 891 4773 nominatim
919 4715 1095 4780 testabantur,
1117 4716 1191 4791 quod
1212 4718 1363 4777 lebannes
1382 4720 1534 4800 amima

303 4810 367 4859 erat
383 4804 570 4873 ortbodoans,
585 4805 709 4877 tepitime
725 4805 876 4860 ordinatus
887 4803 1003 4876 suisset,
1019 4804 1127 4861 Petrus
1141 4811 1238 4861 antem
1252 4824 1271 4863 a
1285 4804 1400 4863 duabus
1410 4808 1534 4869 solen

303 4892 407 4963 scopis,
424 4892 474 4964 qai
488 4890 615 4946 camdem
635 4894 722 4964 atque
739 4891 802 4962 ipse
816 4890 961 4947 baeresim
970 4892 1192 4964 profiterentur,
1209 4898 1330 4949 creatas
1343 4898 1435 4967 earet,
1455 4898 1487 4951 et
1505 4912 1534 4970 qr
