3450 5678
250 327 312 392 134
733 343 760 389 s.
777 339 900 388 urnam
922 336 1036 386 aaran

139 525 163 562 a.
175 514 233 561 457.
248 496 378 562 Eusebii
395 496 612 562 Caesariensis
624 494 827 559 Palaestinae
850 493 989 557 civitatis
1013 494 1165 578 episcopi,
1188 493 1248 557 riri
1270 493 1429 577 imprimis
1451 516 1522 559 eru·

248 595 396 664 ditissimi
418 622 456 663 ac
479 597 665 679 doctissimi,
697 595 857 660 chronicis
885 595 1096 680 prologoque,
1132 617 1170 660 ac
1196 594 1330 680 perinde
1352 595 1413 680 his,
1437 619 1522 681 quae

249 724 267 766 a
295 704 428 767 sanctae
456 699 627 763 memoriae
654 697 852 782 Hieronymo
879 697 992 762 iisdem
1022 697 1181 776 chronicis
1202 700 1278 761 sunt
1300 697 1428 782 adjecta
1449 720 1522 784 pre·

248 805 387 888 sbytero,
411 824 468 887 per
490 822 583 885 quem
605 801 640 864 in
662 800 799 865 latinum
821 820 944 884 quoque
961 799 1139 884 probantur
1153 799 1313 863 translata
1328 820 1520 885 sermonem,

248 907 359 991 hisque
382 905 490 986 etiam,
514 924 595 987 quae
618 924 637 965 a
659 905 771 966 sancto
794 906 827 967 et
847 901 1023 967 venerabili
1044 902 1113 966 viro
1128 901 1284 986 Prospero
1294 902 1333 988 Η)
1355 922 1457 987 usque
1479 905 1522 969 ad

118 1017 161 1072 .C.
173 1022 231 1072 455.
249 1007 449 1074 consulatum
476 1004 701 1070 Valentiniani
734 1004 874 1089 Augusti
897 1003 977 1068 VIII
1011 1008 1043 1069 et
1071 1003 1236 1068 Anthemii
1266 1008 1394 1069 constat
1420 1004 1523 1071 fuisse

247 1109 407 1194 suppleta,
437 1107 541 1190 reperi
564 1129 583 1171 a
605 1106 716 1170 mundi
739 1106 897 1191 principio
919 1127 1019 1190 usque
1041 1105 1081 1169 ad
1103 1105 1257 1170 diluvium
1278 1105 1340 1171 duo
1362 1106 1467 1172 millia
1488 1111 1524 1174 et

249 1210 390 1278 OOXLII
413 1230 525 1292 annos,
548 1209 627 1273 item
649 1229 668 1273 a
691 1207 809 1272 diluvio
831 1229 930 1292 usque
952 1208 992 1273 ad
1017 1208 1221 1273 nativitatem
1243 1207 1395 1273 Abrahae
1416 1231 1523 1275 annos

248 1310 490 1393 DCCOCXLH3
523 1313 637 1374 natum
665 1313 771 1374 autem
793 1309 959 1374 Abraham
987 1308 1124 1394 XLH¹⁵)
1152 1333 1239 1375 anno
1265 1314 1425 1396 regnante
1450 1312 1521 1397 jam

248 1415 345 1498 Nino,
375 1413 485 1478 eadem
513 1416 721 1477 monumenta
746 1414 916 1476 testantur.
963 1413 993 1475 A
1017 1411 1105 1496 cujus
1128 1412 1225 1476 etiam
1246 1415 1391 1498 tempore
1413 1417 1524 1499 geata-

248 1540 318 1581 rum
346 1538 452 1581 rerum
475 1514 593 1599 publici
622 1515 792 1599 scriptores
821 1512 905 1599 apud
932 1513 1086 1578 barbaros
1114 1535 1183 1579 esse
1214 1519 1398 1599 coeperunt.
1437 1516 1524 1592 Qua·

50 1663 63 1680 .
79 1618 96 1654 ·“
148 1661 151 1667 -
247 1622 378 1704 propter
399 1619 447 1682 vir
468 1616 659 1682 venerabilis
687 1615 868 1700 praedictus
891 1615 1048 1680 Eusebius
1076 1615 1298 1680 chronicorum
1326 1617 1447 1684 abhinc
1467 1640 1525 1685 ex·

247 1742 337 1786 orsus
359 1724 409 1784 est
430 1719 615 1801 historiam,
642 1719 750 1782 volens
773 1717 950 1782 industriae
972 1739 1049 1782 suae
1070 1717 1166 1782 fidem
1187 1719 1422 1784 mundanorum
1444 1742 1524 1806 quo-

247 1845 308 1907 que
331 1821 496 1886 annalium
519 1825 691 1886 coaetaneo
714 1820 816 1884 relatu
838 1819 992 1904 perpendi
1015 1822 1048 1883 et
1069 1820 1232 1904 professae
1254 1821 1399 1887 veritatis
1421 1824 1523 1890 etiam

135 1933 147 1946 ⁶
247 1923 417 2010 gentilium
439 1923 564 1988 litteras
586 1927 685 1988 testes
707 1921 875 2005 sciscitari,
900 1925 1071 1987 contentus
1086 1923 1262 2007 praeterita
1276 1925 1404 1988 saecula
1418 1927 1524 1991 sacris

248 2026 461 2092 voluminibus
485 2026 649 2110 explicari,
673 2028 795 2089 aetates
817 2028 946 2089 tantum
968 2024 1151 2088 summatim
1173 2027 1259 2089 retro
1273 2027 1524 2110 generationum

248 2152 287 2194 ex
309 2128 435 2214 prologi
461 2131 553 2193 textu
581 2126 781 2212 patefaciens
809 2130 842 2191 et
870 2126 975 2209 operis
1002 2126 1249 2212 plenitudnew)
1277 2128 1338 2192 sub
1359 2148 1523 2195 annorum

247 2230 514 2314 recapitulatione
542 2231 663 2314 pariter
691 2227 973 2313 comprehendens.
1020 2227 1118 2312 Cujus
1146 2232 1291 2293 tenorem
1318 2229 1367 2294 sir
1387 2252 1524 2297 venera·

247 2333 321 2397 bilis
336 2333 474 2417 Prosper
494 2335 631 2414 secutus,
654 2331 767 2395 iisdem
794 2330 952 2394 chronicis
974 2330 1054 2394 haec
1076 2330 1188 2394 eadem
1207 2331 1339 2415 egregia
1360 2331 1524 2400 brevitate

249 2435 436 2518 composuit,
465 2438 501 2498 ut
528 2455 636 2498 eornm
665 2434 793 2498 initium
823 2455 842 2496 a
869 2431 979 2496 mundi
1009 2431 1215 2496 inchoaretur
1242 2433 1381 2498 exordio.
1421 2434 1524 2502 Porro

107 2549 235 2604 acaia.
248 2536 288 2601 ab
311 2535 477 2600 Abraham
504 2557 602 2621 usque
632 2535 667 2600 in
695 2539 819 2599 sextum
845 2533 990 2598 Valentis
1018 2533 1217 2598 consulatum
1240 2538 1274 2599 et
1295 2535 1522 2604 Valentiniani

247 2639 421 2703 secundum
448 2639 510 2702 duo
538 2637 639 2703 millia
668 2636 845 2719 CCCXOV,
874 2657 911 2700 ac
939 2635 1053 2700 deinde
1081 2636 1123 2699 ab
1150 2636 1295 2701 Ausonio
1323 2638 1523 2725 Olybrioque

249 2739 441 2822 consulibus,
465 2741 520 2825 qui
543 2743 728 2825 sequuntur,
752 2761 850 2824 usque
873 2739 914 2803 ad
936 2737 1016 2802 VIH
1033 2737 1258 2802 Valentiniani
1281 2725 1422 2825 Augusti
1446 2763 1523 2808 con·

107 2857 234 2911 50455.
249 2843 387 2917 sulatum
411 2846 443 2907 et
465 2841 633 2907 Anthemii
655 2840 807 2906 LXXVII
818 2842 867 2926 ¹²),
901 2845 934 2904 et
961 2839 1057 2904 simul
1084 2861 1195 2904 omnes
1217 2864 1236 2904 a
1257 2840 1370 2905 mundi
1392 2843 1522 2929 origine

107 2959 235 3014 50457,
249 2967 348 3029 usque
370 2944 410 3008 ad
427 2944 676 3010 Constantinum
698 2947 731 3008 et
745 2943 864 3008 Rufum
888 2945 1073 3027 praesentes
1096 2941 1241 3006 consules
1263 2942 1523 3028 quinquemillia

251 3046 413 3113 DOLVIII
437 3048 515 3111 anni
537 3046 729 3111 referuntur.
764 3045 885 3121 Quibus
907 3045 949 3109 ob
970 3044 1139 3108 veritatem
1161 3045 1278 3109 certius
1300 3044 1522 3131 indagandam

248 3151 405 3215 bissextos
430 3151 526 3214 etiam
550 3149 706 3232 copulavi,
734 3171 797 3233 quo
819 3147 1021 3212 manifestius
1049 3151 1229 3231 appareret,
1256 3150 1362 3212 utram
1384 3148 1448 3213 sibi
1470 3148 1521 3214 vel

249 3253 461 3318 bissextorum
489 3251 573 3315 ratio
601 3250 651 3314 rel
680 3251 802 3315 dierum
829 3253 897 3313 tarn
924 3248 1142 3314 Kalendarum
1168 3248 1397 3314 Januariarum
1424 3272 1521 3335 qnam

249 3355 327 3419 Vlll
350 3352 570 3417 Kalendarum
586 3351 762 3435 Aprilium,
790 3374 852 3436 quo
874 3351 1009 3416 mundus
1031 3350 1169 3415 traditur
1190 3350 1417 3437 institutus¹⁸),
1445 3374 1521 3420 oon·

248 3456 374 3520 tinuata
396 3453 612 3537 disputatione
635 3453 829 3518 concineret.

318 3710 347 3775 Ι4)
366 3707 495 3761 Labbeus
513 3707 542 3761 in
559 3706 699 3762 breviario
718 3706 915 3776 chronologico
934 3707 970 3762 ad
988 3725 1091 3762 annum
1106 3713 1157 3763 455
1175 3708 1322 3778 probabile
1341 3710 1436 3780 putat,
1455 3710 1522 3766 Pro

247 3809 359 3863 sperum
381 3791 425 3846 val
446 3792 583 3872 hoclipso
606 3807 679 3846 anno
702 3792 747 3847 vel
770 3791 897 3861 sequenti
919 3792 1030 3847 vivendi
1053 3794 1136 3848 finem
1159 3793 1263 3848 fecisse.
1304 3794 1393 3859 Quem
1415 3797 1523 3863 tamem

248 3896 332 3947 quum
345 3877 484 3931 Victorius
501 3877 555 3932 ista
574 3877 716 3944 scriberet,
734 3877 762 3931 id
781 3879 823 3931 ost
840 3894 914 3932 anno
930 3884 989 3943 457,
1007 3878 1092 3932 etiam
1110 3878 1138 3932 in
1158 3879 1265 3949 superis
1278 3878 1364 3933 lmese
1375 3879 1404 3933 id
1416 3879 1524 3937 indicio

248 3964 299 4029 est,
318 3962 495 4031 quod·quum
513 3962 712 4031 Hieronymum
731 3965 780 4017 ant
789 3962 974 4032 Theophilum
992 3963 1137 4018 nominans
1155 3964 1242 4019 addat
1259 3965 1421 4019 constanter
1436 3968 1525 4022 tone

248 4053 390 4112 memmae,
409 4046 444 4101 de
456 4047 592 4116 Prospero
610 4049 686 4103 facta
703 4048 788 4103 semel
807 4050 836 4102 et
853 4047 954 4102 iterum
972 4046 1111 4102 mentione
1130 4047 1292 4119 simpliciter
1310 4050 1340 4103 et
1354 4048 1413 4104 sine
1425 4048 1523 4119 hujus·

248 4130 324 4185 modi
341 4131 438 4187 addito
456 4133 595 4202 loquatur.
626 4133 752 4188 Norisius
770 4133 800 4187 et
811 4133 963 4187 Bucherius
981 4132 1069 4202 igitur
1086 4135 1205 4188 mortem
1223 4134 1283 4203 ejus
1301 4148 1376 4188 anno
1384 4139 1444 4200 463,
1463 4133 1526 4190 re-

248 4216 304 4271 sius
322 4233 395 4271 anno
414 4222 464 4271 465
481 4223 596 4287 ponunt,
619 4221 747 4273 auctores
766 4218 830 4272 hist.
850 4217 904 4272 litt.
924 4217 1020 4273 Frena.
1041 4218 1133 4285 narr
1152 4218 1242 4287 magis
1260 4233 1335 4273 anno
1346 4223 1398 4274 453
1416 4218 1525 4276 heaut.

317 4301 421 4370 ¹³)A1ii
440 4305 550 4356 XLIII.
569 4301 654 4357 Buch.

318 4390 347 4455 16)
366 4386 421 4442 Alii
437 4393 463 4441 ia
481 4393 568 4456 opera
583 4393 770 4456 plenitudinem.
801 4387 886 4443 Buch.

318 4476 348 4539 ¹²)
367 4472 426 4538 Quo
444 4470 549 4527 scilicet
566 4489 639 4527 anno
656 4474 782 4544 Prosper,
801 4473 848 4542 qui
859 4473 975 4529 Victorii
993 4473 1073 4543 quasi
1085 4473 1296 4528 fundamentum
1308 4473 1423 4540 exstitit,
1442 4474 1526 4530 chro-

248 4559 330 4615 nicon
347 4577 427 4614 suum
444 4557 541 4613 finivit.

317 4647 347 4713 ¹⁸)
365 4643 502 4715 Antiquos
531 4645 629 4699 auctor
655 4644 849 4714 quaestionum
875 4662 909 4700 ex
935 4646 1054 4714 utroque
1084 4645 1255 4699 testamento
1283 4643 1375 4713 primo
1404 4644 1528 4712 quidm

248 4735 353 4798 quaest.
367 4736 401 4785 55
417 4745 469 4799 pro
488 4731 564 4784 certo
582 4728 674 4800 ponit,
697 4730 830 4783 mundum
847 4731 876 4784 in
893 4728 1069 4800 aequinoctio
1093 4746 1178 4784 venio
1201 4728 1285 4783 luisse
1308 4727 1467 4797 numam,
1489 4747 1530 4789 ιο

249 4813 349 4869 deindo
367 4813 454 4882 addit,
471 4815 612 4869 Romanos
629 4819 704 4869 VIII
718 4819 851 4871 lr'alendas
864 4821 965 4885 Aptius
982 4813 1188 4883 aequinoctium
1206 4813 1319 4869 habere.
1354 4813 1393 4867 At
1410 4818 1528 4884 quma

251 4904 297 4953 106
316 4899 405 4967 docet,
420 4907 481 4966 fleri
497 4906 679 4971 aequhrocu'um
696 4907 773 4971 primi
791 4907 918 4970 scruposas,
937 4905 1038 4971 quondo
1056 4905 1126 4955 Deua
1143 4905 1258 4954 mundam
1275 4905 1381 4966 creant,
1401 4905 1451 4970 qui
1466 4905 1531 4959 aaa
