3450 5678
225 332 286 400 766
664 347 691 397 s.
708 344 915 397 nonnrsons
936 342 1051 394 aaran

118 520 211 569 aare.
224 505 356 587 sulitur,
391 526 456 568 non
486 503 589 566 solum
617 500 797 566 exhortatio
824 501 879 565 sed
907 500 1082 585 postulatio
1103 521 1228 585 quoque
1257 500 1401 566 creditur
1431 523 1504 567 esse

225 607 433 689 conveniens,
457 608 494 669 ut
515 604 637 668 duabus
664 605 699 668 in
726 625 826 668 unum
849 603 1115 668 concurrentibus
1138 603 1243 668 cauma
1264 604 1395 668 animus
1419 604 1504 669 inci-

223 712 321 791 tatus,
345 707 429 792 quod
451 707 529 770 felix
551 709 583 770 et
605 707 724 770 bonurn
746 705 891 790 partibus
913 705 972 788 sit,
997 705 1103 769 valent
1125 705 1270 791 adipisci.
1315 705 1352 772 Si
1373 705 1503 771 etenim

225 810 370 876 Christus
392 809 480 873 Deus
503 812 535 872 et
556 807 714 871 Dominus
736 811 846 871 noster
875 810 908 871 et
934 828 993 891 per
1013 807 1217 872 mitissimam
1238 807 1446 873 voluntatem
1468 814 1504 875 et

224 913 395 997 quamdam
417 909 665 994 dispensationis
687 909 874 993 petitionem
890 931 949 974 nos
963 909 1125 974 revocavit
1140 910 1179 973 ad
1195 932 1240 994 se,
1264 912 1297 975 et
1311 911 1503 996 redemptos

224 1015 353 1099 proprio
375 1013 533 1098 sanguine
555 1012 696 1076 libertati
720 1009 879 1094 restituit,
908 1015 945 1074 ut
973 1009 1110 1075 salutem
1138 1011 1329 1077 mortalitati
1351 1018 1501 1098 praesta·

225 1121 290 1199 ret3
312 1138 378 1180 non
400 1116 526 1180 videtur
548 1113 735 1196 absurdum,
759 1115 825 1176 tam
849 1112 933 1196 apud
954 1112 1219 1197 gloriosissimum
1240 1135 1368 1200 regem,
1400 1139 1501 1201 quam

225 1219 310 1302 apud
331 1216 552 1282 beatissimum
574 1237 691 1299 papam
707 1214 809 1278 almae
824 1214 913 1279 urbis
927 1213 1049 1279 Itomae
1072 1218 1179 1299 patres
1202 1217 1417 1302 conscriptes,
1441 1219 1500 1283 im·

224 1319 337 1404 periali
360 1319 509 1404 petitioni
533 1318 737 1400 conjunctos,
768 1339 805 1380 ea
827 1339 973 1401 sperare,
1002 1339 1083 1403 quae
1111 1321 1144 1381 et
1165 1319 1258 1382 nobis
1286 1323 1320 1384 et
1341 1320 1405 1384 sibi
1430 1320 1500 1385 Deo

226 1425 389 1486 annuente
411 1424 446 1485 in
469 1442 636 1486 commune
663 1420 849 1503 proficiant:
876 1418 937 1484 hcc
960 1424 1023 1504 est,
1052 1442 1093 1484 ne
1120 1421 1332 1505 fugitivorum
1360 1424 1498 1488 aurliant

226 1524 436 1588 concinnatos
458 1543 618 1587 sermones
641 1524 675 1585 et
692 1521 858 1585 mendacio
880 1521 946 1586 solo
969 1523 1171 1607 compositos,
1195 1523 1249 1587 sed
1272 1525 1497 1592 satisfactione

226 1630 392 1710 suscepta,
426 1646 521 1710 quam
548 1628 581 1688 et
609 1624 727 1688 veritas
755 1628 787 1688 et
809 1624 988 1708 legatorum
1017 1624 1071 1707 qui
1093 1624 1207 1689 directi
1228 1630 1307 1689 sunt
1327 1627 1496 1713 inquisitio

226 1728 395 1813 patefecit,
425 1726 465 1790 ad
488 1726 699 1790 desideratam
725 1747 838 1809 pacem
867 1726 1055 1810 acceptabili
1078 1727 1148 1791 Deo
1175 1728 1341 1813 voluptate
1364 1750 1494 1795 concur·

226 1829 344 1915 rant²).
389 1828 611 1893 Indubitatum
633 1828 788 1911 siquidem
811 1831 860 1891 est
882 1849 920 1891 ex
942 1828 1041 1913 longa
1062 1851 1220 1894 annorum
1242 1830 1335 1913 serie,
1360 1832 1493 1897 multam

226 1935 352 2016 partem
373 1930 567 2015 reipublicae
591 1933 729 1994 vestram
752 1930 915 1994 vindicare
938 1930 1164 1996 constantiam.
1207 1931 1347 1997 Proinde
1368 1938 1492 2019 oportet

227 2033 465 2098 sanctissimum
488 2035 613 2097 coetum
635 2036 775 2096 vestrum
797 2031 906 2096 solerti
934 2032 1040 2097 studio
1069 2054 1107 2096 ae
1134 2033 1267 2117 provido
1288 2033 1400 2100 labore
1423 2060 1490 2101 eon-

226 2136 358 2200 tenderc
380 2139 447 2199 tam
468 2134 553 2219 apud
576 2133 734 2198 excelsum
757 2155 876 2218 regem,
906 2134 958 2198 cui
980 2135 1113 2219 regendi
1136 2156 1191 2199 vos
1213 2140 1360 2220 potestas
1381 2142 1416 2203 et
1434 2140 1489 2203 sol·

228 2238 358 2302 licitudo
381 2237 548 2301 commissa
575 2239 638 2319 est,
670 2258 765 2320 quam
793 2236 878 2319 apud
906 2235 1119 2301 venerabilem
1146 2259 1283 2323 papam,
1318 2240 1371 2304 cui
1398 2240 1489 2305 inter·

228 2340 359 2404 cedendi
383 2338 466 2423 apud
489 2337 591 2402 Deum
613 2336 752 2401 facultas
774 2342 824 2402 est
844 2337 1016 2423 praestita,
1040 2341 1077 2402 ut
1096 2339 1132 2402 in
1154 2360 1192 2403 ea
1214 2344 1307 2423 parte
1330 2343 1432 2406 animi
1445 2343 1487 2407 sui

228 2442 405 2507 bonitatem
427 2441 601 2525 dignentur
623 2438 822 2524 impendere,
851 2441 886 2503 in
908 2462 972 2526 qua
993 2440 1159 2525 utriusque
1180 2442 1378 2526 reipublicae
1400 2467 1487 2510 mem·

227 2544 285 2608 bra
307 2547 435 2628 sperata
457 2543 597 2606 sanitate
625 2541 798 2606 salventur.
843 2541 1022 2627 Implebitis
1050 2542 1137 2606 enim
1164 2547 1305 2608 veterem
1329 2552 1486 2612 eonsuetu-

136 2638 138 2643 ’
227 2647 334 2711 dinem
361 2650 393 2710 et
422 2644 518 2708 nimis
547 2642 680 2707 consilio
713 2648 819 2708 vestro
849 2645 1065 2728 notissimam,
1099 2647 1202 2728 siea,
1237 2669 1319 2731 quae
1347 2649 1486 2733 publicae

226 2749 358 2813 utilitati
375 2747 579 2827 conveniunt,
603 2746 782 2829 tractando,
799 2747 968 2831 sperando,
985 2747 1177 2831 postulando
1195 2748 1346 2814 effectum
1361 2748 1486 2836 adipisci

227 2852 295 2915 Deo
317 2851 445 2936 auspice
467 2847 620 2912 feceritis.
665 2848 750 2912 Data
772 2847 977 2913 VOalcndas
1000 2849 1140 2933 Augusti
1163 2848 1377 2940 Calchadone,
1402 2853 1487 2918 Petro

227 2954 295 3017 viro
318 2949 494 3018 clarissimo
516 2948 654 3014 consule.

732 3139 912 3244 Epistola
939 3139 983 3223 13

87 3298 217 3430 ffifplsslgo,
386 3296 596 3363 Hormisdae
619 3312 729 3379 papae
751 3293 794 3359 ud
818 3291 1046 3359 Anastaslum
1069 3293 1339 3376 imperatorem.

262 3436 295 3485 m
313 3442 375 3489 aiae.
395 3453 468 3502 quam
486 3438 746 3501 inpreseraor'clerrtur,
766 3436 874 3493 insistat,
894 3441 918 3483 et
927 3435 1003 3496 fidem
1015 3434 1146 3485 vercona
1158 3450 1259 3485 suorum
1271 3438 1367 3502 effectu
1378 3456 1462 3489 rem
1518 3444 1566 3505 ⁴!

181 3536 184 3549 ·
261 3521 405 3585 crinrprcbet
418 3522 473 3584 (al
488 3529 513 3571 et
525 3523 561 3585 2).
591 3521 655 3570 Il'am
671 3537 721 3585 per
737 3521 818 3584 iprrua
834 3527 913 3577 saue,
931 3526 958 3568 at
974 3521 1206 3583 percoelestarum
1218 3523 1462 3587 mstieaaercrlnat).

380 3653 589 3719 Hormisda
612 3653 830 3718 Anastasio
853 3654 1038 3738 Augusto
1060 3675 1128 3738 per
1143 3652 1439 3740 Theopompum
1459 3662 1496 3721 ct

471 3755 739 3821 Severianum.

315 3879 341 3937 l.
377 3874 548 3938 Sollicitari
571 3876 713 3939 animum
727 3879 829 3958 tuum,
854 3874 1101 3939 clementissime
1115 3875 1301 3959 imperator,
1325 3878 1496 3943 ambitiosa

228 3977 380 4040 aviditate
403 3999 645 4061 commemoras,
675 3979 776 4042 ‹lenec
797 3982 945 4062 speratae
973 3977 1106 4042 unitatis
1128 3977 1365 4063 redintegratio
1385 3982 1496 4066 optata

228 4079 406 4162 contingat.
445 4077 537 4142 Bona
559 4084 635 4144 sunt
656 4080 812 4144 desideria
834 4080 957 4164 salutis,
980 4084 1014 4144 et
1035 4079 1205 4144 laudabilis
1226 4102 1309 4165 quae
1331 4105 1367 4147 se
1389 4082 1495 4167 hujus

227 4180 311 4243 modi
333 4179 402 4243 Deo
425 4182 626 4246 commendat
648 4183 797 4247 intentio.
842 4181 1035 4246 Prudentiae
1058 4181 1214 4266 siqnidem
1239 4183 1382 4267 speciale
1403 4184 1494 4249 decu-

226 4287 370 4346 mentum
393 4287 457 4367 est,
486 4305 584 4368 quum
605 4285 654 4367 id,
683 4284 766 4369 quod
788 4284 848 4349 sibi
873 4284 950 4348 utile
973 4284 1088 4367 credit,
1122 4284 1330 4369 impatienter
1352 4286 1493 4371 inquirit.

227 4385 310 4448 Nam
333 4385 359 4448 si
382 4385 416 4448 in
439 4407 605 4470 corporum
628 4386 746 4450 morbis
769 4387 864 4450 noxia
886 4389 936 4450 est
962 4385 1055 4450 tarda
1079 4386 1202 4450 curatio
1209 4437 1219 4470 ,
1247 4392 1373 4472 quante
1394 4385 1493 4471 ωηιξη

226 4488 260 4550 in
290 4488 393 4550 salute
421 4489 546 4551 animae
573 4489 704 4573 gravius
733 4493 781 4553 est
807 4489 959 4553 ferendus
987 4488 1196 4552 remediorum
1225 4488 1370 4554 fidelium
1397 4490 1493 4553 serior

227 4590 387 4673 appetitus
395 4589 411 4652 ⁶?
439 4588 543 4665 Quum
559 4612 745 4655 moneamur
759 4591 979 4675 spiritualibus
999 4591 1168 4674 institutis
1191 4613 1233 4655 ne
1248 4612 1331 4674 quae
1346 4592 1492 4676 prodesse

225 4697 360 4774 possunt
383 4692 416 4755 in
439 4693 522 4755 diem
545 4696 706 4775 postemm
728 4693 934 4773 differantur,
963 4694 1124 4758 clamante
1145 4693 1388 4777 sapientissimo
1408 4691 1491 4759 Salo-

227 4830 532 4842 ——---—

293 4915 315 4981 ²l
333 4912 382 4966 Ed.
402 4926 549 4973 concurram
568 4929 687 4980 moxque
706 4916 740 4968 a·
760 4923 858 4968 multum
923 4920 1058 4980 jailieum
1076 4914 1124 4968 ubl
1142 4930 1205 4968 cum
1224 4912 1266 4968 ed.
1288 4913 1461 4969 correximus
