3450 5678
265 311 329 376 790
705 328 732 374 s.
751 325 957 373 llolsnlsnnn
979 323 1093 370 eneas

156 504 182 543 a.
193 494 250 543 111.
265 481 327 545 sibi
349 484 508 565 quaerunt
536 480 686 544 instituta
713 478 864 563 fidolial).
916 477 1079 562 Discere)
1107 476 1178 561 quis
1205 476 1301 540 debet
1327 479 1419 560 ante,
1455 476 1543 561 quod

264 583 387 666 doceat,
412 586 444 647 et
467 582 647 666 exemplum
669 582 838 665 religiosae
855 579 1107 645 conversationis
1130 578 1169 640 de
1184 600 1218 642 se
1234 579 1340 662 potius
1358 579 1432 643 aliis
1448 601 1545 664 prae·

264 688 351 750 stare
373 707 469 770 quam
490 705 624 748 sumere.
670 682 932 748 Emendatiorem
955 703 1024 746 esse
1047 680 1198 745 convenit
1220 681 1347 765 populo,
1372 704 1470 765 quern
1486 704 1544 747 ne·

265 809 352 852 cesse
375 790 425 851 est
446 808 537 852 orare
566 807 624 869 pro
653 785 781 869 populo.
832 784 945 869 Longa
972 783 1196 848 observatione
1224 783 1367 868 religiosi
1376 785 1402 869 8)
1432 785 1544 848 cultus

264 892 403 972 teratur,
443 892 479 952 ut
512 887 633 971 luceat,
670 891 703 951 et
730 887 784 951 diu
792 889 818 973 ⁹)
849 886 1049 951 clericalibus
1076 885 1235 969 obsequiis
1269 886 1464 950 erudiendus
1492 887 1542 951 in·

265 991 400 1074 serviat,
429 994 466 1054 ut
488 991 528 1054 ad
549 988 724 1054 venerandi
748 989 866 1072 gradus
890 1010 1014 1052 summa
1035 987 1226 1071 perductus,
1261 987 1314 1071 qui
1342 987 1386 1051 sit
1411 989 1545 1053 fruetus

265 1092 473 1175 humilitatis,
502 1091 661 1155 ostendat.
707 1089 779 1154 Non
804 1090 872 1155 leve
900 1112 964 1155 non
986 1111 1123 1154 vacuum
1149 1088 1228 1171 fuit,
1263 1089 1347 1173 quod
1368 1112 1431 1154 nee
1454 1090 1544 1175 apud

265 1198 389 1260 veteres
411 1194 539 1278 quidem
560 1194 624 1257 nisi
646 1192 780 1256 Levitiei
803 1194 931 1276 generis
953 1193 1013 1256 viri
1037 1191 1077 1254 ad
1099 1194 1212 1255 saneta
1234 1191 1543 1275 admittebant-urm)

266 1297 393 1379 altaria,
416 1317 458 1360 ne
479 1298 609 1380 passim,
633 1295 756 1359 meritis
779 1298 834 1358 aut
856 1295 959 1379 pretio
982 1296 1038 1357 aut
1052 1293 1311 1378 praesumptione
1330 1294 1544 1378 contemptis,

267 1400 306 1464 ad
340 1419 447 1463 saeros
482 1397 585 1462 cultus
619 1398 723 1481 impar
757 1396 932 1461 accederet.
983 1396 1184 1480 Migrauitss)
1222 1394 1279 1459 illa
1310 1397 1546 1481 praerogativa

265 1501 461 1565 familiarum
491 1500 530 1563 ad
557 1499 707 1563 instituta
735 1498 902 1563 cultorum.
948 1498 1043 1563 Nune
1072 1500 1121 1561 est
1148 1497 1294 1561 doctrina
1321 1519 1380 1581 pre
1402 1519 1544 1581 genere:

267 1604 350 1688 quod
373 1601 437 1666 illis
458 1602 523 1665 fuit
537 1608 637 1679 nurci,
663 1600 723 1665 hoe
746 1600 838 1664 nobis
854 1606 962 1674 imbui3
985 1600 1056 1664 illos
1071 1599 1279 1663 tabernaculo
1294 1600 1394 1664 dabat
1408 1605 1545 1684 natura,

267 1726 327 1770 nos
350 1704 505 1768 altaribus
528 1703 667 1787 parturit
690 1703 869 1786 disciplina.

351 1808 382 1871 3.
416 1805 486 1870 Nee
508 1808 635 1869 tantum
658 1806 837 1869 consecrari
860 1805 898 1868 de
921 1804 1011 1868 laicis
1032 1803 1223 1886 inhibemus,
1248 1804 1303 1866 sed
1318 1826 1360 1867 ne
1375 1804 1415 1867 de
1432 1806 1549 1888 poeni·

267 1908 411 1973 tentibus
433 1908 560 1992 quidem
583 1907 750 1991 quisquam
773 1907 813 1970 ad
835 1905 1016 1989 hujusmodi
1038 1905 1173 1989 gradum
1188 1906 1342 1989 profanus
1364 1909 1547 1972 temerator

268 2010 420 2094 adspiret.
456 2008 589 2092 Satis¹²)
613 2008 661 2071 illi
683 2008 863 2093 postulanti
885 2009 927 2071 sit
948 2008 1052 2072 venia.
1093 2008 1163 2082 (lua
1180 2007 1378 2071 conscientia
1393 2007 1548 2074 absolvat

268 2134 373 2194 reum,
403 2112 457 2195 qui
480 2133 513 2174 se
536 2113 669 2194 peecata
697 2133 754 2174 sua
776 2111 892 2194 populo
915 2110 975 2174 seit
1002 2112 1084 2173 teste
1107 2109 1312 2174 confessum?
1354 2109 1435 2185 Quis
1459 2133 1545 2191 eum,

268 2236 362 2297 quem
383 2213 480 2297 paulo
495 2215 571 2276 ante
587 2211 668 2275 vidit
678 2213 854 2294 jacentem,
876 2214 1047 2276 veneretur
1062 2211 1267 2275 antistitem?
1303 2210 1549 2295 Praeferens¹³)

268 2314 441 2379 miserandi
464 2313 607 2378 criminis
629 2314 744 2398 labem,
773 2336 839 2378 non
862 2314 960 2378 habet
981 2312 1120 2377 lucidam
1142 2312 1312 2376 sacerdotii
1334 2312 1544 2399 dignitatem.

335 2503 356 2567 ⁶)
376 2501 470 2569 fifide.
505 2499 623 2553 Rursum
647 2499 720 2555 infra
742 2507 797 2555 n.6
818 2505 936 2569 fidelium
958 2498 1091 2553 institutis
1114 2498 1330 2553 incumbendum
1352 2500 1543 2570 praedicatur.

268 2586 292 2639 A
305 2583 463 2639 Caelestino
471 2583 533 2652 jam
545 2584 700 2638 audivimus
714 2585 792 2655 epist.
806 2592 860 2640 411.
874 2593 903 2639 4:
922 2589 1003 2639 Debet
1015 2596 1074 2639 aute
1087 2605 1142 2639 erse
1154 2591 1305 2652 discipulus,
1325 2591 1442 2655 quemqlue
1455 2592 1546 2641 daem

268 2689 324 2724 ease
342 2675 485 2730 desiderat,
504 2680 530 2722 ul
547 2677 628 2738 poerit
646 2676 739 2724 docere
758 2676 826 2740 quod
843 2676 939 2724 didicat.

335 2757 357 2823 ²)
376 2754 447 2808 Oce
466 2759 565 2808 ducere
581 2761 655 2822 prius
673 2754 707 2822 (O
727 2755 816 2809 omitt.
834 2757 917 2824 prius)
937 2761 1040 2824 quisque
1064 2758 1138 2808 debet
1155 2765 1289 2824 autequam
1311 2761 1413 2811 doceat.
1450 2756 1513 2810 F‘J
1523 2755 1543 2809 ἰ*

268 2845 369 2895 discere
394 2845 450 2908 quie
468 2837 512 2906 (Fss
531 2838 620 2893 omitt.
640 2842 705 2910 quia)
724 2844 799 2894 debet
821 2850 880 2893 onte
903 2846 971 2909 quod
988 2839 1020 2906 (i²
1036 2842 1180 2909 autequam)
1199 2846 1298 2894 deceat.
1336 2844 1541 2895 Emendarloren

268 2924 315 2991 (al.
335 2926 562 2991 Emendatmnem).

337 3011 358 3076 ⁸)
376 3009 408 3062 In
428 3007 547 3076 vulgatis
565 3015 698 3077 relipiosue
714 3015 794 3063 cultus
812 3016 940 3064 eradatur.
977 3008 1142 3064 concinnius
1159 3008 1188 3062 in
1206 3009 1240 3063 Fd
1253 3010 1269 3063 J
1274 3012 1279 3043 ¹
1294 3011 1311 3079 β
1329 3016 1448 3080 relipe‘oei
1462 3016 1538 3064 enlm

270 3104 369 3147 teratur
392 3092 428 3160 (J¹
448 3105 574 3154 terretur,
592 3093 626 3146 Pl
645 3097 771 3162 leuatur),
798 3093 977 3149 similitudine
1000 3094 1084 3148 ducta
1101 3111 1135 3148 ex
1154 3094 1227 3160 oleo,
1249 3093 1325 3163 quod
1342 3112 1378 3148 ex
1396 3095 1471 3150 tritis
1487 3097 1535 3151 fru-

269 3177 360 3233 ctibus
378 3195 411 3232 ae
428 3177 577 3232 seminibus
596 3179 752 3232 coniectum
770 3178 826 3232 vim
843 3179 955 3233 lucendi
973 3177 1159 3248 consequitur.

337 3267 358 3331 ⁸)
376 3264 420 3317 Ita
437 3263 470 3316 Fd
484 3266 513 3334 β;
536 3263 572 3318 ul.
592 3262 680 3317 omitt.
701 3269 756 3329 diu,
775 3264 801 3317 J¹
815 3270 856 3318 de.
891 3264 955 3317 Mox
974 3266 991 3333 β
1007 3283 1136 3330 summam,
1155 3280 1188 3318 ae
1206 3263 1307 3319 deinde
1326 3265 1400 3320 Oce
1420 3270 1473 3320 Nee
1489 3272 1534 3320 ree

271 3369 317 3404 uec
334 3368 446 3406 vacuum.

338 3436 370 3501 ¹⁰)
387 3433 423 3487 K⁸
436 3435 453 3503 β
465 3437 674 3495 admovebantur,
693 3434 709 3486 J
712 3435 718 3469 ¹
732 3436 944 3495 adoreaebemur,
962 3433 996 3486 Εὖ
1009 3439 1186 3492 mouebantur:
1204 3435 1264 3488 tum
1277 3438 1301 3488 c'
1316 3452 1378 3504 sqq.
1393 3455 1425 3491 ne
1436 3442 1535 3505 pensa

270 3523 365 3573 iuer-ilie
383 3529 426 3571 aut
442 3524 528 3587 pretio
546 3530 590 3572 aar!
608 3516 812 3588 praesumptione
830 3525 990 3587 contemptis,
1012 3522 1037 3571 οἵ
1050 3521 1087 3571 0¹⁰
1104 3539 1135 3573 ae
1152 3525 1260 3588 pessime
1278 3527 1376 3573 meritis
1394 3527 1536 3590 eoum&

270 3615 313 3657 aar
329 3609 415 3672 pretio
433 3614 476 3657 out
492 3613 698 3672 praesumptione
716 3609 760 3660 ad.
778 3603 812 3656 pa
829 3602 878 3656 Ji²
896 3603 1049 3671 sequimur,
1072 3603 1125 3657 nisi
1144 3603 1218 3673 quod
1236 3605 1252 3658 J
1257 3608 1263 3639 ¹
1283 3622 1345 3659 cum
1365 3609 1391 3659 e¹
1410 3613 1542 3661 merent.

271 3689 305 3742 F<¹
324 3693 464 3756 confestim.

339 3775 371 3841 ¹¹)
388 3772 439 3826 Ed.
457 3777 480 3826 Τ
478 3795 526 3828 une
538 3778 679 3843 miprubmu
696 3794 745 3843 per
763 3780 829 3826 illam
847 3779 1066 3843 praeropatioam,·
1085 3773 1257 3843 castigantur
1275 3792 1309 3829 ex
1321 3775 1342 3828 i²
1354 3779 1385 3830 et
1397 3794 1462 3832 mn.
1491 3776 1574 3831 Do‘

272 3860 315 3912 eet
332 3856 509 3926 privilegium
527 3858 649 3912 familiae
661 3858 800 3913 Leviticae
818 3859 854 3912 ad
873 3875 920 3912 eos
938 3859 1190 3923 translatumesse,
1208 3858 1257 3928 qui
1274 3858 1412 3915 institutis
1423 3863 1454 3916 et
1466 3858 1590 3916 dues·

270 3941 353 4012 plinis
372 3942 564 3996 ecelesiasticis
583 3943 712 3998 cultiores
730 3944 806 4021 aqut,
825 3943 865 3998 ita
884 3945 915 3997 nt
932 3944 1060 3998 doctrina
1078 3946 1106 3998 et
1124 3943 1243 3999 eruditio
1262 3945 1322 3999 rice
1340 3947 1456 4013 generis
1473 3942 1605 4001 1111ιοί

271 4026 438 4096 requiratur.

339 4114 370 4178 13)
388 4111 453 4181 pap
471 4117 541 4166 Sulis
559 4119 596 4165 illi
610 4120 740 4181 postulata
757 4120 790 4166 si!
809 4121 893 4173 uenia,
918 4136 967 4184 quo
985 4120 1164 4168 conscienciam
1182 4118 1289 4168 absolui!
1306 4135 1378 4169 ream
1396 4116 1444 4179 (Β
1462 4096 1615 4171 W

270 4208 312 4251 aar
329 4202 422 4265 reum),
446 4205 491 4267 qm·
510 4217 538 4252 ee
557 4209 668 4266 peecata
688 4206 793 4267 populo.
829 4198 1005 4253 Innocentius
1024 4198 1097 4269 epist
1124 4204 1155 4253 17
1174 4216 1199 4252 n.
1223 4206 1253 4252 11
1273 4199 1384 4254 scribit:
1416 4205 1472 4255 a'ee
1488 4204 1615 4271 W

271 4287 450 4351 poenitentiam
468 4288 584 4336 clericum
599 4289 670 4349 fieri,
690 4290 741 4352 ipsi
757 4304 867 4338 canones
884 4303 930 4337 sica
948 4289 1103 4337 auctoritate
1127 4290 1283 4353 permittunt.
1321 4287 1393 4339 ltern
1411 4286 1493 4356 epist
1512 4268 1615 4339 «Β,

271 4367 384 4423 eosdem
406 4366 571 4421 nominatim
588 4366 716 4422 Nicaenis
735 4368 887 4423 canonibus
910 4367 994 4422 etiam
1016 4368 1052 4422 ab
1075 4367 1176 4422 infimis
1202 4367 1366 4424 elericorum
1385 4371 1485 4426 officiis
1501 4361 1615 4426 eff

271 4453 360 4507 elusos
378 4452 468 4507 docet.
503 4450 574 4506 Hine
592 4453 628 4506 ab
647 4453 789 4508 ordinibus
808 4452 1017 4522 expoenitentes
1030 4453 1126 4507 arcent
1139 4453 1292 4508 consutum
1309 4453 1399 4510 Hilari
1418 4455 1499 4526 epist.
1513 4462 1560 4510 l·
1579 4435 1615 4491 1

271 4556 297 4591 n.
312 4545 340 4602 5,
359 4536 464 4592 Gelasii
482 4536 561 4606 epist.
578 4544 608 4590 14
627 4545 677 4591 c.3
696 4542 725 4593 et
743 4538 822 4608 epist.
840 4547 869 4592 le
888 4556 903 4592 e
925 4545 950 4591 1.

340 4625 370 4690 ¹⁸)
388 4622 519 4676 Nonnulli
537 4640 599 4677 mss.
620 4622 715 4690 (etiam
732 4623 770 4692 J¹)
788 4628 933 4693 perferens.
969 4624 1033 4677 Mox
1051 4624 1111 4678 00¹
1131 4628 1329 4678 benedictionem
1345 4647 1374 4694 p.
1394 4632 1412 4683 1.
1429 4646 1461 4679 ι.
1479 4620 1615 4696 μ’

272 4713 357 4763 diuina
375 4727 430 4762 eme
447 4729 497 4768 er..
517 4715 573 4777 quis
590 4715 675 4776 pretio
693 4720 831 4776 cornparer.
863 4707 955 4763 Ceteri
973 4726 1039 4764 vero
1052 4708 1119 4763 editi
1136 4711 1202 4779 post
1213 4709 1295 4766 Crab.
1309 4710 1460 4765 verborum
1472 4698 1615 4764 «κβ

272 4809 336 4846 nem
353 4792 392 4847 sie
409 4794 548 4847 mutatum
566 4793 709 4847 exhibent:
733 4814 764 4847 ue
782 4798 993 4852 benedictionem.
1016 4815 1081 4863 queue
1099 4799 1185 4849 divina
1204 4815 1261 4850 esee
1281 4802 1410 4855 Μαίων.
1431 4815 1480 4866 per
1496 4792 1615 4849 W

272 4883 420 4950 positionem
437 4898 524 4934 manue
541 4885 605 4953 quie.
641 4878 675 4932 Fr
688 4880 705 4948 β
720 4882 746 4932 Γ
761 4877 911 4947 sequimur.
