3450 5678
226 154 290 220 274
678 168 706 217 s.
723 165 859 216 ramora
882 165 909 213 ιι
931 164 1047 214 aaran
1159 138 1162 141 ’

117 340 211 391 atae.
225 324 311 389 viros
339 322 509 389 dilectioni
532 327 606 386 tuae
633 320 775 385 misimus
805 319 1049 403 contradendas,
1078 341 1120 384 ne
1142 319 1220 406 quid
1241 321 1350 385 minus
1372 342 1435 407 pro
1457 342 1510 387 ca-

226 426 365 492 tholicae
398 426 472 490 fidei
501 424 644 489 custodia
671 422 858 508 diligentior
884 445 960 487 cura
981 423 1191 507 prospiceret,
1221 423 1395 489 caritatem
1416 427 1510 490 tuam

226 528 373 593 duximus
402 526 651 592 admonendam:
687 528 722 589 ut
756 525 881 589 etiamsi
914 528 1103 610 praestante
1131 524 1202 590 Deo
1229 528 1343 591 nostro
1372 526 1510 593 nomina

227 631 461 712 damnatorum,
485 628 517 692 id
541 631 589 693 est
611 627 823 692 Alexandrini
846 626 934 692 Petri
957 630 990 692 et
1011 626 1151 693 infelicis
1169 628 1295 711 Aeacii,
1318 628 1449 694 fuerint
1469 628 1511 694 de

227 733 444 799 ecclesiastiea
466 731 656 796 recitatione
678 729 816 812 sublata,
841 732 876 793 ut
891 729 1011 794 similes
1019 731 1045 817 ²)
1068 729 1259 815 perditionis
1274 752 1388 797 eorum
1402 752 1537 797 saeer—
1579 790 1580 794 ,

227 835 305 900 dotii
328 857 394 899 non
416 834 646 918 permittantur
665 854 867 916 praesumere
882 832 1092 918 dignitatem,
1114 855 1182 898 non
1196 833 1285 919 prius
1300 836 1361 899 tua
1375 833 1580 916 ditans*

225 938 277 1002 vel
305 936 531 1022 congregatio,
568 957 663 1020 quam
690 935 867 1020 gubernas,
901 934 1317 1023 tlonstantinopolitanae³)
1349 936 1580 1020 ecclcsiaQ

226 1039 277 1105 rel
299 1040 479 1125 quicunque
502 1039 571 1122 ejus
593 1038 718 1102 futuras
741 1040 790 1102 est
812 1037 969 1122 pontifex,
995 1038 1296 1103 commrmicandum
1310 1060 1384 1104 esse
1398 1038 1580 1125 decers

225 1144 294 1225 nat,
318 1164 414 1227 quam
437 1141 477 1206 ad
499 1140 648 1205 notitiam
670 1140 753 1205 sedis
776 1140 970 1224 apostolicae
993 1143 1110 1205 cuncta
1132 1140 1315 1206 referantur
1336 1142 1390 1207 vel
1405 1141 1580 1231 ipsim-

225 1243 358 1327 litteris,
388 1245 441 1329 qui
471 1243 570 1308 fuerit
598 1247 722 1307 creatus
750 1242 933 1328 episeopus,
961 1243 1012 1307 vel
1034 1247 1109 1308 tuae
1131 1242 1314 1309 dilectionis
1343 1244 1580 1336 alloquiiQ

225 1346 309 1424 Quia
330 1348 413 1412 sicut
435 1369 492 1430 per
514 1347 744 1430 professionem
768 1344 959 1410 catholicam
981 1345 1066 1410 sedis
1088 1345 1285 1430 apostolicae
1300 1346 1449 1413 formam
1463 1370 1580 1433 affl,

227 1453 321 1514 cutus
344 1472 387 1532 es,
413 1452 448 1512 ut
468 1454 501 1513 te
524 1471 543 1512 a
565 1450 718 1513 damnata
742 1449 964 1513 communione
986 1448 1208 1533 suspenderes,
1233 1449 1280 1514 ita
1301 1449 1394 1515 beati
1418 1448 1580 1546 P‘Q

226 1552 315 1637 sequi
343 1552 439 1616 debes
472 1552 668 1635 exemplum,
709 1555 745 1616 ut
779 1550 907 1636 quando
941 1552 1010 1635 ejus
1042 1551 1233 1616 auctoritate
1266 1550 1368 1617 fuerit
1403 1553 1580 1649 relat·s

227 1655 418 1737 communio,
441 1657 520 1718 tunc
542 1654 587 1717 eis
610 1653 707 1717 etiam
729 1663 819 1718 tumn
842 1654 969 1718 noveris
992 1654 1191 1719 miscendum
1205 1676 1276 1719 csse
1292 1656 1580 1752 consortia*³

225 1755 294 1821 Nec
316 1758 483 1841 quisquam
506 1755 671 1820 dilectioni
692 1759 767 1821 tuae
790 1757 921 1820 omnino
944 1757 1147 1842 persuadeat,
1167 1757 1237 1841 jam
1256 1759 1409 1823 nostram
1424 1779 1483 1823 aa·
1539 1820 1543 1825 .
1564 1810 1580 1854 Ξ

225 1860 410 1923 munionem
437 1859 502 1922 illis
531 1858 676 1943 partibus
703 1859 802 1923 t'uisse
826 1859 1038 1943 connaissam,
1067 1881 1164 1944 quum
1191 1858 1301 1924 videas
1324 1858 1436 1925 adhuc
1456 1882 1580 1956 ᾗ

226 1962 261 2048 in
284 1961 379 2025 dubio
403 1960 604 2042 constitutae,
629 1964 662 2024 et
684 1961 768 2045 apud
790 1984 849 2025 nos
871 1962 910 2026 de
934 1962 1000 2027 illic
1022 1966 1130 2026 creato
1151 1961 1306 2046 pontifice
1321 1962 1437 2029 omnia
1450 1962 1580 2058 Q

226 2063 295 2128 beri
327 2085 455 2147 prorsus
484 2063 651 2146 incartet).
704 2062 815 2148 Neque
847 2068 956 2147 posset
988 2086 1059 2128 cum
1093 2086 1130 2128 eo
1163 2064 1280 2129 sociari
1309 2086 1580 2160 00me

228 2165 317 2249 cujus
344 2165 448 2229 adlttm
476 2188 495 2229 a
522 2166 616 2229 nobis
645 2187 705 2230 nec
732 2165 834 2229 honor
863 2165 1017 2250 probatur
1044 2188 1114 2231 esse
1138 2170 1306 2251 susceptus
1334 2188 1399 2235 nec
1424 2170 1580 2260 ti,

227 2271 323 2352 atque
352 2267 489 2332 intentio
520 2267 735 2351 comprobata.
775 2268 952 2353 Exspectet
978 2290 1056 2353 ergo
1083 2268 1213 2334 dilectio
1240 2272 1299 2335 tua
1320 2271 1409 2337 sedis
1428 2294 1580 2379 Q]

227 2370 359 2435 stolicae
382 2370 576 2454 jussionem,
612 2373 645 2433 et
676 2370 723 2433 sic
755 2370 908 2434 ecclesiae
936 2368 1317 2456 Constantinopolitanae
1346 2396 1477 2443 sacra.
1570 2419 1580 2461 ,

228 2473 450 2537 communione
473 2474 660 2557 conjungat,
684 2473 710 2536 si
733 2473 767 2536 in
789 2473 1038 2558 participatione
1060 2474 1146 2539 beati
1162 2473 1251 2539 Petri
1273 2478 1308 2540 et
1322 2474 1496 2549 catholi
1526 2514 1580 2560 ,ω

227 2575 373 2640 veritatis
395 2575 554 2641 desiderat
575 2597 773 2659 permanere.
822 2576 909 2640 Data
931 2575 1089 2642 Calendas
1104 2576 1210 2661 Majas
1224 2576 1368 2666 Prob0⁵)
1383 2576 1580 2659 Fumea

226 2678 295 2741 viro
318 2678 505 2762 clarissimo,
529 2677 705 2742 indictione
727 2676 818 2742 XIII.

228 2953 306 3020 ahos,
328 2972 379 3022 per
396 2967 465 3021 quos
482 2951 583 3006 missae
601 2954 665 3005 smit-
682 2952 805 3017 litterae,
828 2968 899 3020 quae
917 2952 994 3021 prius
1011 2954 1103 3008 iactae
1121 2956 1328 3021 memorantur,
1352 2956 1425 3012 alios
1466 2968 1557 3007 αα

227 3039 263 3092 ab
285 3038 331 3105 iis,
354 3038 401 3108 qni
424 3038 495 3092 hanc
518 3037 664 3107 epistolam
685 3042 715 3091 16
733 3037 921 3106 pertulerunt,
944 3040 1023 3092 vetat
1044 3038 1143 3093 titulus
1164 3043 1194 3093 in
1210 3038 1382 3097 virdunensi
1402 3032 1551 3097 tro-¹57

226 3124 394 3193 praemissus
418 3124 463 3189 (cf.
481 3122 577 3177 mouit.
601 3122 629 3175 in
652 3123 724 3175 hane
741 3121 820 3191 epist.
840 3140 866 3175 n.
888 3126 912 3189 1)
930 3125 959 3176 et
981 3123 1072 3192 ipsum
1095 3128 1206 3179 nostrae
1225 3126 1363 3195 epistotae
1379 3124 1544 3181 initi-2¹¹¹

225 3210 255 3261 in
273 3228 328 3277 quo
346 3209 456 3262 litterae
474 3208 537 3262 illae
556 3224 611 3262 non
629 3207 792 3278 siriquiciter
809 3213 922 3261 traditae
939 3207 988 3261 sed
1006 3216 1167 3265 contraditae
1185 3210 1229 3265 vel
1246 3216 1431 3267 eonaaantu
1476 3192 1540 3245 ‘i

226 3297 332 3347 cuntur.
431 3294 438 3303 '

293 3383 314 3447 ²)
333 3379 450 3433 Clairius:
471 3402 501 3433 ae
519 3386 562 3450 qai
577 3384 724 3449 perditione
742 3385 805 3447 ipris
821 3392 880 3434 auat
896 3386 990 3435 similer
1006 3387 1148 3437 sacerdotii
1163 3387 1346 3449 permittantur
1361 3394 1405 3437 etc.

293 3467 314 3533 ⁸)
333 3466 410 3519 Istud
428 3470 723 3534 Cerastaatiaopotitaaac
741 3472 864 3521 ccclesiae
882 3473 921 3521 act
938 3476 1077 3537 quicunque
1095 3472 1129 3534 ej.
1147 3470 1169 3533 s.
1188 3487 1210 3521 c.
1228 3472 1352 3536 pontifex
1367 3458 1519 3521 indi,

227 3568 291 3603 casa
314 3550 350 3604 ad
373 3550 529 3618 subjeetum
552 3550 667 3605 verbum
685 3557 911 3606 corrmaaicaadam
929 3553 1054 3606 refertur,
1095 3551 1141 3607 Sic
1163 3552 1287 3622 quuitur:
1304 3551 1392 3619 It'elix,
1410 3548 1509 3623 (χῶ

226 3654 278 3705 pro
297 3639 372 3690 certo
390 3636 521 3703 haberet,
543 3652 606 3689 mox
625 3635 710 3689 :thum
727 3636 852 3692 Flavitac
874 3638 944 3693 loco,
954 3637 1163 3707 subrogandum
1181 3654 1249 3692 esse.
1287 3636 1368 3703 Quod
1381 3652 1431 3693 non
1480 3638 1505 3675 ¹

227 3721 299 3776 eirca
318 3723 353 3776 ab
373 3737 406 3776 eo
425 3719 529 3775 uictum
547 3722 655 3790 putem,
677 3721 743 3789 quia
760 3722 832 3777 hunc
849 3722 928 3777 brevi
946 3722 1112 3776 moriturum
1134 3722 1299 3793 prophetico
1317 3722 1414 3794 spiritu
1426 3720 1499 3777 ι’

226 3811 276 3861 set.
308 3808 407 3862 Restat
423 3806 522 3875 igitar,
541 3807 652 3860 ntideo
671 3806 784 3874 dixerit,
803 3808 869 3875 quia
887 3809 946 3877 ejus
965 3807 1169 3863 ordinationem
1187 3808 1295 3863 nullam
1311 3826 1341 3864 aa
1358 3824 1412 3863 non
1426 3812 1492 3863 O

226 3894 353 3948 firmante
367 3893 505 3959 censebat,
523 3893 567 3946 vel
585 3890 651 3961 quia
668 3909 753 3962 penes
772 3910 802 3947 se
814 3896 995 3949 monumenta
1013 3893 1145 3961 hesitabat,
1164 3893 1264 3962 quibus
1275 3892 1485 3965 prolaliripfl

225 3978 424 4049 imperatorem
443 3979 480 4033 ad
498 3996 560 4033 eam
578 3977 758 4046 rejiciendam
776 3995 896 4048 pronum
913 3982 972 4034 iore
991 3979 1178 4034 existimabat.

293 4069 314 4134 ⁴)
332 4064 393 4119 Non
413 4064 472 4119 sina
490 4063 605 4119 consilio
623 4063 697 4117 istud
709 4063 786 4117 Felix
798 4068 905 4132 monet,
923 4084 958 4120 nc
976 4067 1048 4120 torte
1060 4065 1182 4120 Flaiitus
1199 4064 1310 4121 litteras
1328 4070 1472 4121 00an

225 4151 267 4204 nis
285 4151 372 4220 ipsius
389 4150 493 4205 indices
511 4168 544 4205 ac
562 4150 647 4203 testes
659 4166 689 4203 se
702 4149 840 4219 accepisse
856 4150 991 4218 jactaret,
1009 4154 1059 4205 aut
1076 4150 1163 4206 etiam
1179 4151 1210 4205 id
1221 4154 1334 4221 agaret,
1351 4148 1421 4221 quod

224 4237 333 4305 pridem
355 4237 390 4291 ab
412 4235 544 4289 Anat-olio
566 4236 670 4289 lactum
692 4252 747 4289 non
771 4235 962 4304 dissimularit,
988 4239 1019 4290 ut
1041 4235 1146 4292 sedicet
1167 4254 1230 4292 eam
1252 4237 1406 4292 litterarum

224 4325 289 4387 tem,
308 4338 379 4391 «quae
398 4321 451 4375 sibi
469 4321 584 4385 faveret,
601 4322 726 4390 proferre
744 4322 902 4387 contentus,
920 4325 1016 4377 cetera
1033 4339 1105 4391 quae
1123 4322 1338 4379 adversarentur
1353 4317 1451 4376 rete

292 4410 313 4475 ⁵)
332 4408 375 4461 lta
393 4425 455 4460 eum
474 4405 506 4459 cl.
520 4404 618 4460 ltossio
637 4410 760 4476 Inscript.
776 4412 867 4462 Christ.
885 4408 897 4461 1
915 4426 942 4462 n.
956 4414 1005 4463 ast
1024 4407 1204 4474 mutarimm,
1223 4426 1310 4477 quum
1327 4403 1446 4463 ent!

224 4505 249 4546 ct
262 4497 357 4547 Fausto
370 4514 398 4546 cc
409 4512 459 4557 ec.,
478 4494 504 4544 θ’
522 4490 717 4559 corrigendum
735 4493 824 4548 suasit
842 4498 959 4563 Loapt'ao
972 4498 1114 4548 eilberto.
1144 4495 1240 4548 Annus
1258 4500 1310 4550 490
1326 4494 1438 4549 autem

225 4578 269 4630 liic
287 4580 384 4646 aperte
401 4578 523 4641 arctatur,
541 4575 602 4631 aliis
620 4576 793 4633 documentis
807 4578 1031 4634 deducentibus
1049 4579 1129 4633 unius
1143 4584 1226 4634 ilarii
1237 4583 1329 4635 rma
1344 4576 1388 4635 aet
1421 4616 1429 4625 .

219 4667 334 4726 junioris
351 4662 495 4716 consiilatu
512 4661 662 4731 insignit-ur
680 4666 761 4731 (eoas.
775 4664 856 4719 ltossi
873 4665 891 4719 l.
906 4686 927 4719 e.
942 4684 970 4721 n.
982 4672 1032 4719 893
1045 4670 1074 4719 et
1086 4668 1159 4733 sat),
1178 4682 1265 4734 quum
1278 4665 1381 4733 collega
1410 4698 1423 4713 a

225 4765 270 4799 aas
287 4747 316 4799 in
328 4748 479 4803 Occidente
496 4747 583 4802 serius
600 4747 795 4804 innotesceret.
829 4752 917 4814 Quem
936 4750 1067 4805 Faustum
1085 4751 1171 4805 etiam
1184 4756 1295 4806 itatem
1312 4742 1420 4821 appel*
