3450 5678
217 267 280 331 272
579 342 582 347 ¹
628 300 635 317 ι
670 285 697 331 s.
717 282 850 329 carneis
874 282 900 327 n
922 280 1035 327 raras
1134 242 1137 250 ¹

93 436 296 517 (caecilium
319 437 493 500 secundum
516 436 745 500 conscientiam
767 434 934 499 relaxandi
956 438 1022 498 non
1045 434 1107 498 nisi
1129 432 1336 518 pontificibus
1359 434 1428 499 suis
1443 456 1498 501 or·

217 537 290 602 dine
314 539 506 622 competenti
529 560 666 622 superna
689 537 812 601 dederit
834 535 1030 620 dispensatio
1052 535 1251 601 facultatem.
1289 535 1352 613 Qui
1375 536 1497 601 Petrus

215 644 335 724 tamen,
364 641 391 703 si
419 662 492 704 vere
514 643 660 723 receptus
683 649 775 721 esset,
806 638 933 702 veniam
960 638 1075 724 mereri
1097 637 1207 702 debuit
1229 660 1296 703 non
1318 638 1496 705 honorem:

215 743 269 826 qui
296 766 315 807 a
343 742 503 806 damnatis
531 745 626 826 atque
648 741 819 805 haereticis
841 740 958 804 falsmn
988 739 1158 804 sacerdotii
1180 762 1300 806 nomen
1322 741 1496 826 accipiens

216 844 392 909 catholicae
414 867 480 908 non
496 847 625 929 poterat
640 843 793 908 ecclesiae
808 842 1000 927 praesidere.
1030 840 1120 906 Haec
1135 864 1206 928 ego,
1230 843 1496 909 reverentissime

215 946 380 1030 princepS,
410 947 497 1018 beati
526 946 615 1011 Petri
643 945 871 1030 qualiscunque
899 944 1047 1027 vicarius,
1081 966 1148 1008 non
1177 944 1374 1010 auctoritate
1404 945 1495 1012 velut

215 1048 408 1132 apostolicae
430 1050 600 1133 potestatis
623 1051 804 1132 extorqueo,
836 1048 890 1111 sed
913 1049 1077 1132 tamquam
1099 1045 1254 1111 sollicitus
1277 1051 1384 1132 pater,
1407 1048 1494 1115 salu·

214 1153 279 1214 tem
301 1152 607 1236 prosperitatemque
636 1149 875 1215 elementissimi
901 1149 959 1213 filii
981 1170 1111 1213 manere
1134 1149 1265 1234 cupiens
1288 1149 1491 1235 diuturnam,

214 1252 350 1316 fidenter
375 1253 521 1337 imploro.
567 1253 651 1317 Ecce
679 1251 910 1335 desideramus,
940 1254 1103 1335 optamus,
1133 1251 1291 1317 ambimus
1319 1252 1493 1319 ecclesiam

214 1343 622 1440 (lonstmrtindpolitanam,
653 1355 736 1419 sicut
764 1375 904 1438 semper,
934 1354 1052 1417 habere
1084 1375 1272 1418 connexam.
1317 1354 1494 1423 Exu'antur

213 1458 344 1522 obsecro
373 1460 414 1522 ab
441 1458 501 1538 hia,
530 1458 584 1543 qui
612 1458 714 1522 nostri
743 1480 808 1521 non
837 1459 922 1538 sunt,
953 1465 985 1519 et
1012 1478 1071 1520 nos
1101 1478 1225 1541 quoque
1250 1456 1405 1523 volumus.
1421 1480 1492 1525 esse

214 1560 388 1624 nobiscum.
427 1559 663 1625 Postulatioucs
687 1563 771 1624 certe
795 1559 939 1643 gentium
965 1557 1184 1643 barbararum,
1214 1560 1411 1642 venerabilis
1433 1562 1492 1627 im-

41 1703 45 1709 ·
127 1746 133 1751 ῇ
213 1666 350 1745 perator,
373 1684 431 1746 pro
454 1663 559 1747 quiete
581 1662 735 1726 mundani
751 1661 844 1746 regni
865 1660 991 1745 publice
1014 1660 1174 1746 benignus
1195 1661 1343 1728 exaudis:
1365 1668 1492 1749 quanto

213 1764 440 1849 praestantius,
465 1787 581 1849 quaeso
604 1769 646 1847 te,
674 1786 784 1847 preces
807 1761 1001 1848 apostolicae
1024 1761 1108 1826 sedis
1130 1785 1188 1846 pro
1210 1784 1376 1829 sacrarum
1398 1768 1492 1832 tran·

213 1865 371 1949 quillitate
394 1889 497 1931 rerum
522 1867 667 1950 placatus
690 1866 848 1929 admittis!
877 1864 948 1929 Hoc
964 1865 1049 1928 enim
1065 1864 1126 1930 hoe
1141 1865 1279 1950 expedit,
1303 1870 1341 1931 ut
1354 1866 1384 1931 si
1399 1868 1491 1934 utra·

213 1990 273 2052 que
288 1968 391 2032 Roma
413 1991 471 2052 pro
493 1972 601 2033 mutuo
624 1969 759 2053 pignore
782 1971 996 2052 nuncupatur,
1020 1968 1078 2032 liat
1098 1970 1234 2052 utraque
1257 1990 1323 2033 una
1336 1968 1421 2035 fides
1432 1970 1492 2037 illa

63 2070 140 2124 Rom·
149 2075 202 2135 ¹28·
214 2070 440 2153 Romanorum,
465 2093 560 2155 quam
583 2093 640 2155 per
661 2073 844 2136 universnm
865 2070 1019 2134 mundum
1041 2068 1220 2155 praedicari
1234 2069 1349 2135 beatum
1364 2070 1492 2137 Paulus

212 2175 350 2236 testatur
378 2173 551 2257 apostolus,
581 2175 664 2238 sicut
691 2175 775 2258 apud
804 2177 930 2237 nostros
952 2171 1060 2236 floruit
1081 2171 1254 2236 indisereta
1276 2173 1436 2259 maJores3
1457 2180 1493 2241 et

213 2296 294 2359 quac
316 2296 433 2360 genere
444 2275 630 2341 concordat
651 2299 689 2340 ac
705 2276 844 2356 nomine,
868 2274 992 2365 nonsit
1007 2274 1163 2360 religione
1178 2274 1290 2357 divisa,
1314 2296 1492 2363 perquam

213 2376 311 2440 etiam
333 2377 548 2461 discrepantia
572 2379 770 2463 copulantur.
816 2366 957 2459 Putasne
985 2398 1052 2459 me,
1081 2375 1275 2451 venerabilis
1296 2377 1493 2463 imperator,

213 2502 278 2543 non
302 2501 373 2543 cum
395 2480 544 2564 lacrymis
565 2482 629 2544 ista
651 2479 843 2564 profundere
872 2484 904 2543 et
925 2480 1013 2543 velut
1034 2482 1235 2562 praesentem
1258 2478 1299 2542 ad
1320 2481 1400 2545 tuae
1422 2482 1495 2567 pie

212 2581 290 2644 tatis
312 2582 474 2666 vestigia?
510 2581 578 2647 Nec
601 2583 686 2646 enim
708 2583 808 2667 piget,
832 2581 947 2645 intuli
970 2581 1108 2645 maxime
1131 2603 1237 2663 causa,
1260 2581 1510 2667 imperialibus

112 2668 197 2789 ¹40&
212 2682 327 2747 officiis
350 2683 509 2767 inclinari,
534 2707 630 2769 quum
653 2707 686 2749 se
709 2685 870 2769 apostolus
893 2685 1034 2748 omnium
1055 2683 1178 2747 factum
1200 2683 1288 2748 dicat
1309 2705 1382 2749 esse
1405 2686 1494 2772 peri·

212 2807 331 2870 psema.

295 2889 325 2952 4.
370 2888 461 2953 Haec
483 2890 601 2955 diutius
624 2891 721 2975 tacui,
753 2913 794 2954 ne
817 2890 889 2955 aliis
912 2891 1074 2955 contraria
1095 2888 1345 2974 suggerentibus
1368 2891 1496 2959 breve·

213 2991 350 3055 rentiam
377 2993 456 3055 meis
486 2993 592 3077 potius
619 2992 735 3057 litteris
770 3013 1009 3056 commoverem.
1060 2990 1180 3055 Verum
1208 2982 1296 3056 nune
1325 2992 1496 3061 facultate

211 3099 373 3178 percepta,
398 3095 534 3179 qualiter
556 3096 665 3181 vigeat
689 3096 724 3160 in
747 3082 817 3159 meo
841 3095 933 3159 corde
955 3097 1080 3158 vestrae
1109 3093 1240 3177 pietatis
1265 3093 1416 3179 affectus,
1441 3096 1495 3163 in-

211 3196 314 3274 sinuo,
343 3197 417 3281 quia
444 3218 606 3261 successus
634 3197 771 3262 traditae
799 3197 888 3261 vobis
918 3197 1070 3261 divinitus
1099 3196 1268 3280 potestatis
1294 3196 1394 3282 cupio
1415 3220 1495 3284 pro

211 3298 380 3380 pitiatione
409 3302 566 3364 constare.
617 3299 744 3384 Neque,
775 3299 955 3363 venerande
982 3299 1045 3381 fili,
1074 3320 1205 3384 respuas
1232 3297 1492 3387 supplicantem,

212 3422 290 3462 ncne
318 3422 422 3463 meam
450 3401 527 3465 velis
556 3402 755 3468 dissimulare
783 3424 962 3487 personam.
1007 3401 1046 3465 In
1074 3423 1125 3466 me
1152 3401 1239 3465 enim
1266 3401 1494 3491 qualicunque

210 3501 330 3563 vicario
352 3501 463 3566 beatus
486 3502 599 3566 Petrus
622 3505 794 3588 apostolus,
819 3508 851 3568 et
872 3504 951 3568 haec
974 3504 1008 3567 in
1030 3503 1096 3586 illo,
1120 3504 1174 3589 qui
1189 3502 1370 3569 Ecclesiam
1394 3526 1494 3573 suam

211 3602 347 3686 discerpi
377 3627 443 3667 non
470 3605 603 3688 patitur,
633 3606 700 3689 ipse
729 3607 825 3671 etiam
849 3607 993 3673 Christus
1016 3605 1170 3691 exposcit.
1215 3604 1322 3689 Absit,
1350 3612 1389 3671 ut
1412 3606 1492 3675 huic

210 3726 400 3788 quemquam
415 3706 598 3772 Christiana
620 3730 710 3773 mens
732 3714 787 3773 tua
809 3711 859 3773 vel
881 3710 982 3794 possit
996 3709 1046 3773 vel
1062 3707 1176 3772 debeat
1192 3706 1366 3793 anteferre,
1390 3732 1492 3795 quem

211 3828 269 3889 pro
291 3829 324 3871 se
347 3808 428 3872 votis
450 3810 597 3874 ourrribus
619 3810 779 3875 desideras
800 3813 940 3876 exorari:
964 3810 1152 3896 praesertim
1173 3830 1269 3895 quum
1291 3812 1391 3875 tanta
1421 3812 1491 3879 sint

210 3907 266 3971 illa
295 3910 344 3972 vel
366 3910 455 3995 talia,
486 3934 566 3996 qnae
594 3913 765 3996 tyrannide
795 3914 900 3978 deleta
929 3936 987 3998 pro
1014 3913 1076 3977 fide
1106 3910 1263 3977 catholica
1291 3912 1432 3998 gessisti
1456 3920 1491 3981 et

209 4011 306 4096 geris,
334 4016 371 4075 ut
397 4012 493 4097 plena
521 4038 540 4077 a
563 4014 629 4079 Deo
662 4006 786 4080 vestrae
814 4016 1029 4081 conscientiae
1057 4015 1275 4101 experimenta
1299 4016 1489 4085 teneamus.

210 4112 258 4177 De
287 4114 401 4197 quibus
431 4116 491 4179 etsi
514 4117 588 4201 quid
609 4117 757 4181 fortassis
779 4118 930 4183 omissum
953 4122 1011 4201 est,
1036 4140 1102 4182 non
1124 4116 1258 4201 respicit
1278 4116 1346 4183 nisi
1367 4118 1490 4204 perfidi

211 4216 295 4279 virus
318 4218 445 4301 Aeacii,
474 4220 527 4303 qui
550 4220 623 4284 dnm
647 4220 767 4285 illicitis
791 4242 933 4285 creseere
954 4220 1060 4285 tendit
1082 4218 1264 4305 augmentis
1273 4219 1313 4307 ⁶),
1338 4242 1379 4285 ea
1403 4244 1490 4309 quas
1556 4242 1563 4281 .·

209 4323 316 4383 rectae
344 4319 492 4404 religioni
530 4326 760 4408 congruerent,
791 4323 881 4387 vobis
912 4324 996 4387 inter
1025 4344 1116 4388 curas
1142 4321 1289 4407 publicas
1315 4326 1490 4411 occupans

209 4421 332 4486 destitit
360 4423 520 4489 intimare.
565 4424 649 4490 Nam
677 4426 779 4510 pietas
809 4429 864 4490 tua
889 4425 1044 4511 quomodo
1066 4448 1133 4490 non
1155 4423 1355 4509 sequendum
1376 4428 1490 4513 potins

208 4598 386 4607 --...--
460 4600 512 4607 ..—

276 4684 297 4752 6)
315 4679 415 4751 Notat,
433 4681 626 4749 ambitionem,
646 4700 702 4751 qna
719 4681 867 4739 secundam
886 4680 981 4738 sedem
998 4682 1115 4737 Acamas
1133 4684 1161 4737 et
1178 4680 1380 4752 opiscoporum
1400 4686 1432 4741 in
1449 4682 1490 4743 di·

208 4767 292 4820 versis
305 4766 454 4837 provinciis
466 4767 653 4823 ordinationes
665 4766 849 4824 renitentibus
861 4768 974 4823 summis
986 4767 1163 4838 pontificibus
1175 4765 1340 4831 affectaret,
1357 4771 1489 4829 omniun

209 4868 280 4919 qaae
299 4870 383 4921 prave
402 4852 530 4919 gesserat
546 4854 652 4907 fontem
671 4855 698 4907 ct
717 4853 852 4920 originem
871 4856 961 4909 titisse.
