3412 5664
359 310 422 378 862
799 329 827 379 s.
844 330 1052 380 normanus
1073 329 1189 379 aaran

255 502 280 541 a·
291 491 348 540 519.
361 482 560 570 scriptum3),
594 507 688 570 quem
716 484 913 549 offerendum
939 484 1157 569 indicaveras,
1193 486 1462 552 sanctissimorum
1488 496 1579 575 patron

361 587 528 672 concilio⁴)
557 589 798 673 congruentem.
844 586 965 652 Omnes
994 590 1191 652 concurrunt
1218 588 1320 654 alacri
1346 610 1439 673 opere
1465 591 1498 655 ad
1513 597 1580 659 suci·

359 691 477 776 pienda
505 692 579 755 vota
606 692 673 753 tam
695 691 820 754 vestrae
828 689 853 775 ⁶)
882 711 979 773 quam
1006 688 1388 775 Constantinopolitanae
1414 692 1502 777 sedis,
1527 718 1581 780 quos

362 793 504 859 veritatis
533 813 681 857 coruscus
707 791 816 876 fulgor
843 790 1022 876 illuminat3
1059 813 1170 857 omnes
1198 792 1383 858 accelerant
1408 794 1580 873 libentissime,

359 918 437 981 quos
459 895 601 960 oblectat
622 895 674 959 via
696 893 851 976 dilucida3
873 897 1050 977 sequuntur
1064 895 1147 960 scita
1160 897 1290 979 patrum
1307 897 1507 980 sanctisdma,
1521 896 1581 982 legs

301 1053 307 1063 .
359 997 616 1082 probatissimas:
640 1001 673 1061 et
695 995 836 1060 consiliis
859 997 1068 1080 quorumdam
1089 997 1236 1080 firmatis,
1260 998 1316 1082 qui
1338 1002 1457 1063 rectum
1470 999 1606 1093 mnebmt,

359 1101 537 1182 tramitem,
561 1099 696 1162 aliorum
722 1097 887 1181 correctis,
917 1098 972 1182 qui
993 1099 1197 1185 vagabantur
1218 1100 1353 1183 incerti,
1381 1100 1416 1165 in
1437 1123 1471 1166 eo
1488 1122 1527 1166 res
1541 1101 1582 1166 ool·

358 1202 482 1288 ligitur,
505 1203 541 1266 ut
563 1201 723 1265 unitatem
737 1198 921 1264 individuae
935 1199 1107 1265 Trinitatis
1128 1201 1191 1286 ipsi
1206 1222 1331 1286 quoque
1346 1202 1498 1290 unitate⁸)
1509 1202 1584 1268 oobnt

358 1305 526 1369 mentium.
571 1302 735 1387 Negatum
757 1304 807 1364 est
827 1301 913 1365 inter
935 1301 1045 1366 divina
1071 1302 1225 1388 mysteria
1247 1304 1435 1368 memoriam
1459 1306 1491 1370 in
1512 1310 1584 1390 poste

358 1429 430 1470 rum
451 1405 521 1470 fieri
542 1427 600 1490 pro
627 1407 739 1468 tenore
767 1402 884 1486 libelli,
919 1424 1013 1487 quem
1041 1403 1193 1488 diximus,
1224 1405 1338 1470 Aeacii
1365 1407 1584 1491 praevaricatoris

358 1508 519 1594 quondam
540 1506 649 1591 regiae
671 1505 759 1569 urbis
781 1504 877 1588 hujus
899 1504 1057 1590 episcopi,
1085 1528 1146 1570 nec
1173 1527 1240 1572 non
1268 1509 1302 1572 et
1329 1507 1462 1573 aliorum
1480 1508 1584 1574 secedo

358 1614 443 1693 turn,
468 1610 522 1694 qui
543 1608 594 1673 vel
616 1606 712 1693 primi
736 1609 847 1670 contra
871 1607 1046 1672 constituta
1068 1612 1228 1673 venerunt
1242 1609 1419 1693 apostolica
1439 1611 1487 1676 vel
1498 1631 1585 1676 succes

358 1734 445 1777 sores
467 1711 582 1775 erroris
605 1710 684 1774 facti
706 1711 782 1772 sunt
804 1711 837 1772 et
857 1707 947 1772 nulla
969 1730 1068 1794 usque
1091 1709 1131 1773 ad
1147 1710 1296 1776 ultimum
1311 1711 1396 1776 diem
1414 1733 1499 1777 suum
1509 1711 1585 1797 poeni·

358 1815 462 1879 tentia
485 1811 628 1877 correcti.
673 1810 718 1875 Et
740 1809 891 1894 quoniam
912 1831 1022 1875 omnes
1044 1813 1210 1897 nostraell
1239 1814 1388 1899 regiones
1409 1813 1585 1879 monendae

359 1919 449 1998 sunt,
488 1917 524 1978 ut
551 1912 730 1997 exemplum
759 1912 928 1976 imitentur
957 1912 1097 1977 civitatis
1125 1915 1251 2000 regiae,
1289 1915 1479 1981 destinanda
1502 1917 1585 2000 ubique

358 2015 550 2103 principalia
572 2017 745 2101 praecepta
767 2014 923 2078 ediximus
931 2016 973 2100 ⁸);
1010 2018 1103 2080 tanto
1124 2015 1300 2101 flagramus
1322 2016 1484 2103 religionis
1501 2017 1584 2097 officio,

358 2124 450 2185 tanto
483 2119 668 2182 affectamus
700 2116 805 2181 studio
835 2138 948 2199 pacem
980 2116 1157 2181 catholicae
1193 2118 1267 2183 fidei
1303 2141 1362 2203 pro
1394 2119 1585 2184 remuneranda

360 2222 491 2288 coelitus
518 2241 598 2304 pace
625 2221 755 2284 nostrae
784 2217 995 2303 reipublicae,
1033 2240 1091 2304 pro
1124 2220 1327 2285 conciliando
1359 2221 1503 2306 subjectis
1530 2220 1585 2284 nris

358 2344 496 2410 superno
518 2320 687 2406 praesidio.
736 2319 818 2395 Quid
841 2320 926 2384 enim
949 2320 1073 2405 gratius
1100 2322 1233 2406 reperiri
1255 2325 1373 2407 potest,
1403 2324 1475 2408 quid
1489 2323 1584 2408 justius,

359 2427 433 2512 quid
456 2424 626 2506 illustrius,
661 2444 757 2507 quam
779 2443 857 2507 quos
878 2421 964 2487 idem
992 2444 1128 2509 regnum
1156 2423 1301 2488 continet
1328 2424 1518 2510 ejusdemque
1534 2421 1584 2487 fidei

360 2529 463 2594 cultus
490 2526 640 2608 irradiat,
670 2546 722 2589 eos
745 2546 811 2588 non
833 2524 957 2589 diversa
981 2525 1189 2608 contendere,
1217 2525 1273 2590 sed
1296 2525 1438 2592 collectis
1457 2527 1489 2592 in
1506 2524 1585 2589 eodm

359 2631 504 2696 sensibus
522 2628 672 2692 instituta
685 2627 832 2691 venerari
853 2648 920 2691 non
941 2626 1084 2691 humana
1105 2630 1213 2692 mente
1234 2627 1337 2714 lata⁹)
1359 2629 1414 2693 sed
1432 2628 1519 2692 dirim
1535 2648 1585 2711 pru

359 2733 469 2799 dentia
491 2728 653 2816 Spiritus?
700 2729 779 2794 Oret
805 2728 906 2813 igitur
927 2731 1052 2794 vestrae
1079 2729 1245 2815 religionis
1273 2731 1445 2813 sanctitas,
1476 2733 1507 2794 ut
1527 2726 1584 2812 quod

358 2834 508 2921 pervigili
529 2831 634 2897 studio
656 2851 715 2915 pro
738 2830 907 2895 concordia
922 2830 1129 2896 ecclesiarum
1144 2831 1323 2896 catholicae
1337 2831 1411 2896 fidei
1425 2835 1583 2917 procuratu,

359 2938 460 3003 divini
477 2933 620 3001 muneris
642 2931 811 3018 opitulatio
829 2932 901 3018 jugi
929 2934 1144 3018 perpetuitate
1165 2933 1288 2998 servari
1310 2937 1443 2999 annuat.
1482 2932 1583 3014 baal}

359 3040 389 3105 X
413 3038 570 3106 calendas
592 3034 673 3119 Maji
695 3034 985 3119 Constantinopoli.

864 3221 1045 3325 epistola
1071 3222 1119 3308 67

966 3375 1015 3414 seu

206 3449 243 3567 {2
248 3445 346 3585 ἓξὲξ)
358 3476 562 3544 Exemplum
583 3469 759 3529 relationis
781 3469 933 3538 episcopi
947 3469 1320 3539 constantinopolitani
1340 3474 1385 3530 ad
1397 3469 1583 3531 normbdm

390 3610 441 3659 Dei
457 3621 558 3657 munere
576 3606 662 3655 datum
679 3618 735 3654 erse
751 3602 893 3666 principem
910 3603 991 3652 multis
1008 3617 1044 3652 esc
1060 3603 1189 3667 partibus,
1212 3606 1369 3670 praeprimis
1385 3606 1465 3656 eludo
1480 3603 1561 3653 aaut

425 3812 446 3879 ³)
465 3809 481 3880 β
504 3811 633 3875 scripum.
680 3801 806 3872 Respicit
831 3800 984 3872 imperator
1013 3801 1050 3857 ad
1078 3803 1250 3874 superiorem
1273 3805 1421 3876 epistolam
1442 3810 1483 3871 tl,
1505 3804 1584 3867 inqu

356 3894 495 3960 libellum,
518 3907 601 3960 quem
622 3886 772 3942 Hormisda
789 3884 951 3954 destinavit,
974 3904 992 3942 a
1008 3887 1135 3945 Johanns
1153 3892 1182 3946 et
1203 3895 1327 3960 scripum
1344 3892 1374 3946 et
1388 3895 1536 3959 sutirum
1551 3885 1584 3937 h*

356 3980 461 4035 bemus.
899 3994 908 4006 ·
1414 3989 1419 3997 ·

423 4067 444 4134 ⁴)
462 4063 480 4117 J
485 4062 507 4117 0
521 4064 537 4131 β
556 4062 612 4130 (sec
629 4060 723 4128 manu)
742 4063 854 4114 consilio.
886 4057 1025 4127 Vulgatae
1042 4059 1137 4115 tumen
1155 4059 1268 4116 lectioni
1280 4060 1371 4131 magis
1388 4062 1461 4116 favet
1474 4056 1531 4114 illud
1543 4052 1583 4123 spi·

356 4151 444 4206 stolae
463 4145 611 4218 superioris
629 4151 662 4199 66
679 4163 704 4199 n.
725 4151 753 4210 3,
777 4142 825 4197 ubi
842 4141 930 4211 legati
947 4142 1020 4197 lecto
1037 4142 1132 4199 libello
1149 4144 1338 4216 interrogant:
1370 4151 1401 4201 Si
1415 4150 1486 4212 laec,
1505 4144 1582 4213 quei·

357 4241 441 4292 libello
460 4242 587 4303 leguntur,
603 4235 682 4300 pestis
701 4233 880 4283 ecclesiasticis
898 4227 961 4295 (hoc
979 4230 1021 4283 est
1037 4229 1228 4299 synodalibus)
1245 4236 1344 4287 minime
1361 4236 1525 4287 cundum?

425 4324 445 4389 5)
463 4321 508 4374 Itu
519 4318 553 4373 (3¹
566 4316 593 4370 J¹
606 4316 634 4369 Ρ
646 4317 673 4369 a¹
686 4313 716 4367 i².
751 4314 818 4367 boe
835 4324 929 4372 restra.
964 4312 1025 4368 Οοί
1038 4317 1065 4369 0³
1081 4327 1194 4371 nostrae.

423 4409 444 4474 ⁶)
463 4404 523 4459 00¹
537 4406 563 4458 ο*
580 4407 605 4455 in
622 4406 727 4454 unitate.

423 4495 444 4560 ⁷)
461 4489 550 4544 Iidem
567 4498 671 4542 nostrae
689 4489 820 4553 relipionis
836 4489 988 4538 admonendi
1003 4495 1069 4542 suut.
1106 4483 1253 4555 Sequimur
1271 4486 1306 4543 G¹
1319 4484 1377 4542 Ji'.

422 4580 443 4645 8)
463 4576 506 4629 Itu
522 4571 605 4627 100²
618 4572 653 4625 0⁵
665 4569 700 4624 0η
713 4571 736 4623 o¹
750 4571 776 4623 c²
788 4571 824 4624 α’.
844 4599 876 4608 -
894 4568 1012 4640 Jdi²a¹
1031 4587 1089 4639 seq.
1108 4577 1234 4628 durium.
1268 4571 1424 4627 JstJsos
1440 4579 1538 4628 dirim

422 4665 443 4731 ⁸)
461 4660 513 4714 JO
528 4661 544 4730 β
557 4661 579 4712 0¹
596 4660 621 4710 e²
639 4662 730 4718 inluta,
748 4660 796 4709 sed
812 4660 837 4708 in
855 4659 956 4709 diuinae
970 4663 1149 4725 prouidentiae
1167 4661 1274 4727 Spiritu.

425 4750 456 4816 ¹⁰)
474 4746 549 4800 Nota
565 4743 613 4797 illa
631 4739 771 4801 chronica,
792 4756 863 4807 quae
880 4739 909 4793 in
927 4739 985 4794 a¹b
1005 4741 1229 4811 desiderabatur,
1246 4743 1393 4814 suppletur
1410 4760 1443 4799 cx
1459 4742 1512 4798 alis
1524 4735 1581 4793 celita

355 4837 440 4902 atquo
459 4830 585 4885 omnibus
601 4826 702 4882 nostris
714 4843 777 4879 mss.
796 4825 885 4894 Hujus
897 4826 1030 4880 beneficio
1044 4827 1154 4895 quando
1167 4832 1196 4882 ct
1207 4827 1298 4884 Pullio
1311 4824 1582 4900 eommrnopoiro

352 4922 444 4975 lectus
461 4918 497 4972 sit
515 4918 544 4971 ot
560 4917 605 4970 tot
620 4913 661 4967 illi
678 4911 790 4966 litterae
807 4910 926 4966 Romam
943 4912 1126 4980 perferendae
1144 4912 1228 4970 datae
1246 4914 1316 4983 sint,
1334 4915 1514 4987 comperimus
