3450 5678
659 350 830 400 emenoni
854 343 883 399 6.
1343 337 1406 402 685

760 506 785 570 Ι.
1418 533 1441 569 a.
1454 523 1511 570 sos.

225 605 255 669 2.
295 611 379 670 Bene
400 613 519 686 quidem
538 611 725 684 fraternitas
747 619 857 685 uestra,
888 613 1096 672 ecclesiasticis
1118 610 1232 685 lepidus
1254 612 1403 685 obsecuta,

138 713 193 772 sui
217 714 313 773 diuini
333 715 437 773 timore
451 715 575 789 judicii,
602 733 679 790 quae
700 720 790 774 crant
803 716 975 788 statuenda,
1000 715 1142 786 definivit,
1167 721 1196 773 et
1211 715 1254 772 acl
1266 715 1407 788 Justitiae

138 811 335 897 ranulamffi)
356 820 508 894 persenit,
538 820 608 877 ditm
629 820 819 894 sufficienter
841 819 982 876 renioersa
1003 817 1220 892 complectitur.
1266 816 1329 876 Nec
1351 818 1405 876 ud-

138 920 269 989 iectione
291 920 406 993 indipet
423 922 592 998 plenitudo,
621 922 753 980 manime
775 921 812 978 de
833 921 961 991 clericis,
992 934 1064 993 quos
1086 935 1172 978 amor
1194 920 1407 978 dominationis

138 1022 250 1081 inuasit
271 1027 300 1081 et
315 1023 426 1096 jupam
448 1024 627 1098 disciplinae
648 1024 869 1082 ecclesiasticae
884 1020 962 1092 fecit
978 1038 1128 1096 respuere,
1153 1037 1226 1095 quos
1238 1027 1405 1097 propterea

138 1123 267 1183 schisma
285 1121 397 1195 secisse
419 1125 505 1200 apud
524 1140 576 1184 vos
598 1126 736 1184 constitit.
784 1123 895 1195 Quibus
916 1125 1153 1183 miscricordiam
1175 1132 1284 1196 tamen,
1314 1139 1404 1198 qaum

138 1226 220 1286 Dens
241 1226 368 1286 mandat
389 1229 536 1287 uniuersis
563 1228 712 1305 impendi,¹
735 1228 811 1285 sicut
833 1229 975 1302 oportuit,
1006 1244 1063 1285 noa
1087 1223 1273 1304 nepastisffl),
1304 1229 1332 1284 si
1351 1227 1404 1284 du-

138 1330 211 1387 ritiu
239 1330 340 1389 cordis
367 1346 469 1389 corum
497 1345 556 1388 non
585 1328 643 1387 siti
669 1331 810 1402 acquirat
833 1345 978 1403 poenam,
1014 1331 1084 1389 ditm
1112 1330 1276 1388 contemnit
1303 1322 1416 1389 oblata

138 1432 282 1490 rernedia.
330 1430 461 1502 (luorum
483 1448 622 1490 excessus
642 1447 793 1489 enarrare
820 1432 949 1507 difficile
977 1437 1038 1500 est;
1066 1447 1156 1490 unum
1179 1437 1294 1509 lamen,
1324 1430 1438 1504 quoda

138 1535 282 1608 occurrit,
306 1535 480 1593 uenerando
504 1535 605 1593 ordini
625 1539 722 1593 aestro
744 1534 884 1591 intimare
905 1549 965 1592 non
989 1532 1110 1608 differo.

152 1702 155 1707 ,
223 1630 253 1694 3.
288 1635 442 1696 Diserunt
468 1638 548 1696 inter
574 1637 653 1707 alia,
688 1637 872 1711 scripturam
900 1636 1063 1710 quamdam
1093 1637 1219 1695 illustris
1245 1637 1405 1694 memoriae
1458 1654 1474 1694 s

138 1737 289 1798 Basiliam
312 1740 400 1814 qnasi
414 1754 477 1813 pro
499 1739 721 1797 ecclesiasticae
735 1753 838 1797 amore
851 1739 1036 1797 substantiae
1050 1739 1272 1812 conscripsisse,
1297 1740 1328 1797 in
1343 1753 1404 1810 qua

138 1842 239 1901 niellus
261 1841 418 1900 Romanae
449 1841 594 1900 ecclesiae
625 1855 680 1899 nec
712 1838 852 1912 interfuit
883 1857 938 1900 neo
965 1840 1140 1914 subscripsit
1174 1843 1308 1913 antistes,
1345 1855 1405 1913 per

138 1959 224 2017 quem
249 1945 395 2017 potuisset
419 1945 526 2003 sortiri
555 1943 717 2016 lepitimam
748 1944 930 2014 firmitatem.
983 1937 1141 2018 Tamen²⁰)
1175 1958 1212 2000 ne
1245 1957 1301 2016 epo
1335 1941 1406 1999 inde

138 2045 301 2120 disputem,
331 2046 411 2104 unde
430 2049 529 2118 potest
549 2050 677 2103 uestram
694 2044 843 2117 judicare
869 2045 1044 2102 concilium:
1071 2045 1249 2130 requiratur
1269 2049 1298 2101 et
1320 2041 1403 2113 elefe-

138 2154 228 2206 ratur
249 2149 278 2205 in
303 2149 445 2221 medium,
476 2153 508 2206 ut
529 2149 656 2206 tectione
683 2147 868 2221 opnoscatis,
899 2146 1072 2220 cujusmodi
1085 2147 1184 2219 possit
1206 2145 1317 2204 latere
1337 2145 1403 2204 sua·

138 2251 292 2308 stantiam.

223 2346 344 2411 Sancta
365 2345 504 2431 synodus
527 2345 706 2430 respondit:
729 2349 897 2423 Deferatur
911 2352 943 2410 in
958 2351 1097 2424 medium,
1123 2357 1155 2410 ut
1172 2351 1342 2426 quusmodi
1354 2353 1401 2426 sit,

138 2455 231 2529 possit
252 2457 385 2529 apnosci.
432 2449 477 2512 Et
498 2450 573 2512 dum
595 2449 724 2532 diceret,
748 2446 920 2512 Hormisda
942 2448 1094 2512 diaconus
1117 2449 1274 2513 recitavit.

751 2602 794 2667 Π.

563 2723 779 2807 Exemplar²¹)
803 2722 986 2804 scripturae.

221 2860 253 2923 4.
291 2859 395 2934 Quum
423 2860 456 2924 in
479 2859 701 2945 Mausolea),
730 2858 813 2944 quod
840 2862 888 2923 est
916 2858 1000 2941 apud
1027 2858 1245 2924 beatissimum
1272 2860 1402 2926 Petrum

208 3134 240 3201 ¹⁸)
258 3131 279 3185 F
281 3135 292 3169 ἅ
310 3140 411 3187 calanen.
452 3133 516 3186 Mox
534 3133 568 3186 E²
585 3139 691 3186 manime
709 3132 761 3186 curn
779 3138 822 3194 dc,
850 3148 882 3185 ac
900 3131 999 3187 deinde
1016 3131 1053 3186 Hs
1071 3138 1140 3202 quod
1156 3154 1226 3189 arnor
1248 3136 1277 3188 et
1300 3133 1404 3188 omittit

141 3222 201 3284 serit
218 3238 350 3287 respuere.
387 3218 421 3271 Fd
440 3218 528 3272 omitt.
549 3226 619 3286 apud
636 3239 686 3273 aos.

209 3306 240 3373 ¹⁹)
258 3303 306 3357 Uti
317 3303 399 3357 fidem
411 3304 479 3358 facit
491 3303 615 3373 superius
628 3303 807 3357 constitutum
826 3320 875 3357 seu
893 3302 971 3372 epist.
986 3309 1001 3356 5
1019 3321 1045 3357 n.
1059 3311 1097 3370 11,
1120 3304 1192 3358 nude
1211 3307 1240 3359 et
1252 3305 1402 3372 conficitur,

144 3388 216 3455 quod
233 3388 344 3443 aliunde
363 3390 478 3455 constat,
497 3406 596 3458 nempe
614 3389 667 3442 hoc
685 3389 803 3443 alterum
821 3387 1001 3442 constitutum
1018 3388 1065 3442 illo
1084 3406 1142 3444 esse
1159 3389 1305 3459 posterius.

207 3477 239 3542 ²¹¹)
258 3475 302 3528 Ita
319 3474 350 3527 Β1
365 3474 399 3527 Fd
413 3475 505 3544 (K¹²¹?).
544 3474 576 3526 E²
592 3475 622 3527 F²
634 3475 660 3527 Η
672 3477 695 3529 c'
709 3475 737 3527 h¹
758 3479 796 3527 n'e
815 3494 861 3541 epo
880 3473 918 3540 (h'
933 3475 1006 3542 erpo)
1025 3481 1092 3540 inde,
1112 3478 1137 3528 c²
1149 3491 1205 3542 seq.
1222 3480 1260 3529 Ne
1278 3497 1337 3530 uero
1356 3496 1402 3545 epo

143 3564 198 3613 inde
217 3565 348 3627 disputem,
366 3567 457 3614 sedeat
474 3567 555 3628 possit
627 3566 765 3625 referatur,
785 3577 817 3613 ac
834 3576 898 3612 mox
917 3562 940 3612 c¹
960 3566 1135 3615 constantiam.

205 3646 238 3712 ²¹)
257 3645 364 3699 Titulus
390 3645 447 3711 hic,
476 3644 505 3698 in
529 3646 649 3715 vulgatis
670 3644 888 3715 praetermissus,
910 3645 1056 3699 revocatur
1074 3662 1106 3698 ex
1125 3663 1188 3698 mss.
1228 3646 1259 3698 111
1277 3645 1311 3699 a·
1327 3645 1401 3700 idem

141 3729 222 3785 minio
245 3730 284 3784 sic
305 3731 458 3800 profertur:
486 3735 629 3799 Eacrnplar
650 3736 731 3800 ipsias
753 3736 939 3784 constitutionis
960 3737 1053 3798 spnodi
1075 3741 1228 3783 recensetur.
1274 3729 1403 3786 Subnexa

141 3815 275 3885 scriptura
292 3817 355 3885 post
373 3817 480 3869 obitum
499 3815 644 3885 Simplicii,
672 3833 756 3885 quum
770 3815 829 3883 jam
854 3816 941 3870 clerus
964 3818 1044 3869 utens
1062 3816 1126 3884 jure
1149 3830 1198 3868 suo
1216 3831 1402 3870 successorem

142 3900 198 3968 ejus
216 3900 320 3969 eligere
338 3904 473 3956 tentasset
495 3919 527 3955 ac
550 3903 622 3955 sorte
645 3900 718 3955 circa
739 3901 886 3954 facultates
909 3901 1040 3955 ecelesiae
1067 3898 1210 3968 quidpiam
1238 3900 1400 3968 ordinasset,

143 3985 265 4054 adeoque
284 4004 356 4040 auno
374 3993 424 4041 483
446 3987 519 4040 cirea
540 3985 650 4039 initium
667 3986 760 4040 Martii
783 3987 928 4055 proposita
949 3987 1008 4039 suit.
1046 3984 1101 4040 Sed
1120 3984 1252 4039 Odoacris
1273 3985 1403 4056 petitioni

140 4069 232 4125 Basilii
251 4089 337 4141 opera
354 4071 515 4141 propositae
533 4072 637 4126 clerum
655 4073 819 4136 Romanum,
839 4070 1057 4139 nominatimque
1077 4070 1226 4135 Gelasium,
1253 4070 1302 4138 qui
1317 4070 1403 4125 Felici

141 4154 276 4221 successit,
294 4155 481 4211 intercessisse
495 4156 556 4225 jam
568 4156 635 4210 alibi
648 4157 800 4210 observavi.
829 4156 925 4226 Neque
944 4155 1017 4208 enim
1034 4156 1089 4210 alio
1102 4156 1199 4210 referri
1212 4156 1317 4224 queunt
1334 4156 1403 4209 haec

140 4238 209 4295 illius
227 4242 314 4296 verba
332 4241 412 4311 epist.
426 4248 457 4295 ‘tc
476 4260 501 4295 n.
517 4249 560 4295 11:
586 4262 631 4296 nos
654 4262 750 4311 qnoque
770 4245 881 4295 Odoacri
902 4245 1013 4295 breriaco
1034 4246 1163 4296 haeretico
1187 4262 1288 4313 requam
1308 4246 1402 4295 Italiac

142 4336 196 4381 lunc
208 4333 311 4387 tenenti,
331 4349 402 4397 atesim
415 4334 500 4397 aliqua
514 4349 562 4382 noa
574 4333 695 4393 [iacienda
712 4333 884 4395 praeciperet,
904 4329 959 4379 ileo
970 4339 1119 4393 praestante
1132 4335 1273 4381 nallatenus
1283 4334 1402 4395 paruisse

141 4418 295 4479 manifestum
314 4424 359 4469 est.
396 4411 467 4467 Sane
494 4413 521 4466 in
547 4412 633 4482 ipsius
657 4412 760 4466 (lelasii
790 4415 819 4466 et
841 4409 980 4465 Anastasii
1002 4410 1195 4479 Symmachive
1223 4411 1402 4466 electionibus

143 4495 208 4550 nihil
224 4497 382 4566 hujusmodi
405 4516 452 4552 rex
476 4498 529 4552 sibi
546 4497 703 4552 vindicavit.
741 4496 795 4552 Sed
822 4514 907 4566 quum
929 4495 1025 4550 Festus
1047 4496 1162 4565 ejusque
1185 4495 1312 4551 factionis
1335 4496 1401 4550 socii

143 4596 191 4636 nec
211 4580 386 4637 ordinatione
410 4584 552 4639 Laurentii
577 4601 628 4639 nec
651 4582 809 4652 Symmachi
836 4581 1010 4636 coniunctione
1037 4582 1188 4651 quidquam
1211 4580 1402 4652 profecissent,

145 4682 195 4733 quo
214 4684 277 4721 eum
295 4686 312 4722 a
329 4667 491 4738 pontificatu
511 4669 673 4738 dejicerent,
692 4685 792 4723 novam
809 4669 882 4723 hanc
899 4669 1045 4721 moverunt
1062 4667 1230 4734 machinam,
1253 4668 1285 4720 ut
1303 4666 1401 4720 saltem

142 4749 270 4808 inuidiam
289 4752 314 4807 ci
332 4754 407 4824 apud
425 4772 529 4824 regem,
548 4755 591 4808 cui
609 4756 717 4808 tantum
736 4754 865 4821 debebat,
883 4755 1013 4810 facerent.

204 4841 237 4907 ²²)
256 4838 299 4892 Ita
316 4839 348 4891 Β1
364 4838 396 4891 F²
410 4840 515 4906 l'“K¹²;
550 4840 597 4895 alii
620 4858 685 4895 vero
710 4845 767 4894 Cum
790 4848 815 4894 in
834 4862 905 4893 saniem
928 4847 998 4909 apstd
1019 4857 1051 4893 ac
1073 4857 1137 4893 mox
1160 4839 1193 4892 Fi
1207 4842 1231 4892 c¹
1256 4844 1400 4895 resedisset.

142 4923 200 4976 Mox
213 4924 260 4977 Κ12
273 4930 428 4993 temporibus
438 4932 610 4980 Vandalus-am
628 4926 732 4993 inserit,¹
750 4927 842 4980 nescio
861 4942 916 4994 qno
928 4926 998 4980 loca.
1026 4925 1047 4978 F
1050 4928 1060 4962 δ
1069 4928 1216 4994 Odobacris,
1237 4926 1273 4979 H*³
1283 4927 1400 4993 Oriapris.
