3450 5678
260 334 404 385 sorsum
427 335 537 384 nerse.
562 334 633 383 nos
655 334 825 386 exsensa.
849 335 882 382 0.
900 333 1206 384 xxxv-xxxam.
1287 319 1368 385 1005

186 497 214 552 2.
230 494 372 571 Epistola
382 493 566 554 Hormisdou
580 510 680 572 papae
695 510 751 572 per
764 493 924 555 universm
939 493 1113 571 provincias
1126 493 1247 554 direeta
1261 501 1370 567 episco-

98 587 155 655 pis,
169 583 356 655 presbyteris,
373 583 542 638 diaconibus
557 585 599 638 00
615 590 719 639 cuncto
735 586 821 652 clero,
839 584 1070 654 imperatoribus.
1093 584 1216 655 rupibus,
1239 583 1368 650 ducibus,

99 669 280 739 principibus
294 668 385 739 aufus
399 669 502 737 mundi,
524 672 574 739 qui
587 669 639 722 snb
655 669 798 724 calbolica
820 675 906 740 atque
921 670 1080 738 apostolica
1102 669 1244 723 soliditate
1263 669 1372 738 firmati

101 769 163 808 esse
179 754 323 808 ridentur:
350 759 381 807 ut
392 767 617 823 praecessorum
632 759 795 808 nostrorum
812 760 931 823 potrum
952 754 1081 826 reputem
1096 769 1153 808 non
1175 760 1316 823 spernant
1336 754 1370 807 de

101 839 228 893 omnibus
236 838 369 909 judiciis,
391 838 468 910 0000
481 838 521 891 00
534 840 733 893 ecclesiastica
747 840 824 910 jure
837 842 986 909 pertinere
1008 839 1148 907 uidentur,
1171 840 1215 893 ecl
1235 853 1275 893 eae
1296 841 1373 893 omni

100 939 142 992 re,
160 924 237 995 0000
250 923 296 978 bic
308 924 428 992 politum
448 937 511 977 esse
534 924 654 978 ridetur.
696 921 729 978 Si
747 926 811 995 qais
831 924 972 979 diaconus
991 929 1043 978 aut
1061 923 1216 995 presbyter
1233 930 1300 992 post
1320 940 1369 978 nc·

101 1016 214 1079 ceptam
229 1008 452 1064 benedictionem
466 1008 601 1063 liniticam
622 1025 686 1063 cum
702 1023 796 1063 uxore
816 1023 870 1063 suc
885 1011 1073 1064 incontenens
1092 1011 1245 1071 inuenitur,
1258 1010 1304 1063 -ob
1325 1006 1369 1079 of-

99 1095 166 1163 ficio
181 1094 352 1164 abjiciatur.
389 1092 490 1162 „Ecce
504 1091 734 1164 manifestissime
749 1091 826 1148 etc.“
862 1092 916 1148 000
931 1093 1107 1166 inscriptione
1123 1091 1274 1165 epistolam.
1291 1091 1369 1163 cujus

102 1176 202 1232 falsitas
217 1177 303 1250 prima
319 1175 409 1232 ironic
424 1183 538 1250 prostat,
560 1175 644 1233 codes
661 1175 826 1233 Monacensis
843 1176 940 1233 latinns
957 1171 1038 1234 6243
1055 1176 1102 1232 iol.
1120 1170 1296 1239 234-238,
1318 1178 1369 1232 aui

101 1263 245 1335 posteriori
266 1269 354 1318 tamen
376 1260 473 1317 soeculi
489 1260 587 1315 tit-x
608 1278 701 1324 manu,
729 1262 837 1335 corpori
858 1262 971 1318 aliorum
992 1263 1173 1335 penninarum
1195 1261 1368 1318 decretalium

100 1345 198 1401 adsuit.
235 1345 382 1402 Praebetm·
402 1347 481 1402 etiam
502 1344 594 1402 codice
609 1346 735 1403 Vaticano
753 1345 849 1410 1343.
872 1346 1033 1403 collectione
1049 1346 1234 1402 llcromlliaua
1256 1356 1275 1402 t.
1292 1346 1369 1401 llb'lll

100 1432 137 1502 (in
153 1430 213 1487 cod.
230 1429 366 1486 Eremeusi
383 1429 443 1487 205
465 1435 506 1486 til.
522 1431 584 1485 XV
600 1448 663 1504 pag.
677 1430 728 1504 88)
749 1439 776 1487 et
796 1431 982 1505 poenitentiali
1003 1430 1141 1505 llalitgarii
1162 1431 1368 1494 Cameracensis,

100 1516 171 1572 0000
192 1524 219 1571 et
235 1516 374 1572 Gratianus
394 1534 418 1570 0.
432 1513 471 1570 ‘29
493 1522 521 1571 et
536 1514 575 1572 58
597 1515 626 1571 t).
642 1516 684 1573 50
704 1515 832 1589 quaedam
853 1515 1002 1590 fragmenta
1022 1517 1152 1589 sumpsit,
1179 1525 1206 1573 et
1226 1517 1281 1572 lac.
1299 1517 1370 1572 l‘etit

100 1602 209 1657 Posuit.
229 1599 576 1657 theoderannum}
597 1617 659 1674 pag.
677 1600 735 1657 143
761 1617 791 1657 ac
808 1599 928 1656 Casiisius
950 1600 1029 1657 beet.
1052 1604 1161 1674 antiqu.
1183 1601 1226 1657 ed.
1248 1601 1369 1676 basnage

101 1696 120 1741 t.
138 1686 158 1740 ll
179 1685 241 1760 pn
264 1704 324 1760 pag.
343 1684 403 1742 143
419 1702 460 1757 sq.
483 1683 638 1746 ediderunt.
668 1702 699 1741 ex
722 1684 818 1759 quibus
846 1687 1013 1759 repetierunt
1039 1693 1185 1759 sequentes
1206 1686 1368 1742 collectores

101 1771 194 1843 (llansi
216 1771 232 1827 l.
249 1788 272 1825 c.
290 1770 358 1834 Vlll,
375 1769 450 1832 527.
478 1768 567 1843 lligne
587 1769 605 1824 l.
623 1786 647 1825 c.
663 1768 754 1834 0010,
771 1770 832 1832 527
848 1769 907 1843 ss).
952 1770 987 1826 be
1008 1769 1124 1826 falsitate
1147 1770 1205 1842 ejus
1227 1771 1294 1826 nihil
1312 1770 1367 1842 jam

101 1855 261 1921 00000000,
300 1856 413 1911 Tantum
429 1870 536 1917 moneo,
553 1855 579 1909 iu
595 1854 667 1910 (licto
684 1854 834 1911 Monacensi
855 1872 910 1910 nou
930 1853 1018 1911 solnm
1039 1865 1143 1911 testum
1166 1858 1302 1930 puriorem
1319 1856 1367 1910 sed

102 1941 174 1996 edito
190 1942 269 1995 etiam
284 1939 406 2013 pluribus
423 1938 571 2012 pleniorem
588 1937 722 2012 praeberi,
739 1957 807 2014 qnae
818 1940 862 1996 hic
872 1940 1023 2013 producere
1035 1938 1109 1996 libet.
1134 1941 1199 1996 Post
1210 1939 1289 1997 rerba
1301 1957 1368 1997 con·

103 2030 193 2081 tinere
206 2027 345 2094 uidentur,
359 2023 455 2098 quibus
467 2022 532 2078 editi
544 2022 714 2088 clauduntur,
725 2023 781 2081 illic
792 2024 839 2080 iol.
849 2023 1050 2081 237⁸additnr:
1067 2026 1106 2081 m
1114 2026 1176 2082 ideo
1184 2028 1366 2098 perpendite,

99 2111 215 2183 fratres
231 2112 382 2179 carissimi,
400 2116 427 2164 et
441 2111 563 2164 sollicite
583 2112 713 2182 copitaie,
736 2113 810 2166 siem
830 2118 947 2166 sanctos
964 2117 1070 2181 patres
1091 2114 1215 2167 sensisse
1236 2114 1367 2184 conperi-

102 2212 172 2265 mus,
195 2213 280 2267 qucm
295 2195 480 2252 laudabiliter
497 2210 552 2264 pre
568 2195 710 2251 catholice
723 2196 792 2266 fidei
805 2199 926 2252 ueritate
941 2199 1137 2269 unusquisque
1157 2197 1239 2252 debet
1253 2199 1367 2258 ntoreri,

102 2288 130 2336 ct
144 2298 229 2354 0000
245 2281 385 2336 sollicitae
399 2280 539 2335 dominico
553 2283 635 2353 prepi
648 2281 795 2336 deuotione
814 2278 908 2352 officii
923 2283 1083 2352 pastoralis
1102 2286 1297 2354 unusquisque
1317 2285 1367 2336 im·

98 2367 228 2437 pendere
243 2367 354 2422 debeat.
385 2365 422 2420 Et
442 2365 659 2420 sollicitudinem
680 2368 801 2421 omnium
822 2368 1011 2422 ecclesiaram
1032 2367 1188 2422 secundnm
1208 2368 1368 2439 apostolum

101 2449 349 2522 circumferentes,
366 2466 418 2505 nos
432 2451 626 2505 indesinenter
641 2454 787 2519 ortamini,
806 2454 934 2523 quamuis
948 2458 1049 2523 sponte
1065 2454 1214 2524 aipilantes
1229 2468 1266 2507 00
1279 2468 1367 2524 prce·

102 2543 269 2602 currentes,
295 2539 323 2592 in
346 2549 394 2590 eos
416 2536 539 2590 divinum
559 2538 651 2591 zelum
671 2538 753 2591 solito
768 2537 981 2605 demonstratis,
998 2551 1052 2592 000
1067 2540 1217 2610 quisquam
1239 2544 1368 2593 nostrum

103 2623 267 2677 Christiano
286 2621 371 2693 plebe
391 2628 532 2691 pereunte
552 2627 664 2675 reatum
685 2622 833 2676 deditionis
852 2624 987 2677 incurrat
1009 2628 1035 2676 el
1056 2625 1255 2677 mercenarius
1273 2627 1369 2693 polius

103 2709 234 2762 rideatur
257 2720 320 2761 esse
341 2722 426 2777 0000
444 2711 557 2775 pastor.
599 2705 676 2761 Unde
697 2712 828 2762 ortomur
848 2722 956 2761 omnem
977 2707 1085 2760 clerum
1113 2715 1140 2761 et
1160 2708 1368 2764 00000000·ου0

100 2793 246 2863 populum,
264 2797 294 2847 nt
308 2792 386 2846 banc
401 2793 502 2845 seriem
518 2796 645 2846 nostram
660 2794 894 2861 suprascriptam
908 2793 1105 2863 unusquisque
1119 2808 1175 2846 non
1191 2800 1297 2847 renuat
1318 2795 1371 2849 sed

99 2881 196 2947 potius
210 2879 410 2932 intemeratam
426 2876 577 2935 custodiat,
593 2878 619 2930 si
632 2890 696 2930 000
712 2891 804 2946 supra
819 2877 910 2931 dictos
925 2883 1041 2932 sanctos
1060 2882 1162 2946 patres
1183 2893 1239 2932 non
1261 2893 1369 2933 consus

101 2964 153 3018 sed
159 2965 265 3032 pacem
280 2962 388 3017 babere
402 2961 557 3016 desiderat.
580 2959 693 3015 Melual
707 2964 902 3033 unusquisque
918 2969 1065 3015 aeternum
1080 2963 1261 3032 supplicium,
1279 2969 1306 3017 et
1321 2964 1366 3018 de·

100 3048 208 3102 siderei
223 3048 395 3117 adepturum
410 3061 441 3101 se
456 3060 585 3118 repnum.
633 3045 722 3106 linde.
749 3044 863 3116 fratres
884 3049 1038 3114 carissimi,
1061 3055 1233 3117 permanete
1255 3051 1284 3102 in
1306 3063 1368 3103 eum

102 3135 160 3204 0οὶ
183 3138 251 3197 est,
275 3138 306 3186 ut
327 3134 448 3186 uincatis
467 3133 497 3186 in
519 3131 605 3186 nobis.
647 3130 681 3185 10
704 3133 766 3200 ipso
787 3145 873 3186 sensu
895 3133 971 3186 etin
994 3132 1092 3185 eadem
1112 3137 1253 3187 sententia
1280 3140 1368 3188 estote
1381 3130 1466 3184 Exod.

99 3215 239 3289 perfecti,
258 3223 288 3272 ut
303 3235 321 3271 0
336 3217 395 3287 filio
407 3216 536 3284 bominis,
553 3231 617 3270 cum
629 3218 775 3270 veneritin
789 3218 943 3287 majestate
954 3232 1017 3278 sua,
1032 3233 1089 3271 non
1101 3218 1241 3272 audiatis.-
1256 3219 1368 3286 „disce-
1396 3207 1419 3263 3,
1432 3207 1466 3252 ¹4·

101 3304 158 3357 dite
181 3320 198 3355 a
215 3317 257 3356 me
272 3300 450 3363 maledieti“‚
472 3302 537 3355 scd:
564 3302 681 3368 „vertite
703 3300 876 3368 benedicti“,
906 3304 1036 3372 possitis,
1061 3303 1172 3356 andire.
1210 3304 1368 3375 Anpustam
1379 3300 1477 3354 Mollh.

101 3403 179 3442 0000
193 3394 307 3457 portum
320 3386 498 3458 festinanter
512 3389 632 3454 intrate,
659 3401 734 3457 0000
755 3400 803 3440 000
818 3389 945 3456 accepit,
973 3401 1044 3458 0000
1065 3403 1219 3458 0000000
1239 3390 1368 3459 spatiosa
1386 3375 1474 3435 ²52⁸·

101 3476 281 3528 invenerunt.
310 3471 394 3527 Haec
409 3471 554 3527 dilectioni
567 3477 681 3525 vestroe
697 3487 754 3542 pro
768 3472 858 3526 letitia
875 3471 1082 3527 catholicorum
1102 3472 1180 3527 dicta
1201 3472 1367 3544 00000000,Ι

101 3572 176 3630 0000
191 3559 308 3628 saepius
324 3571 478 3624 recensere
494 3570 542 3612 ros
559 3558 694 3618 uolumus,
717 3561 747 3610 ul
763 3556 905 3627 triumpho
918 3557 988 3627 fidei
999 3558 1181 3629 protelantes
1196 3559 1369 3631 intellepatis

101 3644 206 3697 domini
219 3644 353 3697 caritatis
374 3649 400 3697 et
411 3643 498 3712 pacis
515 3655 577 3695 esse
592 3641 678 3704 nobis,
701 3656 765 3695 000
780 3655 886 3698 carere
906 3656 959 3696 nos
974 3645 1104 3697 conuenit
1123 3645 1152 3697 in
1166 3640 1308 3713 futurum,
1331 3659 1368 3699 ne

99 3733 197 3800 posset
216 3730 306 3800 mapis
333 3743 370 3782 00
395 3728 484 3798 mapis
509 3741 585 3798 0000
605 3726 736 3781 abscissa
761 3732 828 3781 sunt
851 3728 1008 3797 pallidure.
1054 3727 1227 3796 Elaborute,
1251 3727 1369 3799 fratres

102 3815 258 3881 carissimi,
280 3812 412 3869 laborate
428 3811 560 3878 obsecro,
586 3818 616 3866 ut
632 3825 699 3866 rere
714 3811 853 3866 tollantur
873 3812 908 3867 de
924 3812 1013 3868 medio
1029 3820 1166 3881 oestrum,
1190 3816 1240 3885 qui
1258 3819 1367 3870 statuta

102 3914 245 3954 canonum
261 3892 415 3969 spernunt,
433 3903 534 3952 utnon
550 3897 586 3950 sit
601 3898 630 3950 in
646 3896 764 3967 callepio
781 3903 890 3958 vestrm
911 3898 1086 3952 credendum
1107 3904 1201 3954 tumen
1222 3899 1258 3953 de
1271 3900 1367 3954 dicinu

102 3990 144 4038 est
158 3986 281 4055 pietate,
302 3984 380 4055 0000
398 3996 494 4037 00000
513 3985 542 4036 in
558 3982 632 4036 riam
652 3981 786 4050 redeant,
814 3984 840 4037 si
857 3983 893 4036 de
912 3997 1004 4052 supra
1020 3983 1096 4039 dicto
1111 3983 1213 4039 borum
1228 3986 1369 4041 malorum

102 4076 191 4139 caput
207 4075 233 4122 et
249 4083 340 4124 caasa
362 4069 488 4124 tollutar.
527 4065 681 4137 Principes
701 4066 790 4139 liujus
811 4067 909 4123 mundi
929 4068 1031 4124 bortor
1050 4074 1078 4122 et
1098 4069 1248 4130 admoneo.
1276 4077 1307 4125 ut
1327 4072 1369 4125 sic

99 4153 244 4223 fruantur
264 4153 351 4208 rebus
372 4154 509 4221 terrenis,
538 4159 568 4206 ut
589 4167 645 4206 non
668 4154 799 4207 amittant
820 4153 993 4210 caelestibus
1018 4154 1162 4224 remediis,
1193 4157 1235 4210 sic
1254 4155 1289 4210 de
1310 4157 1367 4211 nita

100 4244 255 4309 praesente
275 4239 472 4312 protelentur,
504 4243 534 4292 ut
552 4235 685 4307 fauorem
701 4238 853 4294 caelestem
869 4254 925 4294 non
943 4238 1080 4309 perdant.
1117 4238 1221 4301 Videte,
1242 4238 1367 4310 fratres,

103 4326 176 4379 0000
190 4327 220 4378 in
234 4324 308 4378 libro
324 4337 422 4396 rapum
437 4322 556 4394 lepimus
570 4322 605 4376 00
619 4322 729 4378 derebus
744 4324 859 4396 repibns
871 4322 942 4378 Saul
958 4322 1100 4386 ctDarid;
1115 4324 1167 4378 sed
1180 4327 1206 4379 si
1219 4324 1255 4380 de
1270 4338 1368 4381 eorum

102 4412 186 4464 eitam
198 4424 364 4479 pensamus,
376 4422 532 4479 possumus
547 4408 657 4478 aliquid
670 4408 710 4463 00
722 4414 851 4464 nestram
865 4411 1047 4464 imitationem
1063 4410 1172 4482 eollepi.
1208 4409 1268 4465 Iste
1282 4412 1369 4482 prior

102 4501 128 4549 et
146 4509 271 4565 presens
293 4508 412 4566 repnum
431 4491 563 4563 perdedit
586 4499 613 4547 et
636 4495 787 4549 caelestem
813 4496 920 4562 amisit,
947 4495 996 4548 ille
1015 4507 1139 4566 sequens
1160 4500 1187 4549 et
1204 4502 1368 4566 presentem

101 4580 200 4634 lsabuit
215 4587 243 4634 et
258 4581 410 4635 caelestem
425 4578 547 4648 adeptus
562 4583 614 4632 cst.
652 4577 744 4634 Nimia
768 4586 834 4635 suut
855 4583 905 4651 qai
918 4581 1067 4651 loquimur,
1090 4580 1142 4634 scel
1159 4586 1261 4650 penset
1281 4596 1367 4636 unus·

102 4679 165 4736 000,
182 4683 267 4738 quam
282 4667 423 4719 rationem
438 4667 466 4718 in
483 4669 562 4718 tanto
577 4663 700 4719 districti
714 4668 856 4720 examinis
869 4666 977 4736 judicii
997 4666 1042 4719 die
1063 4664 1229 4720 redditurus
1244 4669 1292 4726 sit.
1320 4669 1369 4737 qui

101 4757 219 4805 sanctos
235 4751 277 4805 rel
293 4756 388 4805 tantos
400 4756 517 4821 patres,
539 4750 616 4820 0000
630 4765 721 4821 snpra
738 4754 969 4819 memoravimus,
999 4765 1097 4805 eorum
1111 4752 1369 4827 praeceptionibus

102 4836 236 4896 oboedire
251 4838 411 4910 contemnit,
434 4852 491 4893 non
506 4840 596 4894 solum
612 4845 706 4893 autem
727 4839 791 4894 illos
812 4838 910 4893 sedet
931 4852 1027 4894 omnes
1047 4843 1165 4893 sanctos
1175 4843 1292 4911 patres,
1320 4838 1370 4914 qui
