3450 5678
662 345 833 395 arrsroan
859 336 908 392 10.
1359 327 1419 393 707

146 498 251 565 Deum
273 500 338 564 suis
362 500 513 586 causisll)
535 499 666 564 minime
688 499 882 583 defuturum,
906 502 940 563 et
954 503 1200 584 quantacunque
1222 501 1267 565 sit
1282 500 1423 564 humana
1444 508 1521 579 (post

147 602 366 686 praesumptio
373 652 382 686 ,
415 605 663 687 quantacunque
684 603 847 687 potentia,
871 601 930 666 sub
952 601 1060 666 divino
1082 605 1163 666 nutu
1185 602 1282 686 hujus
1305 604 1419 668 atroci·
1433 580 1540 639 wll

148 704 226 769 tatis
254 726 424 769 censuram
450 705 520 768 sine
548 705 748 769 dubitatione
776 704 1013 784 vindicandam.
1070 703 1156 769 Nam
1183 705 1282 769 talem
1310 727 1422 769 ausum

147 828 252 892 nequo
279 806 332 871 hic
360 806 549 871 confidimus
577 829 761 891 evasurum,
796 810 828 870 et
855 807 890 871 in
917 807 973 871 illo
998 827 1118 891 magno
1140 806 1202 871 Dei
1228 806 1351 890 judicio
1373 830 1422 871 re-

146 912 326 993 cepturum,
349 910 434 994 quod
455 909 496 973 iis
517 909 753 974 temeritatibus
775 908 885 973 divina
906 909 1119 974 retributione
1143 908 1285 975 debetur.
1330 908 1422 973 Haec

143 1032 206 1074 nos
229 1032 432 1097 nequaquam
454 1011 592 1076 tacuisse
615 1011 772 1095 sufficiat,
795 1016 944 1096 utquam
967 1033 1107 1096 superna
1127 1010 1228 1076 fuerit
1248 1013 1328 1076 ultio
1350 1012 1423 1075 sub-

143 1117 274 1196 secuta,
308 1117 342 1177 et
368 1134 445 1178 vera
471 1135 530 1178 nos
558 1113 730 1198 protulisse
753 1113 966 1177 consideratio
994 1113 1135 1177 humana
1164 1117 1355 1197 cognoscat,
1390 1116 1424 1177 et

138 1236 285 1299 poenam
306 1237 373 1280 non
394 1216 537 1280 hraniter
558 1216 785 1300 pronuntiasse
812 1208 998 1298 venturam,
1028 1219 1062 1279 et
1087 1215 1310 1300 praeposuisse
1331 1237 1422 1300 prae-

138 1317 335 1381 monitionis
356 1317 504 1401 formam,
528 1341 591 1403 qua
612 1317 795 1403 hujusmodi
816 1317 1014 1401 praecipitiis
1038 1318 1076 1382 de
1093 1320 1198 1382 cetero
1213 1321 1420 1402 temperetur.

236 1420 285 1484 14.
319 1421 414 1485 Certe
436 1421 464 1484 si
485 1420 666 1505 hujusmodi
688 1422 859 1504 propterea
880 1418 1107 1504 relinquendos
1128 1421 1258 1504 proprio
1281 1419 1422 1485 definitis

138 1522 299 1606 arbitrio,
329 1522 405 1607 quia
432 1544 492 1587 nec
521 1544 540 1586 a
563 1521 755 1588 Christianis
776 1522 886 1585 vexari
915 1521 1028 1585 deceat
1050 1521 1213 1587 Christum
1234 1544 1423 1607 quocunque

138 1624 244 1690 titulo
267 1624 474 1708 confitentes,
508 1646 569 1689 uec
596 1625 740 1688 viventes
766 1624 894 1707 injure
917 1623 1063 1688 Romano
1084 1622 1226 1688 lacerare
1250 1624 1423 1689 conveniat

138 1725 320 1791 Romanise
343 1730 575 1812 consequenter
589 1726 780 1809 ostenditur,
801 1725 963 1789 Romanos
979 1726 1124 1789 homines
1140 1728 1172 1789 et
1187 1725 1422 1811 qualescunque

138 1828 352 1895 Christianae
374 1829 581 1913 professionis
604 1828 769 1912 impetere,
793 1850 853 1892 nec
877 1827 1096 1893 Clnistianum
1118 1828 1180 1892 dici
1203 1850 1296 1913 posse
1319 1829 1421 1893 modis

138 1930 298 1995 amnibus
319 1952 381 1995 nec
401 1930 593 1996 Romanum.
628 1930 767 1995 Proinde
789 1933 846 1994 aut
866 1930 928 1994 tibi
949 1929 1126 2014 repellendi
1148 1952 1260 1995 omnes
1280 1932 1421 2014 fuerant,

138 2036 206 2097 aut
227 2031 335 2097 nullus
357 2033 487 2118 penitus
508 2032 722 2118 impetendus,
746 2036 779 2096 et
800 2033 884 2117 quod
906 2033 940 2096 in
963 2054 1027 2096 uuo
1049 2054 1168 2116 genere
1186 2033 1314 2117 judicas
1337 2056 1422 2098 anro-

138 2135 304 2218 vendum,
327 2135 363 2199 in
385 2136 534 2200 omnibus
555 2136 692 2221 repelle,
719 2135 746 2199 si
769 2135 944 2220 praevales.
989 2134 1024 2199 Si
1046 2136 1154 2200 omnia
1176 2139 1253 2200 sunt
1274 2137 1421 2217 sinenda,

138 2237 259 2303 nullus
279 2239 411 2321 penitus
433 2237 658 2303 excludendus
704 2238 858 2321 Alioquin
880 2237 956 2300 dum
979 2238 1140 2320 parcendo
1162 2238 1288 2302 cunctis
1311 2240 1423 2302 errori-

138 2340 208 2405 bus
230 2338 276 2404 sis
298 2339 431 2424 amicus,
453 2362 520 2403 non
542 2340 606 2404 nisi
628 2339 730 2403 salum
753 2339 813 2403 tibi
828 2338 984 2422 probatur
999 2338 1199 2422 displicuisse
1214 2340 1297 2424 quod
1311 2362 1422 2405 verum

138 2446 208 2507 est.
262 2441 383 2507 Omnes
412 2440 562 2506 catholici
589 2441 769 2526 principes,
808 2440 874 2505 sivo
903 2463 1001 2525 (pium
1033 2441 1176 2525 imperiis
1204 2443 1423 2527 gubernacula

138 2547 370 2627 susceperrnrt,
400 2543 467 2607 sive
490 2566 587 2627 quum
610 2544 804 2628 apostolicae
827 2543 894 2607 sedi
916 2565 1015 2608 novos
1038 2548 1239 2628 obmovenrut
1259 2546 1422 2629 praesules

138 2645 316 2711 institutos
322 2696 332 2730 ,
366 2646 407 2710 ad
437 2668 507 2710 eam
535 2668 594 2710 sua
620 2648 768 2730 protinus
796 2647 917 2730 scripta
943 2646 1115 2729 miserunt,
1150 2658 1188 2711 ut
1215 2670 1248 2712 se
1271 2650 1424 2713 docerent
1520 2715 1525 2724 ,

138 2748 219 2833 ejus
242 2769 312 2812 esse
335 2752 509 2813 consortes.
542 2749 655 2833 ltaque
677 2749 730 2832 qui
753 2748 814 2812 hoc
836 2770 902 2811 uon
924 2749 1081 2831 fecerunt,
1105 2749 1146 2812 ab
1162 2749 1273 2814 eedem
1288 2773 1321 2815 sc
1336 2752 1422 2835 ipsos

138 2850 343 2935 profitentur
363 2850 502 2935 alienos,
538 2851 621 2936 quod
651 2851 770 2914 chartis
793 2871 916 2935 quoque
938 2849 1101 2934 vestris³⁴)
1129 2851 1212 2935 apud
1241 2874 1297 2917 vos
1325 2854 1421 2917 etiarn

138 2952 310 3037 possimus
337 2952 518 3036 adstruere,
547 2954 610 3017 uisi
634 2974 689 3017 vos
713 2952 853 3016 aemulos
876 2956 909 3016 et
930 2972 1000 3015 reos
1024 2954 1057 3015 et
1078 2951 1225 3017 inimicos
1247 2955 1421 3018 vitaremus

138 3058 177 3118 et
196 3054 336 3138 judices,
371 3054 446 3119 Non
468 3056 595 3138 mirum,
619 3056 646 3118 si
670 3054 844 3120 catholicos
859 3056 1095 3138 persequuntur
1109 3053 1372 3121 Manichaeorum
1380 3057 1420 3140 35)

138 3157 297 3241 patroni,
320 3178 417 3241 quum
438 3156 566 3221 falsitas
588 3177 654 3221 non
677 3157 780 3240 possit
801 3178 867 3220 non
888 3157 1035 3240 persequi
1059 3157 1237 3222 veritatem.
1267 3157 1343 3223 Non
1364 3158 1422 3221 rni-

138 3278 238 3342 rum,
262 3258 290 3322 si
312 3258 348 3322 in
369 3258 560 3323 orthodoxos
583 3259 745 3342 saeviant,
775 3258 890 3344 quibus
912 3261 1021 3343 potest
1042 3281 1114 3323 cunr
1137 3261 1261 3325 cunctis
1284 3260 1422 3324 haeresi-

138 3359 208 3425 bus
231 3361 420 3444 courenire,
453 3364 487 3425 et
513 3361 670 3426 universis
699 3361 860 3424 erroribus
888 3360 983 3425 amici
1010 3382 1075 3424 non
1103 3363 1229 3444 possint
1255 3362 1318 3426 nisi
1346 3362 1422 3427 solis

138 3483 218 3527 esse
246 3483 313 3526 non
342 3463 523 3527 errantibus
551 3462 685 3527 inimici.
736 3461 769 3527 Si
798 3484 887 3525 orror
914 3468 980 3546 est,
1017 3463 1302 3551 convincendus³⁶)
1327 3469 1421 3528 hero:

190 3740 194 3745 ·
216 3722 250 3787 ³³)
269 3736 300 3773 cc
317 3718 451 3775 omittunt
467 3723 559 3772 caune.

216 3806 250 3873 ³⁴)
267 3803 345 3858 Editi
362 3811 411 3860 tuis
429 3808 500 3873 apud
516 3814 540 3856 ee
559 3807 634 3856 eliam
649 3822 782 3871 pessimun
799 3808 948 3865 osbtruere,
967 3809 1017 3857 atri
1035 3816 1059 3858 te
1077 3811 1197 3858 remaclum
1214 3817 1240 3858 ee
1252 3824 1321 3858 reum
1332 3816 1358 3859 et
1376 3809 1420 3858 ins

138 3896 234 3945 micam
251 3896 387 3944 vitaremus
405 3901 431 3944 ec
442 3893 564 3957 jurlicem.
599 3887 690 3941 Minus
708 3887 776 3942 dure
794 3893 876 3942 sonat
892 3887 989 3955 lectio,
1007 3906 1091 3957 quani
1109 3906 1143 3943 ex
1160 3888 1214 3943 fide
1231 3908 1281 3943 ms.
1296 3889 1419 3944 (triman.

138 3972 338 4046 exprimimus.
377 3972 508 4029 [bivero
531 3971 714 4041 Symmachus
736 3989 792 4026 non
814 3972 854 4027 ait
871 3972 962 4028 vitare
984 3991 1013 4027 se
1031 3973 1173 4028 Anastasii
1191 3973 1422 4039 communionem,

138 4060 197 4116 sed
215 4062 292 4115 staro
310 4076 341 4115 se
357 4059 432 4114 nolle
446 4056 553 4127 judicio
572 4057 645 4126 ejus,
663 4076 747 4128 quem
765 4074 821 4112 non
839 4058 922 4112 modo
941 4074 1034 4126 reum,
1052 4058 1101 4113 scd
1120 4058 1205 4114 ctiam
1223 4060 1364 4115 aemulum
1382 4061 1422 4115 at-

141 4160 203 4214 que
221 4143 364 4199 inimicum
381 4143 528 4213 reperitur.

214 4231 248 4297 ⁸⁵)
266 4229 376 4299 Duplici
394 4229 477 4285 titulo
496 4233 704 4283 rllanr'clraeorum
720 4234 827 4298 patroni
842 4243 944 4283 nomen
961 4226 1108 4283 Anastasio
1127 4230 1312 4299 congruebat:
1328 4235 1421 4297 primo,

145 4313 215 4384 quia
231 4313 348 4369 fovebat
364 4314 565 4383 Eutychianos,
588 4328 657 4381 quos
680 4314 711 4368 ut
732 4313 881 4367 veritatem
905 4313 1029 4384 corporis
1048 4312 1149 4368 Christi
1173 4332 1236 4368 cum
1253 4313 1422 4368 Manichaeis

146 4399 287 4469 negantes
310 4399 395 4453 etiam
416 4398 595 4453 Manichacos
618 4416 718 4453 vocare
739 4397 861 4453 insoleus
879 4416 935 4454 non
956 4406 1029 4465 erat;
1052 4406 1177 4462 secando,
1201 4400 1267 4467 qnia
1285 4416 1318 4454 cx
1335 4399 1422 4452 Mani-

147 4476 240 4539 chsea'
262 4500 310 4538 seu
335 4484 562 4539 Manichaeorum
587 4484 705 4538 fautrice
727 4485 818 4538 matre
843 4486 935 4538 ortum
956 4484 1085 4539 ducebat.
1132 4484 1204 4539 Hinc
1217 4502 1248 4571 ⁴a
1273 4484 1422 4537 Theodoro

147 4568 252 4625 lectore
271 4570 318 4623 lib.
338 4577 353 4623 ‘3
372 4569 507 4639 scriptum
524 4568 655 4638 legimus:
686 4574 834 4623 illuniclracr'
850 4580 875 4623 ct
895 4575 991 4624 Ariani
1006 4576 1098 4625 laetati
1114 4581 1173 4625 runt
1189 4579 1300 4639 propter
1317 4575 1421 4635 increpa.

148 4662 272 4709 rationem
289 4661 454 4724 imperatoris
473 4660 618 4710 Anastasii:
642 4659 804 4717 Manichaei,
822 4661 991 4725 quadranter
1007 4661 1076 4710 illius
1093 4676 1185 4710 srrmmo
1203 4675 1265 4721 eron
1284 4660 1354 4723 ipsos
1372 4666 1421 4706 sru-

148 4746 191 4796 ‹lr'o
208 4745 307 4810 affecto
324 4751 389 4794 erat.

215 4827 250 4894 ³⁶)
268 4825 365 4879 Excusi
384 4832 633 4880 consummares.
662 4831 763 4880 l'erum.
803 4826 915 4880 Rectius
933 4828 1019 4881 (irim.
1039 4832 1223 4882 concinendas
1241 4835 1279 4879 eat
1296 4844 1370 4891 erro,
1393 4823 1422 4878 id

148 4915 190 4966 est
207 4912 335 4966 veritat-o.

1151 5001 1218 5063 45*
