<?xml version="1.0" encoding="UTF-8"?>
<!DOCTYPE html PUBLIC "-//W3C//DTD XHTML 1.0 Transitional//EN"
    "http://www.w3.org/TR/xhtml1/DTD/xhtml1-transitional.dtd">
<html xmlns="http://www.w3.org/1999/xhtml" xml:lang="en" lang="en">
 <head>
  <title>
</title>
<meta http-equiv="Content-Type" content="text/html;charset=utf-8" />
  <meta name='ocr-system' content='tesseract 3.04.00' />
  <meta name='ocr-capabilities' content='ocr_page ocr_carea ocr_par ocr_line ocrx_word'/>
</head>
<body>
  <div class='ocr_page' id='page_1' title='image "./epistolaeromano00cousgoog/epistolaeromano00cousgoog_0868.png"; bbox 0 0 3450 5678; ppageno 0'>
   <div class='ocr_carea' id='block_1_1' title="bbox 727 334 1484 401">
    <p class='ocr_par' dir='ltr' id='par_1_1' title="bbox 727 334 1484 401">
     <span class='ocr_line' id='line_1_1' title="bbox 727 334 1484 401; baseline 0.001 -2"><span class='ocrx_word' id='word_1_1' title='bbox 727 352 900 401; x_wconf 74' lang='lat' dir='ltr'>mussona</span> <span class='ocrx_word' id='word_1_2' title='bbox 923 341 975 399; x_wconf 83' lang='grc'>40.</span> <span class='ocrx_word' id='word_1_3' title='bbox 1412 334 1484 400; x_wconf 79' lang='grc'>-827</span> 
     </span>
    </p>
   </div>
   <div class='ocr_carea' id='block_1_2' title="bbox 212 503 1590 4063">
    <p class='ocr_par' dir='ltr' id='par_1_2' title="bbox 212 503 1590 3248">
     <span class='ocr_line' id='line_1_2' title="bbox 215 503 1590 591; baseline -0.005 -17"><span class='ocrx_word' id='word_1_4' title='bbox 215 504 317 574; x_wconf 80' lang='grc' dir='ltr'><strong><em>ὁπότε</em></strong></span> <span class='ocrx_word' id='word_1_5' title='bbox 349 503 449 591; x_wconf 86' lang='grc' dir='ltr'><strong><em>ὁρᾶτε</em></strong></span> <span class='ocrx_word' id='word_1_6' title='bbox 481 505 544 590; x_wconf 84' lang='grc' dir='ltr'>τὴν</span> <span class='ocrx_word' id='word_1_7' title='bbox 578 505 824 591; x_wconf 81' lang='grc' dir='ltr'><strong><em>θανατηφόρον</em></strong></span> <span class='ocrx_word' id='word_1_8' title='bbox 874 509 925 570; x_wconf 89' lang='lat' dir='ltr'>ter</span> <span class='ocrx_word' id='word_1_9' title='bbox 954 504 1051 569; x_wconf 87' lang='lat' dir='ltr'>asseri</span> <span class='ocrx_word' id='word_1_10' title='bbox 1078 503 1224 568; x_wconf 86' lang='lat' dir='ltr'>veritatis</span> <span class='ocrx_word' id='word_1_11' title='bbox 1245 503 1350 591; x_wconf 83' lang='lat' dir='ltr'>leges,</span> <span class='ocrx_word' id='word_1_12' title='bbox 1389 527 1486 589; x_wconf 90' lang='lat' dir='ltr'>quum</span> <span class='ocrx_word' id='word_1_13' title='bbox 1498 528 1522 567; x_wconf 93' lang='lat' dir='ltr'>a.</span> <span class='ocrx_word' id='word_1_14' title='bbox 1533 516 1590 568; x_wconf 80' lang='lat'>618.</span> 
     </span>
     <span class='ocr_line' id='line_1_3' title="bbox 213 605 1485 693; baseline -0.003 -17"><span class='ocrx_word' id='word_1_15' title='bbox 213 607 385 676; x_wconf 76' lang='grc' dir='ltr'><strong><em>ἀπώλειαν</em></strong></span> <span class='ocrx_word' id='word_1_16' title='bbox 396 605 485 673; x_wconf 84' lang='grc' dir='ltr'><strong><em>οὕτω</em></strong></span> <span class='ocrx_word' id='word_1_17' title='bbox 497 606 739 692; x_wconf 81' lang='grc' dir='ltr'><strong><em>στεργομένην;</em></strong></span> <span class='ocrx_word' id='word_1_18' title='bbox 761 608 824 671; x_wconf 76' lang='lat' dir='ltr'>Ae·</span> <span class='ocrx_word' id='word_1_19' title='bbox 875 611 942 673; x_wconf 89' lang='lat' dir='ltr'>tam</span> <span class='ocrx_word' id='word_1_20' title='bbox 964 607 1174 693; x_wconf 68' lang='lat' dir='ltr'>pertinaciter</span> <span class='ocrx_word' id='word_1_21' title='bbox 1202 607 1417 672; x_wconf 77' lang='lat' dir='ltr'><strong>defendantur</strong></span> <span class='ocrx_word' id='word_1_22' title='bbox 1439 631 1485 673; x_wconf 89' lang='lat' dir='ltr'>er-</span> 
     </span>
     <span class='ocr_line' id='line_1_4' title="bbox 214 709 1486 796; baseline -0.002 -17"><span class='ocrx_word' id='word_1_23' title='bbox 214 713 392 796; x_wconf 79' lang='grc' dir='ltr'><strong><em>δεσθῶμεν</em></strong></span> <span class='ocrx_word' id='word_1_24' title='bbox 410 713 566 794; x_wconf 74' lang='grc' dir='ltr'><strong><em>νωχελοῦς</em></strong></span> <span class='ocrx_word' id='word_1_25' title='bbox 580 712 825 795; x_wconf 75' lang='grc' dir='ltr'><strong><em>σαφηνίζεσθαι</em></strong></span> <span class='ocrx_word' id='word_1_26' title='bbox 876 732 973 774; x_wconf 89' lang='lat' dir='ltr'>rores.</span> <span class='ocrx_word' id='word_1_27' title='bbox 1023 709 1067 774; x_wconf 85' lang='lat' dir='ltr'>Et</span> <span class='ocrx_word' id='word_1_28' title='bbox 1101 712 1246 774; x_wconf 76' lang='lat' dir='ltr'>auctores</span> <span class='ocrx_word' id='word_1_29' title='bbox 1279 710 1407 795; x_wconf 88' lang='lat' dir='ltr'>quidem</span> <span class='ocrx_word' id='word_1_30' title='bbox 1437 711 1486 776; x_wconf 91' lang='lat' dir='ltr'>in·</span> 
     </span>
     <span class='ocr_line' id='line_1_5' title="bbox 214 808 1486 899; baseline -0.002 -19"><span class='ocrx_word' id='word_1_31' title='bbox 214 819 272 899; x_wconf 84' lang='grc' dir='ltr'>της</span> <span class='ocrx_word' id='word_1_32' title='bbox 287 810 448 896; x_wconf 77' lang='grc' dir='ltr'><strong><em>ἀληθείας</em></strong></span> <span class='ocrx_word' id='word_1_33' title='bbox 469 809 549 888; x_wconf 79' lang='grc' dir='ltr'>τούς</span> <span class='ocrx_word' id='word_1_34' title='bbox 563 811 700 896; x_wconf 84' lang='grc' dir='ltr'><strong><em>νόμους,</em></strong></span> <span class='ocrx_word' id='word_1_35' title='bbox 724 808 825 877; x_wconf 80' lang='grc' dir='ltr'><strong><em>ὁπότε</em></strong></span> <span class='ocrx_word' id='word_1_36' title='bbox 875 813 1063 878; x_wconf 85' lang='lat' dir='ltr'>ventionum</span> <span class='ocrx_word' id='word_1_37' title='bbox 1084 811 1257 896; x_wconf 79' lang='lat' dir='ltr'>malarum,</span> <span class='ocrx_word' id='word_1_38' title='bbox 1287 833 1368 897; x_wconf 91' lang='lat' dir='ltr'>quae</span> <span class='ocrx_word' id='word_1_39' title='bbox 1396 835 1486 898; x_wconf 89' lang='lat' dir='ltr'>prae-</span> 
     </span>
     <span class='ocr_line' id='line_1_6' title="bbox 215 912 1486 1000; baseline -0.002 -18"><span class='ocrx_word' id='word_1_40' title='bbox 215 914 384 1000; x_wconf 83' lang='grc' dir='ltr'><strong><em>ἑπιμόνως</em></strong></span> <span class='ocrx_word' id='word_1_41' title='bbox 405 914 655 979; x_wconf 81' lang='grc' dir='ltr'><strong><em>διεκδικοῦνται</em></strong></span> <span class='ocrx_word' id='word_1_42' title='bbox 683 914 720 978; x_wconf 88' lang='grc' dir='ltr'><strong><em>αί</em></strong></span> <span class='ocrx_word' id='word_1_43' title='bbox 740 912 826 979; x_wconf 85' lang='grc' dir='ltr'><strong><em>πλά-</em></strong></span> <span class='ocrx_word' id='word_1_44' title='bbox 877 915 1035 998; x_wconf 79' lang='lat' dir='ltr'>diximus,</span> <span class='ocrx_word' id='word_1_45' title='bbox 1065 914 1218 999; x_wconf 81' lang='lat' dir='ltr'>synodica</span> <span class='ocrx_word' id='word_1_46' title='bbox 1241 915 1417 980; x_wconf 87' lang='lat' dir='ltr'>constituta</span> <span class='ocrx_word' id='word_1_47' title='bbox 1434 917 1486 1000; x_wconf 87' lang='lat' dir='ltr'>ju·</span> 
     </span>
     <span class='ocr_line' id='line_1_7' title="bbox 215 1012 1487 1102; baseline 0.001 -21"><span class='ocrx_word' id='word_1_48' title='bbox 215 1040 281 1082; x_wconf 84' lang='grc' dir='ltr'><strong><em>ναι.</em></strong></span> <span class='ocrx_word' id='word_1_49' title='bbox 307 1017 382 1102; x_wconf 16' lang='grc' dir='ltr'><strong><em>,Καὶ</em></strong></span> <span class='ocrx_word' id='word_1_50' title='bbox 404 1012 484 1092; x_wconf 83' lang='grc' dir='ltr'><strong><em>τοδς</em></strong></span> <span class='ocrx_word' id='word_1_51' title='bbox 498 1012 666 1099; x_wconf 79' lang='grc' dir='ltr'><strong><em>ἀρχηγοδς</em></strong></span> <span class='ocrx_word' id='word_1_52' title='bbox 680 1015 743 1100; x_wconf 75' lang='grc' dir='ltr'>μὲν</span> <span class='ocrx_word' id='word_1_53' title='bbox 757 1019 825 1080; x_wconf 79' lang='grc' dir='ltr'>τόν</span> <span class='ocrx_word' id='word_1_54' title='bbox 876 1017 934 1081; x_wconf 85' lang='lat' dir='ltr'>stis</span> <span class='ocrx_word' id='word_1_55' title='bbox 963 1015 1282 1081; x_wconf 83' lang='lat' dir='ltr'>condemnationibus</span> <span class='ocrx_word' id='word_1_56' title='bbox 1314 1017 1487 1102; x_wconf 91' lang='lat' dir='ltr'>insequun-</span> 
     </span>
     <span class='ocr_line' id='line_1_8' title="bbox 214 1114 1487 1204; baseline 0.002 -20"><span class='ocrx_word' id='word_1_57' title='bbox 214 1122 331 1185; x_wconf 78' lang='grc' dir='ltr'><strong><em>κακῶν</em></strong></span> <span class='ocrx_word' id='word_1_58' title='bbox 360 1116 585 1202; x_wconf 78' lang='grc' dir='ltr'><strong><em>ἑφενρέσεων,</em></strong></span> <span class='ocrx_word' id='word_1_59' title='bbox 615 1114 638 1182; x_wconf 75' lang='grc' dir='ltr'>δι’</span> <span class='ocrx_word' id='word_1_60' title='bbox 664 1120 825 1202; x_wconf 88' lang='grc' dir='ltr'><strong><em>προείπο-</em></strong></span> <span class='ocrx_word' id='word_1_61' title='bbox 876 1123 944 1203; x_wconf 82' lang='lat' dir='ltr'>tur3</span> <span class='ocrx_word' id='word_1_62' title='bbox 994 1118 1049 1183; x_wconf 90' lang='lat' dir='ltr'>sed</span> <span class='ocrx_word' id='word_1_63' title='bbox 1086 1139 1156 1201; x_wconf 85' lang='lat' dir='ltr'>vos,</span> <span class='ocrx_word' id='word_1_64' title='bbox 1202 1118 1300 1183; x_wconf 86' lang='lat' dir='ltr'>ctiam</span> <span class='ocrx_word' id='word_1_65' title='bbox 1335 1140 1487 1204; x_wconf 79' lang='lat' dir='ltr'>sequaces</span> 
     </span>
     <span class='ocr_line' id='line_1_9' title="bbox 213 1217 1487 1306; baseline 0 -20"><span class='ocrx_word' id='word_1_66' title='bbox 213 1244 277 1306; x_wconf 84' lang='grc' dir='ltr'><strong><em>μεν</em></strong></span> <span class='ocrx_word' id='word_1_67' title='bbox 313 1217 478 1285; x_wconf 78' lang='grc' dir='ltr'><strong><em>σανοδικδι</em></strong></span> <span class='ocrx_word' id='word_1_68' title='bbox 509 1222 739 1304; x_wconf 82' lang='grc' dir='ltr'><strong><em>θεσπίσματα,</em></strong></span> <span class='ocrx_word' id='word_1_69' title='bbox 774 1220 824 1284; x_wconf 94' lang='grc' dir='ltr'>δι-</span> <span class='ocrx_word' id='word_1_70' title='bbox 877 1243 985 1287; x_wconf 90' lang='lat' dir='ltr'>eorum</span> <span class='ocrx_word' id='word_1_71' title='bbox 1012 1224 1050 1285; x_wconf 89' lang='lat' dir='ltr'>ut</span> <span class='ocrx_word' id='word_1_72' title='bbox 1071 1219 1255 1304; x_wconf 79' lang='lat' dir='ltr'>declinetis,</span> <span class='ocrx_word' id='word_1_73' title='bbox 1289 1220 1412 1306; x_wconf 87' lang='lat' dir='ltr'>pariter</span> <span class='ocrx_word' id='word_1_74' title='bbox 1433 1221 1487 1286; x_wconf 89' lang='lat' dir='ltr'>ad-</span> 
     </span>
     <span class='ocr_line' id='line_1_10' title="bbox 214 1322 1486 1408; baseline 0 -20"><span class='ocrx_word' id='word_1_75' title='bbox 214 1326 325 1400; x_wconf 84' lang='grc' dir='ltr'><strong><em>καίαις</em></strong></span> <span class='ocrx_word' id='word_1_76' title='bbox 347 1324 564 1405; x_wconf 86' lang='grc' dir='ltr'><strong><em>κατακρίσεσι</em></strong></span> <span class='ocrx_word' id='word_1_77' title='bbox 591 1324 821 1407; x_wconf 82' lang='grc' dir='ltr'><strong><em>μετέρχονται·</em></strong></span> <span class='ocrx_word' id='word_1_78' title='bbox 875 1345 1056 1407; x_wconf 89' lang='lat' dir='ltr'>monemus,</span> <span class='ocrx_word' id='word_1_79' title='bbox 1091 1344 1169 1408; x_wconf 91' lang='lat' dir='ltr'>quos</span> <span class='ocrx_word' id='word_1_80' title='bbox 1197 1322 1373 1407; x_wconf 89' lang='lat' dir='ltr'>apostolica</span> <span class='ocrx_word' id='word_1_81' title='bbox 1395 1323 1486 1389; x_wconf 86' lang='lat' dir='ltr'>sedes</span> 
     </span>
     <span class='ocr_line' id='line_1_11' title="bbox 214 1421 1487 1510; baseline -0.001 -19"><span class='ocrx_word' id='word_1_82' title='bbox 214 1423 290 1492; x_wconf 74' lang='grc' dir='ltr'><strong><em>ἀλλ’</em></strong></span> <span class='ocrx_word' id='word_1_83' title='bbox 312 1421 406 1509; x_wconf 74' lang='grc' dir='ltr'><strong><em>ἡμεῖς</em></strong></span> <span class='ocrx_word' id='word_1_84' title='bbox 428 1425 483 1489; x_wconf 84' lang='grc' dir='ltr'><strong><em>καλ</em></strong></span> <span class='ocrx_word' id='word_1_85' title='bbox 505 1423 636 1490; x_wconf 86' lang='grc' dir='ltr'><strong><em>τούτων</em></strong></span> <span class='ocrx_word' id='word_1_86' title='bbox 651 1421 730 1501; x_wconf 80' lang='grc' dir='ltr'>τούς</span> <span class='ocrx_word' id='word_1_87' title='bbox 744 1422 824 1490; x_wconf 76' lang='lat' dir='ltr'>ciao-</span> <span class='ocrx_word' id='word_1_88' title='bbox 876 1430 909 1490; x_wconf 91' lang='lat' dir='ltr'>et</span> <span class='ocrx_word' id='word_1_89' title='bbox 939 1424 1148 1510; x_wconf 83' lang='lat' dir='ltr'>deprehendit</span> <span class='ocrx_word' id='word_1_90' title='bbox 1180 1447 1274 1510; x_wconf 85' lang='lat' dir='ltr'>pares</span> <span class='ocrx_word' id='word_1_91' title='bbox 1304 1425 1487 1490; x_wconf 88' lang='lat' dir='ltr'>auctoribus</span> 
     </span>
     <span class='ocr_line' id='line_1_12' title="bbox 213 1524 1486 1612; baseline -0.001 -19"><span class='ocrx_word' id='word_1_92' title='bbox 213 1527 365 1605; x_wconf 85' lang='grc' dir='ltr'><strong><em>λούθους</em></strong></span> <span class='ocrx_word' id='word_1_93' title='bbox 387 1524 477 1604; x_wconf 82' lang='grc' dir='ltr'><strong><em>ὅπως</em></strong></span> <span class='ocrx_word' id='word_1_94' title='bbox 493 1526 679 1610; x_wconf 83' lang='grc' dir='ltr'><strong><em>ἐκκλίνητε,</em></strong></span> <span class='ocrx_word' id='word_1_95' title='bbox 703 1524 825 1612; x_wconf 86' lang='grc' dir='ltr'><strong><em>ὁμοίως</em></strong></span> <span class='ocrx_word' id='word_1_96' title='bbox 876 1529 941 1592; x_wconf 88' lang='lat' dir='ltr'>suis</span> <span class='ocrx_word' id='word_1_97' title='bbox 968 1530 1001 1592; x_wconf 86' lang='lat' dir='ltr'>et</span> <span class='ocrx_word' id='word_1_98' title='bbox 1029 1527 1197 1612; x_wconf 88' lang='lat' dir='ltr'>conjunxit</span> <span class='ocrx_word' id='word_1_99' title='bbox 1224 1527 1374 1593; x_wconf 84' lang='lat' dir='ltr'>addictis:</span> <span class='ocrx_word' id='word_1_100' title='bbox 1411 1526 1486 1593; x_wconf 79' lang='lat' dir='ltr'>Dio</span> 
     </span>
     <span class='ocr_line' id='line_1_13' title="bbox 213 1625 1484 1715; baseline -0.001 -20"><span class='ocrx_word' id='word_1_101' title='bbox 213 1627 526 1714; x_wconf 81' lang='grc' dir='ltr'><strong><em>ὑπομιμνήσκομεν,</em></strong></span> <span class='ocrx_word' id='word_1_102' title='bbox 555 1626 616 1705; x_wconf 81' lang='grc' dir='ltr'>οδς</span> <span class='ocrx_word' id='word_1_103' title='bbox 636 1625 656 1712; x_wconf 80' lang='grc' dir='ltr'><em>ἡ</em></span> <span class='ocrx_word' id='word_1_104' title='bbox 679 1625 823 1693; x_wconf 82' lang='grc' dir='ltr'><strong><em>ἄποστο-</em></strong></span> <span class='ocrx_word' id='word_1_105' title='bbox 876 1651 1001 1695; x_wconf 83' lang='lat' dir='ltr'>acorum</span> <span class='ocrx_word' id='word_1_106' title='bbox 1018 1633 1050 1695; x_wconf 89' lang='lat' dir='ltr'>et</span> <span class='ocrx_word' id='word_1_107' title='bbox 1061 1628 1266 1695; x_wconf 82' lang='lat' dir='ltr'>Timotheum</span> <span class='ocrx_word' id='word_1_108' title='bbox 1280 1629 1484 1715; x_wconf 88' lang='lat' dir='ltr'>parricidam,</span> 
     </span>
     <span class='ocr_line' id='line_1_14' title="bbox 213 1726 1486 1817; baseline -0.001 -20"><span class='ocrx_word' id='word_1_109' title='bbox 213 1726 292 1817; x_wconf 77' lang='grc' dir='ltr'><strong><em>λιιιή</em></strong></span> <span class='ocrx_word' id='word_1_110' title='bbox 304 1730 456 1813; x_wconf 78' lang='grc' dir='ltr'><strong><em>καθέδρα</em></strong></span> <span class='ocrx_word' id='word_1_111' title='bbox 467 1730 523 1794; x_wconf 82' lang='grc' dir='ltr'><strong><em>καλ</em></strong></span> <span class='ocrx_word' id='word_1_112' title='bbox 539 1729 700 1814; x_wconf 82' lang='grc' dir='ltr'><strong><em>κατέλαβε</em></strong></span> <span class='ocrx_word' id='word_1_113' title='bbox 715 1752 825 1811; x_wconf 77' lang='grc' dir='ltr'><strong><em>παρα·</em></strong></span> <span class='ocrx_word' id='word_1_114' title='bbox 875 1732 1016 1814; x_wconf 78' lang='lat' dir='ltr'>Petrum¹</span> <span class='ocrx_word' id='word_1_115' title='bbox 1028 1732 1301 1815; x_wconf 83' lang='lat' dir='ltr'>Alexandrinum,</span> <span class='ocrx_word' id='word_1_116' title='bbox 1331 1732 1486 1797; x_wconf 88' lang='lat' dir='ltr'>Acacium</span> 
     </span>
     <span class='ocr_line' id='line_1_15' title="bbox 213 1829 1486 1918; baseline 0.001 -19"><span class='ocrx_word' id='word_1_117' title='bbox 213 1836 380 1918; x_wconf 85' lang='grc' dir='ltr'><strong><em>πλησίους</em></strong></span> <span class='ocrx_word' id='word_1_118' title='bbox 407 1829 507 1909; x_wconf 90' lang='grc' dir='ltr'><strong><em>όντας</em></strong></span> <span class='ocrx_word' id='word_1_119' title='bbox 528 1844 598 1909; x_wconf 82' lang='grc' dir='ltr'><strong><em>τοῖς</em></strong></span> <span class='ocrx_word' id='word_1_120' title='bbox 620 1832 750 1898; x_wconf 80' lang='grc' dir='ltr'><strong><em>ἑαυτῶν</em></strong></span> <span class='ocrx_word' id='word_1_121' title='bbox 773 1835 825 1898; x_wconf 85' lang='grc' dir='ltr'>δι·</span> <span class='ocrx_word' id='word_1_122' title='bbox 877 1834 1268 1918; x_wconf 87' lang='lat' dir='ltr'>Constantinopolitanum</span> <span class='ocrx_word' id='word_1_123' title='bbox 1323 1857 1395 1899; x_wconf 92' lang='lat' dir='ltr'>cum</span> <span class='ocrx_word' id='word_1_124' title='bbox 1440 1856 1486 1900; x_wconf 69' lang='lat' dir='ltr'>se</span> 
     </span>
     <span class='ocr_line' id='line_1_16' title="bbox 213 1934 1486 2022; baseline -0.001 -20"><span class='ocrx_word' id='word_1_125' title='bbox 213 1935 407 2018; x_wconf 81' lang='grc' dir='ltr'><strong><em>δασκοίλοις,</em></strong></span> <span class='ocrx_word' id='word_1_126' title='bbox 430 1934 486 1999; x_wconf 83' lang='grc' dir='ltr'><strong><em>καὶ</em></strong></span> <span class='ocrx_word' id='word_1_127' title='bbox 508 1945 577 2011; x_wconf 79' lang='grc' dir='ltr'><strong><em>τοῖς</em></strong></span> <span class='ocrx_word' id='word_1_128' title='bbox 592 1942 825 2020; x_wconf 79' lang='grc' dir='ltr'><strong><em>κατακριθετσι</em></strong></span> <span class='ocrx_word' id='word_1_129' title='bbox 876 1936 1029 2022; x_wconf 88' lang='lat' dir='ltr'>quacibus</span> <span class='ocrx_word' id='word_1_130' title='bbox 1051 1936 1133 2020; x_wconf 85' lang='lat' dir='ltr'>suis,</span> <span class='ocrx_word' id='word_1_131' title='bbox 1158 1935 1396 2001; x_wconf 80' lang='lat' dir='ltr'>Antiochenum</span> <span class='ocrx_word' id='word_1_132' title='bbox 1411 1958 1486 2022; x_wconf 79' lang='lat' dir='ltr'>quo</span> 
     </span>
     <span class='ocr_line' id='line_1_17' title="bbox 214 2035 1486 2124; baseline -0.002 -19"><span class='ocrx_word' id='word_1_133' title='bbox 214 2037 406 2119; x_wconf 78' lang='grc' dir='ltr'><strong><em>σννέζευξε·</em></strong></span> <span class='ocrx_word' id='word_1_134' title='bbox 436 2037 604 2121; x_wconf 83' lang='grc' dir='ltr'><strong><em>Τιμόθεον</em></strong></span> <span class='ocrx_word' id='word_1_135' title='bbox 618 2035 679 2103; x_wconf 88' lang='grc' dir='ltr'>τόν</span> <span class='ocrx_word' id='word_1_136' title='bbox 696 2058 824 2121; x_wconf 47' lang='grc' dir='ltr'><strong><em>πατρακ</em></strong></span> <span class='ocrx_word' id='word_1_137' title='bbox 877 2061 936 2124; x_wconf 91' lang='lat' dir='ltr'>que</span> <span class='ocrx_word' id='word_1_138' title='bbox 969 2037 1117 2122; x_wconf 83' lang='lat' dir='ltr'>Petrum,</span> <span class='ocrx_word' id='word_1_139' title='bbox 1154 2039 1319 2123; x_wconf 88' lang='lat' dir='ltr'>praedicto</span> <span class='ocrx_word' id='word_1_140' title='bbox 1351 2038 1486 2105; x_wconf 88' lang='lat' dir='ltr'>similem</span> 
     </span>
     <span class='ocr_line' id='line_1_18' title="bbox 213 2138 1487 2224; baseline 0.001 -19"><span class='ocrx_word' id='word_1_141' title='bbox 213 2143 313 2206; x_wconf 90' lang='grc' dir='ltr'><strong><em>λοίαν</em></strong></span> <span class='ocrx_word' id='word_1_142' title='bbox 335 2139 597 2224; x_wconf 83' lang='grc' dir='ltr'><strong><em>καλΔιόσκορον</em></strong></span> <span class='ocrx_word' id='word_1_143' title='bbox 612 2138 824 2224; x_wconf 77' lang='grc' dir='ltr'><strong><em>καλΠέτρον,</em></strong></span> <span class='ocrx_word' id='word_1_144' title='bbox 876 2142 959 2206; x_wconf 89' lang='lat' dir='ltr'>sicut</span> <span class='ocrx_word' id='word_1_145' title='bbox 986 2161 1091 2205; x_wconf 89' lang='lat' dir='ltr'>errore</span> <span class='ocrx_word' id='word_1_146' title='bbox 1121 2141 1168 2206; x_wconf 91' lang='lat' dir='ltr'>sic</span> <span class='ocrx_word' id='word_1_147' title='bbox 1195 2141 1341 2224; x_wconf 81' lang='lat' dir='ltr'>nomine,</span> <span class='ocrx_word' id='word_1_148' title='bbox 1376 2141 1487 2206; x_wconf 88' lang='lat' dir='ltr'>sedet</span> 
     </span>
     <span class='ocr_line' id='line_1_19' title="bbox 212 2239 1486 2327; baseline -0.002 -18"><span class='ocrx_word' id='word_1_149' title='bbox 212 2240 295 2320; x_wconf 78' lang='grc' dir='ltr'>τούς</span> <span class='ocrx_word' id='word_1_150' title='bbox 314 2239 557 2327; x_wconf 78' lang='grc' dir='ltr'><strong><em>Ἀλεξανδρεῖς,</em></strong></span> <span class='ocrx_word' id='word_1_151' title='bbox 583 2240 737 2308; x_wconf 80' lang='grc' dir='ltr'><strong><em>Ἀκόκιον</em></strong></span> <span class='ocrx_word' id='word_1_152' title='bbox 764 2243 825 2307; x_wconf 89' lang='grc' dir='ltr'>τδν</span> <span class='ocrx_word' id='word_1_153' title='bbox 876 2243 1027 2309; x_wconf 84' lang='lat' dir='ltr'>Severum</span> <span class='ocrx_word' id='word_1_154' title='bbox 1060 2242 1201 2327; x_wconf 88' lang='lat' dir='ltr'>ejusdcm</span> <span class='ocrx_word' id='word_1_155' title='bbox 1235 2243 1296 2308; x_wconf 89' lang='lat' dir='ltr'>loci</span> <span class='ocrx_word' id='word_1_156' title='bbox 1325 2241 1486 2308; x_wconf 91' lang='lat' dir='ltr'>nihilomi-</span> 
     </span>
     <span class='ocr_line' id='line_1_20' title="bbox 213 2341 1486 2432; baseline -0.002 -21"><span class='ocrx_word' id='word_1_157' title='bbox 213 2347 623 2429; x_wconf 86' lang='grc' dir='ltr'><strong><em>Κωνσταντινονπολίτην</em></strong></span> <span class='ocrx_word' id='word_1_158' title='bbox 652 2341 734 2428; x_wconf 76' lang='grc' dir='ltr'><strong><em>μετὰ</em></strong></span> <span class='ocrx_word' id='word_1_159' title='bbox 756 2349 825 2409; x_wconf 82' lang='grc' dir='ltr'>τῶν</span> <span class='ocrx_word' id='word_1_160' title='bbox 875 2367 936 2410; x_wconf 91' lang='lat' dir='ltr'>nus</span> <span class='ocrx_word' id='word_1_161' title='bbox 959 2348 991 2410; x_wconf 90' lang='lat' dir='ltr'>et</span> <span class='ocrx_word' id='word_1_162' title='bbox 1012 2346 1145 2429; x_wconf 84' lang='lat' dir='ltr'>veneni,</span> <span class='ocrx_word' id='word_1_163' title='bbox 1178 2345 1385 2432; x_wconf 81' lang='lat' dir='ltr'>Xenajam²⁰)</span> <span class='ocrx_word' id='word_1_164' title='bbox 1407 2345 1486 2410; x_wconf 88' lang='lat' dir='ltr'>item</span> 
     </span>
     <span class='ocr_line' id='line_1_21' title="bbox 214 2444 1484 2532; baseline -0.002 -17"><span class='ocrx_word' id='word_1_165' title='bbox 214 2447 340 2515; x_wconf 82' lang='grc' dir='ltr'><strong><em>ἑαυτοῦ</em></strong></span> <span class='ocrx_word' id='word_1_166' title='bbox 354 2444 568 2531; x_wconf 81' lang='grc' dir='ltr'><strong><em>ἀκολούθων,</em></strong></span> <span class='ocrx_word' id='word_1_167' title='bbox 585 2444 825 2523; x_wconf 57' lang='lat' dir='ltr'>dnouement·</span> <span class='ocrx_word' id='word_1_168' title='bbox 875 2447 1122 2532; x_wconf 89' lang='lat' dir='ltr'>Hieropolitem,</span> <span class='ocrx_word' id='word_1_169' title='bbox 1147 2445 1264 2532; x_wconf 81' lang='lat' dir='ltr'>Cyrum</span> <span class='ocrx_word' id='word_1_170' title='bbox 1285 2447 1484 2532; x_wconf 78' lang='lat' dir='ltr'>Edessae²¹),</span> 
     </span>
     <span class='ocr_line' id='line_1_22' title="bbox 212 2547 1486 2636; baseline 0 -21"><span class='ocrx_word' id='word_1_171' title='bbox 212 2573 298 2634; x_wconf 89' lang='grc' dir='ltr'><strong><em>τρον</em></strong></span> <span class='ocrx_word' id='word_1_172' title='bbox 319 2547 380 2615; x_wconf 88' lang='grc' dir='ltr'>τόν</span> <span class='ocrx_word' id='word_1_173' title='bbox 399 2547 609 2633; x_wconf 85' lang='grc' dir='ltr'><strong><em>Ἀντιοχείας,</em></strong></span> <span class='ocrx_word' id='word_1_174' title='bbox 632 2554 678 2636; x_wconf 74' lang='grc' dir='ltr'>τῷ</span> <span class='ocrx_word' id='word_1_175' title='bbox 700 2551 823 2633; x_wconf 89' lang='grc' dir='ltr'><strong><em>προλε-</em></strong></span> <span class='ocrx_word' id='word_1_176' title='bbox 875 2550 1006 2615; x_wconf 89' lang='lat' dir='ltr'>Petrum</span> <span class='ocrx_word' id='word_1_177' title='bbox 1028 2550 1206 2634; x_wconf 86' lang='lat' dir='ltr'>Apameae,</span> <span class='ocrx_word' id='word_1_178' title='bbox 1241 2571 1307 2614; x_wconf 93' lang='lat' dir='ltr'>non</span> <span class='ocrx_word' id='word_1_179' title='bbox 1330 2550 1400 2634; x_wconf 91' lang='lat' dir='ltr'>jam</span> <span class='ocrx_word' id='word_1_180' title='bbox 1426 2572 1486 2635; x_wconf 91' lang='lat' dir='ltr'>pro</span> 
     </span>
     <span class='ocr_line' id='line_1_23' title="bbox 213 2649 1485 2737; baseline -0.002 -19"><span class='ocrx_word' id='word_1_181' title='bbox 213 2651 331 2737; x_wconf 82' lang='grc' dir='ltr'><strong><em>χθέντι</em></strong></span> <span class='ocrx_word' id='word_1_182' title='bbox 360 2649 477 2736; x_wconf 84' lang='grc' dir='ltr'><strong><em>ὅμοιον</em></strong></span> <span class='ocrx_word' id='word_1_183' title='bbox 504 2656 545 2736; x_wconf 81' lang='grc' dir='ltr'>τῇ</span> <span class='ocrx_word' id='word_1_184' title='bbox 572 2675 608 2716; x_wconf 89' lang='grc' dir='ltr'><strong><em>τε</em></strong></span> <span class='ocrx_word' id='word_1_185' title='bbox 629 2651 739 2736; x_wconf 77' lang='grc' dir='ltr'><strong><em>πλάνη</em></strong></span> <span class='ocrx_word' id='word_1_186' title='bbox 768 2652 824 2715; x_wconf 84' lang='grc' dir='ltr'><strong><em>καλ</em></strong></span> <span class='ocrx_word' id='word_1_187' title='bbox 875 2675 933 2717; x_wconf 88' lang='lat' dir='ltr'>sua</span> <span class='ocrx_word' id='word_1_188' title='bbox 954 2655 1082 2717; x_wconf 90' lang='lat' dir='ltr'>tautum</span> <span class='ocrx_word' id='word_1_189' title='bbox 1104 2650 1159 2716; x_wconf 87' lang='lat' dir='ltr'>sed</span> <span class='ocrx_word' id='word_1_190' title='bbox 1181 2672 1239 2736; x_wconf 94' lang='lat' dir='ltr'>pro</span> <span class='ocrx_word' id='word_1_191' title='bbox 1259 2651 1393 2716; x_wconf 88' lang='lat' dir='ltr'>aliorum</span> <span class='ocrx_word' id='word_1_192' title='bbox 1410 2674 1485 2737; x_wconf 91' lang='lat' dir='ltr'>quo-</span> 
     </span>
     <span class='ocr_line' id='line_1_24' title="bbox 213 2749 1486 2841; baseline -0.001 -21"><span class='ocrx_word' id='word_1_193' title='bbox 213 2758 261 2841; x_wconf 76' lang='grc' dir='ltr'>τῷ</span> <span class='ocrx_word' id='word_1_194' title='bbox 289 2750 445 2838; x_wconf 85' lang='grc' dir='ltr'><strong><em>ὀνόματι,</em></strong></span> <span class='ocrx_word' id='word_1_195' title='bbox 475 2749 560 2819; x_wconf 78' lang='grc' dir='ltr'><strong><em>ἄλλα</em></strong></span> <span class='ocrx_word' id='word_1_196' title='bbox 588 2755 644 2818; x_wconf 82' lang='grc' dir='ltr'><strong><em>καί</em></strong></span> <span class='ocrx_word' id='word_1_197' title='bbox 667 2757 825 2837; x_wconf 79' lang='grc' dir='ltr'><strong><em>Σευῆρον</em></strong></span> <span class='ocrx_word' id='word_1_198' title='bbox 876 2777 936 2839; x_wconf 89' lang='lat' dir='ltr'>que</span> <span class='ocrx_word' id='word_1_199' title='bbox 959 2755 1165 2819; x_wconf 87' lang='lat' dir='ltr'>damnatione</span> <span class='ocrx_word' id='word_1_200' title='bbox 1187 2754 1402 2819; x_wconf 89' lang='lat' dir='ltr'>damnandos:</span> <span class='ocrx_word' id='word_1_201' title='bbox 1431 2754 1486 2839; x_wconf 89' lang='lat' dir='ltr'>qui</span> 
     </span>
     <span class='ocr_line' id='line_1_25' title="bbox 213 2846 1486 2942; baseline -0.002 -20"><span class='ocrx_word' id='word_1_202' title='bbox 213 2860 277 2922; x_wconf 82' lang='grc' dir='ltr'>τοῦ</span> <span class='ocrx_word' id='word_1_203' title='bbox 313 2853 420 2920; x_wconf 83' lang='grc' dir='ltr'><strong><em>αὐτοῦ</em></strong></span> <span class='ocrx_word' id='word_1_204' title='bbox 452 2855 558 2921; x_wconf 89' lang='grc' dir='ltr'><strong><em>τόπον</em></strong></span> <span class='ocrx_word' id='word_1_205' title='bbox 590 2852 693 2922; x_wconf 76' lang='grc' dir='ltr'><strong><em>οὐδὲν</em></strong></span> <span class='ocrx_word' id='word_1_206' title='bbox 725 2846 825 2940; x_wconf 82' lang='grc' dir='ltr'><strong><em>ἧττον</em></strong></span> <span class='ocrx_word' id='word_1_207' title='bbox 875 2879 972 2942; x_wconf 90' lang='lat' dir='ltr'>quum</span> <span class='ocrx_word' id='word_1_208' title='bbox 999 2879 1033 2920; x_wconf 90' lang='lat' dir='ltr'>se</span> <span class='ocrx_word' id='word_1_209' title='bbox 1061 2856 1248 2941; x_wconf 90' lang='lat' dir='ltr'>opinionum</span> <span class='ocrx_word' id='word_1_210' title='bbox 1269 2878 1399 2921; x_wconf 86' lang='lat' dir='ltr'>suarum</span> <span class='ocrx_word' id='word_1_211' title='bbox 1420 2878 1486 2921; x_wconf 89' lang='lat' dir='ltr'>sor·</span> 
     </span>
     <span class='ocr_line' id='line_1_26' title="bbox 214 2955 1485 3042; baseline -0.002 -18"><span class='ocrx_word' id='word_1_212' title='bbox 214 2957 272 3024; x_wconf 84' lang='grc' dir='ltr'><strong><em>καλ</em></strong></span> <span class='ocrx_word' id='word_1_213' title='bbox 293 2962 355 3024; x_wconf 82' lang='grc' dir='ltr'>τοῦ</span> <span class='ocrx_word' id='word_1_214' title='bbox 374 2959 441 3042; x_wconf 77' lang='lat' dir='ltr'>lod,</span> <span class='ocrx_word' id='word_1_215' title='bbox 462 2957 590 3032; x_wconf 72' lang='grc' dir='ltr'><strong><em>Ξενίαν</em></strong></span> <span class='ocrx_word' id='word_1_216' title='bbox 604 2955 825 3042; x_wconf 87' lang='grc' dir='ltr'><strong><em>τδνἹεραπο-</em></strong></span> <span class='ocrx_word' id='word_1_217' title='bbox 877 2958 969 3024; x_wconf 88' lang='lat' dir='ltr'>dibus</span> <span class='ocrx_word' id='word_1_218' title='bbox 983 2958 1202 3023; x_wconf 86' lang='lat' dir='ltr'>indesinenter</span> <span class='ocrx_word' id='word_1_219' title='bbox 1213 2957 1393 3042; x_wconf 80' lang='lat' dir='ltr'>involvrmt‚</span> <span class='ocrx_word' id='word_1_220' title='bbox 1406 2958 1485 3022; x_wconf 88' lang='lat' dir='ltr'>alios</span> 
     </span>
     <span class='ocr_line' id='line_1_27' title="bbox 215 3056 1486 3147; baseline 0 -22"><span class='ocrx_word' id='word_1_221' title='bbox 215 3064 329 3144; x_wconf 87' lang='grc' dir='ltr'><strong><em>λίτην,</em></strong></span> <span class='ocrx_word' id='word_1_222' title='bbox 357 3060 475 3144; x_wconf 85' lang='grc' dir='ltr'><strong><em>Κόραν</em></strong></span> <span class='ocrx_word' id='word_1_223' title='bbox 502 3056 562 3124; x_wconf 86' lang='grc' dir='ltr'>τόν</span> <span class='ocrx_word' id='word_1_224' title='bbox 580 3057 726 3144; x_wconf 86' lang='grc' dir='ltr'><strong><em>Ἐδέσης,</em></strong></span> <span class='ocrx_word' id='word_1_225' title='bbox 757 3059 825 3124; x_wconf 81' lang='grc' dir='ltr'>Πί-</span> <span class='ocrx_word' id='word_1_226' title='bbox 876 3083 999 3146; x_wconf 90' lang='lat' dir='ltr'>quoque</span> <span class='ocrx_word' id='word_1_227' title='bbox 1035 3060 1193 3144; x_wconf 90' lang='lat' dir='ltr'>docendo,</span> <span class='ocrx_word' id='word_1_228' title='bbox 1236 3061 1365 3147; x_wconf 82' lang='lat' dir='ltr'>quae²²)</span> <span class='ocrx_word' id='word_1_229' title='bbox 1401 3060 1486 3125; x_wconf 90' lang='lat' dir='ltr'>male</span> 
     </span>
     <span class='ocr_line' id='line_1_28' title="bbox 214 3158 1346 3248; baseline 0 -20"><span class='ocrx_word' id='word_1_230' title='bbox 214 3185 298 3248; x_wconf 88' lang='grc' dir='ltr'><strong><em>τρον</em></strong></span> <span class='ocrx_word' id='word_1_231' title='bbox 324 3159 385 3227; x_wconf 87' lang='grc' dir='ltr'>τόν</span> <span class='ocrx_word' id='word_1_232' title='bbox 408 3159 602 3246; x_wconf 87' lang='grc' dir='ltr'><strong><em>Ἀπαμείας,</em></strong></span> <span class='ocrx_word' id='word_1_233' title='bbox 641 3158 682 3226; x_wconf 81' lang='grc' dir='ltr'>οὐ</span> <span class='ocrx_word' id='word_1_234' title='bbox 718 3160 825 3246; x_wconf 83' lang='grc' dir='ltr'><strong><em>μόνον</em></strong></span> <span class='ocrx_word' id='word_1_235' title='bbox 879 3163 1016 3229; x_wconf 85' lang='lat' dir='ltr'>assecuti</span> <span class='ocrx_word' id='word_1_236' title='bbox 1037 3166 1128 3248; x_wconf 86' lang='lat' dir='ltr'>sunt,</span> <span class='ocrx_word' id='word_1_237' title='bbox 1152 3162 1346 3247; x_wconf 88' lang='lat' dir='ltr'>polluerunt.</span> 
     </span>
    </p>

    <p class='ocr_par' dir='ltr' id='par_1_3' title="bbox 216 3261 827 3350">
     <span class='ocr_line' id='line_1_29' title="bbox 216 3261 827 3350; baseline 0 -20"><span class='ocrx_word' id='word_1_238' title='bbox 216 3261 303 3349; x_wconf 76' lang='grc' dir='ltr'><strong><em>ὑπὲρ</em></strong></span> <span class='ocrx_word' id='word_1_239' title='bbox 326 3268 384 3348; x_wconf 78' lang='grc' dir='ltr'>τῆς</span> <span class='ocrx_word' id='word_1_240' title='bbox 406 3265 531 3340; x_wconf 81' lang='grc' dir='ltr'><strong><em>οἰκείας</em></strong></span> <span class='ocrx_word' id='word_1_241' title='bbox 553 3261 638 3329; x_wconf 78' lang='grc' dir='ltr'><strong><em>ἄλλα</em></strong></span> <span class='ocrx_word' id='word_1_242' title='bbox 661 3266 717 3329; x_wconf 80' lang='grc' dir='ltr'><strong><em>καί</em></strong></span> <span class='ocrx_word' id='word_1_243' title='bbox 740 3262 827 3350; x_wconf 75' lang='grc' dir='ltr'><strong><em>ὑπὲρ</em></strong></span> 
     </span>
    </p>

    <p class='ocr_par' dir='ltr' id='par_1_4' title="bbox 216 3362 828 3452">
     <span class='ocr_line' id='line_1_30' title="bbox 216 3362 828 3452; baseline -0.002 -20"><span class='ocrx_word' id='word_1_244' title='bbox 216 3371 274 3452; x_wconf 83' lang='grc' dir='ltr'>τῆς</span> <span class='ocrx_word' id='word_1_245' title='bbox 295 3370 364 3431; x_wconf 75' lang='grc' dir='ltr'>τῶν</span> <span class='ocrx_word' id='word_1_246' title='bbox 387 3362 502 3431; x_wconf 82' lang='grc' dir='ltr'><strong><em>ἄλλων</em></strong></span> <span class='ocrx_word' id='word_1_247' title='bbox 524 3364 646 3450; x_wconf 85' lang='grc' dir='ltr'><strong><em>ὁμοίως</em></strong></span> <span class='ocrx_word' id='word_1_248' title='bbox 661 3365 828 3444; x_wconf 77' lang='grc' dir='ltr'><strong><em>ἀπωλείας</em></strong></span> 
     </span>
    </p>

    <p class='ocr_par' dir='ltr' id='par_1_5' title="bbox 216 3466 826 3554">
     <span class='ocr_line' id='line_1_31' title="bbox 216 3466 826 3554; baseline 0 -20"><span class='ocrx_word' id='word_1_249' title='bbox 216 3468 470 3551; x_wconf 86' lang='grc' dir='ltr'><strong><em>κατακριτέους,</em></strong></span> <span class='ocrx_word' id='word_1_250' title='bbox 508 3469 543 3533; x_wconf 84' lang='grc' dir='ltr'>οἵ</span> <span class='ocrx_word' id='word_1_251' title='bbox 570 3492 659 3545; x_wconf 87' lang='grc' dir='ltr'><strong><em>τινες</em></strong></span> <span class='ocrx_word' id='word_1_252' title='bbox 693 3469 731 3534; x_wconf 83' lang='grc' dir='ltr'>ἐν</span> <span class='ocrx_word' id='word_1_253' title='bbox 758 3466 826 3554; x_wconf 85' lang='grc' dir='ltr'>όσῳ</span> 
     </span>
    </p>

    <p class='ocr_par' dir='ltr' id='par_1_6' title="bbox 217 3569 827 3656">
     <span class='ocr_line' id='line_1_32' title="bbox 217 3569 827 3656; baseline -0.007 -18"><span class='ocrx_word' id='word_1_254' title='bbox 217 3569 358 3648; x_wconf 83' lang='grc' dir='ltr'><strong><em>ἑαντοδς</em></strong></span> <span class='ocrx_word' id='word_1_255' title='bbox 390 3582 459 3647; x_wconf 80' lang='grc' dir='ltr'><strong><em>τοῖς</em></strong></span> <span class='ocrx_word' id='word_1_256' title='bbox 491 3571 611 3656; x_wconf 83' lang='grc' dir='ltr'><strong><em>ῥύποις</em></strong></span> <span class='ocrx_word' id='word_1_257' title='bbox 646 3576 704 3654; x_wconf 81' lang='grc' dir='ltr'>τῆς</span> <span class='ocrx_word' id='word_1_258' title='bbox 740 3572 827 3648; x_wconf 86' lang='grc' dir='ltr'><strong><em>ίδίας</em></strong></span> 
     </span>
    </p>

    <p class='ocr_par' dir='ltr' id='par_1_7' title="bbox 216 3669 826 3766">
     <span class='ocr_line' id='line_1_33' title="bbox 216 3669 826 3766; baseline -0.005 -27"><span class='ocrx_word' id='word_1_259' title='bbox 216 3673 315 3758; x_wconf 80' lang='grc' dir='ltr'><strong><em>δόξης</em></strong></span> <span class='ocrx_word' id='word_1_260' title='bbox 327 3671 508 3749; x_wconf 84' lang='grc' dir='ltr'><strong><em>α’παύστως</em></strong></span> <span class='ocrx_word' id='word_1_261' title='bbox 520 3674 748 3757; x_wconf 79' lang='grc' dir='ltr'><strong><em>ἐγκυλίαυσιν,</em></strong></span> <span class='ocrx_word' id='word_1_262' title='bbox 765 3669 826 3766; x_wconf 69' lang='lat' dir='ltr'>iil-</span> 
     </span>
    </p>

    <p class='ocr_par' dir='ltr' id='par_1_8' title="bbox 216 3772 826 3860">
     <span class='ocr_line' id='line_1_34' title="bbox 216 3772 826 3860; baseline 0.002 -21"><span class='ocrx_word' id='word_1_263' title='bbox 216 3779 297 3852; x_wconf 86' lang='grc' dir='ltr'><strong><em>λους</em></strong></span> <span class='ocrx_word' id='word_1_264' title='bbox 329 3772 452 3860; x_wconf 85' lang='grc' dir='ltr'><strong><em>ὁμοίως</em></strong></span> <span class='ocrx_word' id='word_1_265' title='bbox 489 3774 526 3840; x_wconf 82' lang='grc' dir='ltr'>ἐν</span> <span class='ocrx_word' id='word_1_266' title='bbox 562 3780 608 3860; x_wconf 72' lang='grc' dir='ltr'>τῷ</span> <span class='ocrx_word' id='word_1_267' title='bbox 640 3774 826 3859; x_wconf 79' lang='grc' dir='ltr'><strong><em>διδάσκειν,</em></strong></span> 
     </span>
    </p>

    <p class='ocr_par' dir='ltr' id='par_1_9' title="bbox 215 3875 824 3965">
     <span class='ocr_line' id='line_1_35' title="bbox 215 3875 824 3965; baseline -0.002 -22"><span class='ocrx_word' id='word_1_268' title='bbox 215 3876 341 3965; x_wconf 54' lang='grc' dir='ltr'>τούςῖλ)</span> <span class='ocrx_word' id='word_1_269' title='bbox 364 3881 476 3953; x_wconf 83' lang='grc' dir='ltr'><strong><em>κακῶς</em></strong></span> <span class='ocrx_word' id='word_1_270' title='bbox 498 3875 613 3954; x_wconf 81' lang='grc' dir='ltr'><strong><em>αὐτοῖς</em></strong></span> <span class='ocrx_word' id='word_1_271' title='bbox 634 3876 824 3962; x_wconf 79' lang='grc' dir='ltr'><strong><em>ἀκολουθή-</em></strong></span> 
     </span>
    </p>

    <p class='ocr_par' dir='ltr' id='par_1_10' title="bbox 216 3979 557 4063">
     <span class='ocr_line' id='line_1_36' title="bbox 216 3979 557 4063; baseline -0.003 -18"><span class='ocrx_word' id='word_1_272' title='bbox 216 3996 352 4063; x_wconf 88' lang='grc' dir='ltr'><strong><em>σαντας,</em></strong></span> <span class='ocrx_word' id='word_1_273' title='bbox 376 3979 557 4063; x_wconf 80' lang='grc' dir='ltr'><strong><em>ἐμόλυναν.</em></strong></span> 
     </span>
    </p>
   </div>
   <div class='ocr_carea' id='block_1_3' title="bbox 214 4115 1485 5034">
    <p class='ocr_par' dir='ltr' id='par_1_11' title="bbox 214 4115 1485 4779">
     <span class='ocr_line' id='line_1_37' title="bbox 283 4115 1484 4186; baseline 0.002 -17"><span class='ocrx_word' id='word_1_274' title='bbox 283 4118 316 4184; x_wconf 85' lang='lat'>¹⁰)</span> <span class='ocrx_word' id='word_1_275' title='bbox 335 4117 360 4169; x_wconf 89' lang='lat' dir='ltr'>a¹</span> <span class='ocrx_word' id='word_1_276' title='bbox 382 4118 479 4168; x_wconf 78' lang='lat' dir='ltr'>Xeuam</span> <span class='ocrx_word' id='word_1_277' title='bbox 497 4123 554 4169; x_wconf 79' lang='lat' dir='ltr'>item</span> <span class='ocrx_word' id='word_1_278' title='bbox 574 4120 767 4184; x_wconf 79' lang='lat' dir='ltr'>Hieropolitem,</span> <span class='ocrx_word' id='word_1_279' title='bbox 786 4119 923 4186; x_wconf 90' lang='lat' dir='ltr'>corrupte.</span> <span class='ocrx_word' id='word_1_280' title='bbox 960 4117 985 4169; x_wconf 89' lang='lat' dir='ltr'>Is</span> <span class='ocrx_word' id='word_1_281' title='bbox 1003 4117 1045 4169; x_wconf 89' lang='lat' dir='ltr'>est</span> <span class='ocrx_word' id='word_1_282' title='bbox 1063 4117 1183 4171; x_wconf 85' lang='lat' dir='ltr'>famosus</span> <span class='ocrx_word' id='word_1_283' title='bbox 1195 4115 1328 4182; x_wconf 83' lang='lat' dir='ltr'>Xenaias,</span> <span class='ocrx_word' id='word_1_284' title='bbox 1347 4115 1396 4186; x_wconf 90' lang='lat' dir='ltr'>qui</span> <span class='ocrx_word' id='word_1_285' title='bbox 1412 4117 1484 4171; x_wconf 83' lang='lat' dir='ltr'>teste</span> 
     </span>
     <span class='ocr_line' id='line_1_38' title="bbox 216 4199 1484 4272; baseline 0.001 -17"><span class='ocrx_word' id='word_1_286' title='bbox 216 4199 387 4270; x_wconf 84' lang='lat' dir='ltr'>Theophane</span> <span class='ocrx_word' id='word_1_287' title='bbox 405 4216 470 4268; x_wconf 89' lang='lat' dir='ltr'>pag.</span> <span class='ocrx_word' id='word_1_288' title='bbox 492 4205 539 4253; x_wconf 83' lang='lat'>115</span> <span class='ocrx_word' id='word_1_289' title='bbox 559 4200 612 4267; x_wconf 92' lang='lat' dir='ltr'>(ed.</span> <span class='ocrx_word' id='word_1_290' title='bbox 626 4201 713 4255; x_wconf 90' lang='lat' dir='ltr'>Bonn.</span> <span class='ocrx_word' id='word_1_291' title='bbox 724 4204 784 4271; x_wconf 78' lang='lat'>207)</span> <span class='ocrx_word' id='word_1_292' title='bbox 802 4202 887 4256; x_wconf 85' lang='lat' dir='ltr'>Persa</span> <span class='ocrx_word' id='word_1_293' title='bbox 905 4216 1018 4270; x_wconf 80' lang='lat' dir='ltr'>genere,</span> <span class='ocrx_word' id='word_1_294' title='bbox 1038 4200 1195 4256; x_wconf 87' lang='lat' dir='ltr'>conditione</span> <span class='ocrx_word' id='word_1_295' title='bbox 1214 4217 1316 4269; x_wconf 85' lang='lat' dir='ltr'>servus,</span> <span class='ocrx_word' id='word_1_296' title='bbox 1335 4219 1352 4256; x_wconf 88' lang='lat' dir='ltr'>a</span> <span class='ocrx_word' id='word_1_297' title='bbox 1369 4201 1484 4272; x_wconf 88' lang='lat' dir='ltr'>proprio</span> 
     </span>
     <span class='ocr_line' id='line_1_39' title="bbox 215 4284 1485 4355; baseline 0.001 -17"><span class='ocrx_word' id='word_1_298' title='bbox 215 4284 328 4340; x_wconf 90' lang='lat' dir='ltr'>domino</span> <span class='ocrx_word' id='word_1_299' title='bbox 346 4285 455 4354; x_wconf 81' lang='lat' dir='ltr'>fugiens</span> <span class='ocrx_word' id='word_1_300' title='bbox 474 4303 507 4340; x_wconf 90' lang='lat' dir='ltr'>ac</span> <span class='ocrx_word' id='word_1_301' title='bbox 525 4303 554 4340; x_wconf 89' lang='lat' dir='ltr'>se</span> <span class='ocrx_word' id='word_1_302' title='bbox 572 4286 679 4354; x_wconf 84' lang='lat' dir='ltr'>fingens</span> <span class='ocrx_word' id='word_1_303' title='bbox 698 4287 827 4341; x_wconf 81' lang='lat' dir='ltr'>clericum</span> <span class='ocrx_word' id='word_1_304' title='bbox 846 4285 1021 4340; x_wconf 73' lang='lat' dir='ltr'>calendionis</span> <span class='ocrx_word' id='word_1_305' title='bbox 1038 4286 1212 4355; x_wconf 87' lang='lat' dir='ltr'>temporibus</span> <span class='ocrx_word' id='word_1_306' title='bbox 1230 4285 1325 4342; x_wconf 85' lang='lat' dir='ltr'>fideles</span> <span class='ocrx_word' id='word_1_307' title='bbox 1344 4286 1417 4341; x_wconf 88' lang='lat' dir='ltr'>circa</span> <span class='ocrx_word' id='word_1_308' title='bbox 1430 4287 1485 4341; x_wconf 77' lang='lat' dir='ltr'>An·</span> 
     </span>
     <span class='ocr_line' id='line_1_40' title="bbox 214 4369 1485 4440; baseline 0.002 -16"><span class='ocrx_word' id='word_1_309' title='bbox 214 4369 348 4425; x_wconf 83' lang='lat' dir='ltr'>ticchiarn</span> <span class='ocrx_word' id='word_1_310' title='bbox 366 4388 383 4424; x_wconf 86' lang='lat' dir='ltr'>a</span> <span class='ocrx_word' id='word_1_311' title='bbox 400 4387 466 4425; x_wconf 82' lang='lat' dir='ltr'>vero</span> <span class='ocrx_word' id='word_1_312' title='bbox 484 4370 549 4424; x_wconf 92' lang='lat' dir='ltr'>fidei</span> <span class='ocrx_word' id='word_1_313' title='bbox 566 4387 648 4424; x_wconf 85' lang='lat' dir='ltr'>sensu</span> <span class='ocrx_word' id='word_1_314' title='bbox 665 4372 783 4425; x_wconf 86' lang='lat' dir='ltr'>necdum</span> <span class='ocrx_word' id='word_1_315' title='bbox 800 4371 960 4440; x_wconf 87' lang='lat' dir='ltr'>baptizatus</span> <span class='ocrx_word' id='word_1_316' title='bbox 978 4369 1156 4425; x_wconf 87' lang='lat' dir='ltr'>deturbabat.</span> <span class='ocrx_word' id='word_1_317' title='bbox 1186 4370 1258 4424; x_wconf 82' lang='lat' dir='ltr'>Eum</span> <span class='ocrx_word' id='word_1_318' title='bbox 1276 4370 1376 4426; x_wconf 86' lang='lat' dir='ltr'>deinde</span> <span class='ocrx_word' id='word_1_319' title='bbox 1388 4371 1485 4426; x_wconf 87' lang='lat' dir='ltr'>Hiera-</span> 
     </span>
     <span class='ocr_line' id='line_1_41' title="bbox 215 4453 1484 4526; baseline 0.001 -19"><span class='ocrx_word' id='word_1_320' title='bbox 215 4455 312 4524; x_wconf 88' lang='lat' dir='ltr'>poleos</span> <span class='ocrx_word' id='word_1_321' title='bbox 340 4453 499 4526; x_wconf 90' lang='lat' dir='ltr'>episcopum</span> <span class='ocrx_word' id='word_1_322' title='bbox 530 4455 702 4509; x_wconf 85' lang='lat' dir='ltr'>consecravit</span> <span class='ocrx_word' id='word_1_323' title='bbox 723 4455 821 4510; x_wconf 85' lang='lat' dir='ltr'>Petrus</span> <span class='ocrx_word' id='word_1_324' title='bbox 843 4455 934 4517; x_wconf 77' lang='lat' dir='ltr'>Fullo,</span> <span class='ocrx_word' id='word_1_325' title='bbox 966 4454 1014 4525; x_wconf 89' lang='lat' dir='ltr'>qui</span> <span class='ocrx_word' id='word_1_326' title='bbox 1038 4455 1166 4510; x_wconf 89' lang='lat' dir='ltr'>eumdem</span> <span class='ocrx_word' id='word_1_327' title='bbox 1192 4455 1315 4509; x_wconf 88' lang='lat' dir='ltr'>nondum</span> <span class='ocrx_word' id='word_1_328' title='bbox 1342 4454 1484 4525; x_wconf 87' lang='lat' dir='ltr'>baptismo</span> 
     </span>
     <span class='ocr_line' id='line_1_42' title="bbox 214 4537 1485 4610; baseline 0.002 -17"><span class='ocrx_word' id='word_1_329' title='bbox 214 4537 358 4593; x_wconf 89' lang='lat' dir='ltr'>initiatum</span> <span class='ocrx_word' id='word_1_330' title='bbox 376 4539 555 4609; x_wconf 87' lang='lat' dir='ltr'>comperiens,</span> <span class='ocrx_word' id='word_1_331' title='bbox 579 4539 753 4594; x_wconf 88' lang='lat' dir='ltr'>ordinatione</span> <span class='ocrx_word' id='word_1_332' title='bbox 777 4540 837 4609; x_wconf 87' lang='lat' dir='ltr'>ejus</span> <span class='ocrx_word' id='word_1_333' title='bbox 854 4539 1025 4609; x_wconf 87' lang='lat' dir='ltr'>baptismum</span> <span class='ocrx_word' id='word_1_334' title='bbox 1043 4539 1167 4610; x_wconf 88' lang='lat' dir='ltr'>suppleri</span> <span class='ocrx_word' id='word_1_335' title='bbox 1185 4540 1283 4594; x_wconf 87' lang='lat' dir='ltr'>sanxit.</span> <span class='ocrx_word' id='word_1_336' title='bbox 1320 4541 1347 4594; x_wconf 87' lang='lat' dir='ltr'>Is</span> <span class='ocrx_word' id='word_1_337' title='bbox 1364 4538 1485 4595; x_wconf 87' lang='lat' dir='ltr'>Xenaias</span> 
     </span>
     <span class='ocr_line' id='line_1_43' title="bbox 215 4623 1485 4695; baseline 0.001 -18"><span class='ocrx_word' id='word_1_338' title='bbox 215 4623 451 4678; x_wconf 86' lang='lat' dir='ltr'>Iconoclastarum</span> <span class='ocrx_word' id='word_1_339' title='bbox 472 4624 613 4694; x_wconf 86' lang='lat' dir='ltr'>princeps,</span> <span class='ocrx_word' id='word_1_340' title='bbox 636 4628 742 4693; x_wconf 88' lang='lat' dir='ltr'>quanta</span> <span class='ocrx_word' id='word_1_341' title='bbox 760 4624 904 4695; x_wconf 86' lang='lat' dir='ltr'>episcopus</span> <span class='ocrx_word' id='word_1_342' title='bbox 922 4625 1011 4679; x_wconf 80' lang='lat' dir='ltr'>lactus</span> <span class='ocrx_word' id='word_1_343' title='bbox 1031 4624 1137 4681; x_wconf 87' lang='lat' dir='ltr'>Orienti</span> <span class='ocrx_word' id='word_1_344' title='bbox 1159 4624 1235 4679; x_wconf 89' lang='lat' dir='ltr'>mala</span> <span class='ocrx_word' id='word_1_345' title='bbox 1250 4623 1388 4690; x_wconf 86' lang='lat' dir='ltr'>intulerit,</span> <span class='ocrx_word' id='word_1_346' title='bbox 1410 4623 1485 4678; x_wconf 88' lang='lat' dir='ltr'>idem</span> 
     </span>
     <span class='ocr_line' id='line_1_44' title="bbox 215 4708 1483 4779; baseline 0.001 -16"><span class='ocrx_word' id='word_1_347' title='bbox 215 4710 312 4764; x_wconf 88' lang='lat' dir='ltr'>auctor</span> <span class='ocrx_word' id='word_1_348' title='bbox 329 4725 394 4778; x_wconf 78' lang='lat' dir='ltr'>pag,</span> <span class='ocrx_word' id='word_1_349' title='bbox 407 4715 455 4763; x_wconf 75' lang='lat'>128</span> <span class='ocrx_word' id='word_1_350' title='bbox 466 4728 506 4778; x_wconf 85' lang='lat' dir='ltr'>sq.</span> <span class='ocrx_word' id='word_1_351' title='bbox 521 4708 574 4777; x_wconf 88' lang='lat' dir='ltr'>(ed.</span> <span class='ocrx_word' id='word_1_352' title='bbox 587 4709 675 4763; x_wconf 90' lang='lat' dir='ltr'>Bonn.</span> <span class='ocrx_word' id='word_1_353' title='bbox 686 4715 735 4763; x_wconf 76' lang='lat'>232</span> <span class='ocrx_word' id='word_1_354' title='bbox 746 4713 807 4779; x_wconf 87' lang='lat' dir='ltr'>sq.),</span> <span class='ocrx_word' id='word_1_355' title='bbox 826 4709 1038 4779; x_wconf 87' lang='lat' dir='ltr'>acNicephorus</span> <span class='ocrx_word' id='word_1_356' title='bbox 1050 4711 1077 4764; x_wconf 90' lang='lat' dir='ltr'>h.</span> <span class='ocrx_word' id='word_1_357' title='bbox 1090 4726 1112 4764; x_wconf 92' lang='lat' dir='ltr'>e.</span> <span class='ocrx_word' id='word_1_358' title='bbox 1126 4710 1222 4776; x_wconf 81' lang='lat' dir='ltr'>XXXI,</span> <span class='ocrx_word' id='word_1_359' title='bbox 1234 4710 1271 4764; x_wconf 86' lang='lat'>31¹</span> <span class='ocrx_word' id='word_1_360' title='bbox 1277 4711 1305 4763; x_wconf 93' lang='lat' dir='ltr'>et</span> <span class='ocrx_word' id='word_1_361' title='bbox 1315 4716 1347 4764; x_wconf 81' lang='lat'>32</span> <span class='ocrx_word' id='word_1_362' title='bbox 1360 4711 1483 4764; x_wconf 86' lang='lat' dir='ltr'>narrant.</span> 
     </span>
    </p>

    <p class='ocr_par' dir='ltr' id='par_1_12' title="bbox 216 4792 1485 4949">
     <span class='ocr_line' id='line_1_45' title="bbox 283 4792 1485 4864; baseline 0.002 -16"><span class='ocrx_word' id='word_1_363' title='bbox 283 4796 315 4861; x_wconf 84' lang='lat'>²¹)</span> <span class='ocrx_word' id='word_1_364' title='bbox 333 4797 359 4848; x_wconf 86' lang='lat' dir='ltr'>a&#39;</span> <span class='ocrx_word' id='word_1_365' title='bbox 380 4798 546 4863; x_wconf 69' lang='lat' dir='ltr'>Etodounon,</span> <span class='ocrx_word' id='word_1_366' title='bbox 566 4794 789 4856; x_wconf 78' lang='lat' dir='ltr'>bllelladensem,</span> <span class='ocrx_word' id='word_1_367' title='bbox 809 4811 844 4848; x_wconf 89' lang='lat' dir='ltr'>cc</span> <span class='ocrx_word' id='word_1_368' title='bbox 859 4799 1026 4849; x_wconf 80' lang='lat' dir='ltr'>Edissenrem.</span> <span class='ocrx_word' id='word_1_369' title='bbox 1061 4795 1102 4850; x_wconf 84' lang='lat' dir='ltr'>Ex</span> <span class='ocrx_word' id='word_1_370' title='bbox 1120 4795 1153 4854; x_wconf 86' lang='lat' dir='ltr'>G¹</span> <span class='ocrx_word' id='word_1_371' title='bbox 1174 4796 1294 4864; x_wconf 76' lang='lat' dir='ltr'>(Ederae)</span> <span class='ocrx_word' id='word_1_372' title='bbox 1313 4792 1485 4851; x_wconf 75' lang='lat' dir='ltr'>restituimus</span> 
     </span>
     <span class='ocr_line' id='line_1_46' title="bbox 216 4878 672 4949; baseline -0.002 -16"><span class='ocrx_word' id='word_1_373' title='bbox 216 4883 333 4934; x_wconf 80' lang='lat' dir='ltr'>Edessae</span> <span class='ocrx_word' id='word_1_374' title='bbox 352 4878 540 4933; x_wconf 87' lang='lat' dir='ltr'>consentiente</span> <span class='ocrx_word' id='word_1_375' title='bbox 562 4896 672 4949; x_wconf 79' lang='lat' dir='ltr'>graeco.</span> 
     </span>
    </p>

    <p class='ocr_par' dir='ltr' id='par_1_13' title="bbox 283 4963 798 5034">
     <span class='ocr_line' id='line_1_47' title="bbox 283 4963 798 5034; baseline 0 -16"><span class='ocrx_word' id='word_1_376' title='bbox 283 4964 316 5033; x_wconf 76' lang='lat'>²¹)</span> <span class='ocrx_word' id='word_1_377' title='bbox 335 4963 432 5018; x_wconf 83' lang='lat' dir='ltr'>Graec.</span> <span class='ocrx_word' id='word_1_378' title='bbox 451 4969 495 5034; x_wconf 83' lang='lat' dir='ltr'>qui</span> <span class='ocrx_word' id='word_1_379' title='bbox 511 4970 574 5018; x_wconf 87' lang='lat' dir='ltr'>mole</span> <span class='ocrx_word' id='word_1_380' title='bbox 591 4984 619 5019; x_wconf 83' lang='lat' dir='ltr'>se</span> <span class='ocrx_word' id='word_1_381' title='bbox 636 4969 718 5018; x_wconf 80' lang='lat' dir='ltr'>seculi</span> <span class='ocrx_word' id='word_1_382' title='bbox 732 4974 798 5019; x_wconf 77' lang='lat' dir='ltr'>ruat.</span> 
     </span>
    </p>
   </div>
   <div class='ocr_carea' id='block_1_4' title="bbox 0 0 1732 5678">
    <p class='ocr_par' dir='ltr' id='par_1_14' title="bbox 0 0 1732 5678">
     <span class='ocr_line' id='line_1_48' title="bbox 0 0 1732 5678; baseline 0 0"><span class='ocrx_word' id='word_1_383' title='bbox 0 0 1732 5678; x_wconf 95' lang='lat' dir='ltr'> </span> 
     </span>
    </p>
   </div>
  </div>
 </body>
</html>
