3450 5678
149 332 210 397 188
489 341 494 346 ·
616 346 644 393 s.
663 342 830 392 srurmcn
851 341 966 390 raras

38 517 131 567 alet
145 502 311 568 Ecclesiae
332 523 456 586 quoque
478 499 619 584 depellat
640 502 805 582 tyrannos.
834 496 924 563 Sicut
946 496 1032 561 enim
1054 496 1158 581 pietas
1181 500 1288 562 vestra
1303 498 1420 565 merito

145 609 294 690 recteque
319 603 460 686 confidit,
489 602 544 666 illo
572 623 630 666 nos
650 604 793 685 tempore
821 599 902 665 nihil
931 599 1017 664 aliud
1039 599 1143 664 Deum
1171 603 1317 666 nostrum
1345 624 1420 688 sup

145 709 273 793 pliciter
287 708 483 791 implorasse,
507 726 603 789 quam
617 707 653 768 ut
668 704 761 768 nobis
775 702 914 769 Romani
930 702 1055 788 imperii
1072 702 1237 788 praesules
1244 703 1284 790 ⁸),
1308 704 1421 788 quales

146 832 232 875 nunc
254 811 421 894 loquimur,
445 807 668 885 redderentur3
691 806 736 871 ita
759 806 938 890 exspectari
961 805 1075 889 cernis,
1099 808 1135 870 ut
1156 805 1340 890 hujusmodi
1362 828 1420 873 vos

147 935 215 977 esse
229 913 369 997 ipsorum
385 914 512 976 actuum
527 909 682 994 qualitate
693 909 888 974 monstretis.
923 908 1098 992 Respicite,
1115 930 1244 994 quaeso,
1261 912 1422 996 augustae

146 1016 317 1081 memoriae
339 1012 497 1078 Marciani
519 1016 614 1097 atque
637 1011 751 1077 Leonis
774 1011 861 1076 omni
883 1010 1001 1075 mundo
1025 1010 1233 1095 conspicuam
1255 1011 1421 1080 catholiea

147 1118 315 1183 devotione
344 1115 569 1197 constantiam,
607 1119 639 1179 et
666 1114 786 1179 salubri
816 1113 1071 1179 consideratione
1093 1113 1298 1199 perpendite:
1321 1138 1422 1201 quum

147 1221 180 1285 in
204 1220 313 1284 eodem
337 1219 405 1283 loco
427 1222 512 1283 stare
534 1218 747 1302 nequiverint,
772 1216 826 1300 qui
848 1216 889 1281 ab
905 1238 1013 1281 eorum
1028 1216 1221 1282 rectitudine
1236 1218 1420 1309 deviarunt,

146 1343 360 1388 successorem
381 1321 490 1404 regiae
512 1316 680 1405 potestatis
703 1319 882 1404 legitimum
905 1341 943 1384 ae
964 1318 1117 1386 divinitus
1137 1319 1331 1386 attributum
1346 1343 1422 1387 eum

147 1426 215 1490 lore
237 1425 307 1489 sine
330 1424 436 1508 dubio,
460 1424 513 1508 qul
535 1423 662 1487 illorum
683 1421 757 1486 fidei
779 1422 957 1506 perstiterit
972 1421 1125 1486 imitator.
1159 1421 1276 1507 Debes,
1300 1423 1422 1509 glorio-

146 1528 269 1593 sissime
292 1530 325 1592 et
347 1525 592 1591 clementissime
614 1525 658 1590 fili
683 1525 866 1609 imperator,
891 1529 1047 1609 augustae
1065 1513 1236 1589 memoriae
1251 1528 1422 1593 tantorum

146 1632 286 1696 virormn
308 1630 483 1715 taliumque
504 1629 728 1710 reverentiam,
753 1627 849 1692 debes
871 1627 957 1692 vices
979 1627 1164 1693 muneribus
1186 1627 1257 1693 Dei.
1303 1628 1366 1695 Ille
1387 1632 1422 1696 te

143 1734 183 1799 ad
206 1735 338 1798 istonnn
361 1731 488 1797 reduxit
508 1731 693 1814 imperium:
717 1734 753 1793 tu
767 1730 835 1794 Deo
857 1730 928 1794 istis
950 1729 1086 1794 similem
1101 1729 1197 1795 redde
1212 1730 1418 1798 famulatum.

142 1837 186 1901 Et
214 1838 288 1921 quia
310 1834 401 1918 haec,
424 1835 519 1899 beato
548 1833 692 1917 apostolo
715 1832 849 1897 docente
872 1852 929 1897 nos
952 1833 1048 1897 Petro
1070 1854 1142 1897 mea
1165 1855 1267 1918 nuper
1289 1833 1420 1900 humill·

144 1944 212 2003 tate
228 1937 444 2023 praedicante,
473 1936 613 2000 refutata
635 1938 711 1999 sunt
734 1936 785 2020 al)
810 1934 940 2017 casuris,
963 1935 1032 2000 Deo
1046 1935 1174 2000 fautore
1187 1936 1363 2021 proficiant
1384 1939 1420 2003 in

146 2042 238 2127 regni
262 2039 425 2106 soliditate
447 2039 616 2103 mansuris
1061 2111 1067 2125 ἱ
1342 2055 1347 2063 ·

229 2144 260 2208 3.
284 2143 355 2228 Ego
377 2142 502 2226 quidem
527 2141 653 2223 litteris
678 2162 756 2224 quas
778 2144 884 2205 vestra
901 2140 1073 2206 clementia
1088 2140 1272 2224 destinavit,
1297 2143 1421 2230 pignus

146 2247 335 2311 immensum
354 2244 556 2310 venerandae
576 2243 797 2329 religiositatis
813 2243 985 2328 accipiens
1009 2246 1042 2309 et
1056 2244 1183 2330 ingenti
1198 2244 1422 2330 gratulatione

146 2351 277 2433 respiro,
313 2351 346 2412 et
372 2348 502 2412 omnino
530 2369 597 2412 non
625 2346 755 2431 ambigo
783 2350 923 2411 mentem
950 2350 1090 2411 vestram
1119 2347 1155 2412 in
1182 2347 1277 2413 rebus
1299 2347 1421 2415 divinis

146 2455 310 2538 gesturam
331 2451 427 2536 longe
451 2450 575 2534 potiora
598 2472 692 2534 quam
717 2449 824 2533 cupio,
848 2449 902 2514 sed
926 2449 987 2513 mei
1009 2448 1130 2515 meinor
1151 2448 1252 2515 officii
1274 2451 1309 2515 in
1333 2450 1421 2519 hanc

146 2558 271 2639 partem
299 2553 502 2619 clementiam
529 2555 617 2616 tuam
646 2552 717 2616 ideo
744 2551 914 2635 prolixiore
942 2551 1053 2616 hortor
1081 2552 1230 2638 alloquio,
1260 2553 1336 2639 quia
1361 2554 1421 2620 im-

146 2658 226 2743 perii
253 2656 301 2722 tui
328 2656 449 2741 pariter
476 2659 508 2719 et
536 2655 648 2720 salutis
675 2655 791 2720 affectu
813 2654 877 2718 illis
904 2657 936 2718 te
966 2655 1070 2720 causis
1096 2654 1264 2720 inhaerere
1292 2677 1422 2743 semper

147 2764 277 2845 exopto,
321 2758 434 2843 quibus
469 2758 544 2822 solis
572 2761 605 2822 et
633 2757 811 2842 praesentis
844 2757 937 2842 regni
969 2757 1132 2849 stabilitas
1165 2757 1346 2826 custoditur
1387 2764 1422 2827 et

147 2863 270 2928 aeterni
292 2861 396 2948 gloria
418 2863 631 2944 comparetur.
893 2928 899 2943 x

230 2965 261 3029 4.
306 2963 399 3030 Unde
428 2966 503 3027 ante
529 2964 638 3028 omnia
663 2985 785 3049 precor,
815 2967 851 3027 ut
879 2963 1133 3028 Alexandrinam
1160 2963 1331 3029 ecclesiam
1353 2987 1423 3033 non

146 3069 252 3133 miuus
280 3091 299 3132 a
326 3067 454 3131 fmresto
481 3088 576 3150 quam
609 3067 650 3131 ab
678 3067 840 3131 haeretico
875 3088 1044 3151 pervasore
1074 3066 1263 3131 elementiae
1290 3070 1422 3135 vestrae

146 3169 407 3256 dispositionibus
430 3169 599 3233 liberatam
622 3168 778 3234 catholico
805 3192 843 3233 ac
866 3168 1010 3254 legitimo
1033 3168 1158 3233 restitui
1181 3169 1342 3234 censeatis
1363 3194 1422 3238 an·

146 3274 258 3354 tistiti3
282 3273 388 3356 eisque
412 3272 520 3355 otiam,
544 3294 621 3355 quos
645 3272 825 3336 temeritate
848 3271 1008 3349 diabolica
1028 3270 1161 3335 diversis
1177 3269 1321 3337 ecelesiis
1336 3272 1422 3339 ordi·

147 3396 241 3438 nasse
252 3375 290 3460 ¹⁰)
313 3373 509 3457 perhibetur,
534 3374 655 3456 ejectis,
680 3377 786 3437 rectae
801 3373 875 3437 fidei
891 3373 1059 3459 subrogari
1075 3373 1281 3438 constituatis
1296 3375 1421 3459 episeo

117 3532 119 3537 ,
148 3497 220 3560 pos:
248 3478 285 3538 ut
311 3475 393 3539 sicut
421 3475 671 3559 rempublicam
702 3479 841 3539 vestram
870 3498 889 3538 a
911 3475 1082 3560 tyrannica
1104 3475 1324 3545 dominatione
1346 3500 1421 3563 pur·

215 3648 235 3712 ⁸)
254 3643 336 3698 Haud
353 3643 486 3698 inusitato
505 3646 534 3699 et
551 3643 692 3714 Simplicio
711 3644 824 3715 proprio
843 3645 975 3714 loquendi
992 3645 1075 3702 modo
1093 3645 1139 3700 hic
1157 3644 1260 3701 dieitur
1275 3646 1354 3702 Zeno
1368 3652 1420 3707 ns
1444 3684 1469 3694 -

147 3737 214 3784 moni
231 3735 330 3798 imperit
346 3736 459 3799 praesul.
499 3730 571 3784 Ante
591 3748 653 3785 eum
672 3730 844 3786 Theodosius
863 3731 946 3799 (inter
964 3731 1099 3786 Bonifaoii
1121 3730 1254 3802 epistolas
1271 3730 1356 3803 epist
1377 3736 1469 3805 11)(

147 3816 268 3869 diremi:
298 3820 368 3870 Deus
380 3821 444 3869 enim
462 3825 553 3871 erector
571 3822 627 3870 tdeo
644 3823 778 3886 praesules
794 3821 1069 3884 semichristianorum
1080 3822 1220 3886 principer.
1250 3816 1355 3875 Postea
1367 3818 1463 3876 Go—

146 3901 232 3956 lasius
250 3901 330 3971 epist.
352 3907 383 3955 17
402 3920 427 3954 n
449 3909 460 3954 1
481 3902 608 3956 eamdem
620 3918 716 3957 rocem
735 3905 864 3974 usurpat,
883 3904 912 3956 et
924 3901 1078 3956 Clodoveus
1096 3919 1113 3958 a
1130 3920 1151 3954 s.
1164 3899 1295 3971 Remigio
1311 3912 1469 3973 perun

147 3993 275 4055 reginam
293 3987 382 4042 ‹lictrrs
402 3989 454 4052 est,
473 3989 501 4040 et
519 3987 744 4043 Tlreodebortum
762 4006 858 4059 regem
876 3986 1042 4042 Aurelianus
1060 3985 1206 4058 episcopus
1217 3986 1366 4057 alloquens
1377 4009 1469 4047 eir-⁴

145 4080 201 4143 pila
216 4094 330 4141 semper,
349 4072 450 4140 inquit,
468 4079 638 4128 remotissime
654 4081 761 4143 praesul
777 4080 841 4130 diem
854 4079 956 4141 judieii.

214 4161 235 4226 ⁸)
254 4158 331 4212 Istud
348 4179 365 4212 u
383 4164 481 4212 camaris
503 4158 576 4213 male
598 4160 626 4213 in
649 4160 725 4230 prius
747 4160 867 4230 vulgatis
886 4178 903 4214 a
920 4158 1012 4213 verbis
1034 4163 1150 4225 refutata
1170 4170 1230 4213 ruat
1250 4158 1469 4231 interponit:

146 4244 256 4315 virgula
278 4243 432 4312 sejunctum
458 4247 526 4298 erat.
563 4243 634 4308 Quid
653 4245 726 4299 enim
744 4245 790 4299 bie
807 4246 860 4301 sibi
877 4245 936 4299 vult
954 4243 1128 4314 Simplicius?
1162 4242 1270 4299 Eadem
1287 4242 1469 4323 videlie-

147 4329 266 4395 monita,
285 4347 356 4398 quae
374 4346 445 4383 uirus
462 4329 549 4383 tradit
568 4330 671 4384 Zenoni
689 4331 716 4384 in
736 4331 815 4400 regni
833 4331 972 4385 soliditate
985 4344 1128 4390 mansuro.
1147 4329 1225 4400 prius
1242 4347 1271 4385 ae
1283 4329 1469 4387 Basiliam

146 4417 182 4470 ab
202 4415 326 4483 ojrrsdem
345 4414 424 4483 regni
443 4414 684 4470 administratione
704 4432 801 4470 casino
820 4416 940 4482 dedisse,
963 4433 1034 4484 quae
1052 4431 1137 4485 porro
1154 4415 1192 4470 ab
1210 4431 1243 4471 eo
1261 4417 1362 4487 spreta
1376 4434 1469 4472 r·-

143 4503 276 4569 joetaqno
294 4502 379 4555 fuero.
411 4499 541 4564 Quamsis
560 4501 633 4554 cuim
650 4501 714 4556 huic
732 4501 839 4572 pariter
856 4503 891 4555 ob
911 4502 1004 4556 oculos
1021 4499 1145 4571 posuerit
1156 4500 1292 4556 Marciani
1309 4503 1340 4557 et
1350 4502 1469 4559 Ire-

147 4587 189 4640 uis
208 4586 347 4656 enenrpla,
371 4585 393 4637 is
416 4584 592 4640 nihilominus
611 4586 788 4642 Timotheum
806 4605 824 4641 a
841 4588 933 4643 Leone
951 4586 1138 4657 proscriptum
1156 4602 1289 4642 revocare
1310 4590 1341 4642 et
1357 4586 1469 4642 0-

147 4672 349 4726 ohedonensom
366 4670 501 4739 synodum
520 4671 556 4724 ab
576 4674 693 4739 atroque
711 4673 880 4742 imperatore
898 4673 1106 4742 propugnatam
1118 4672 1252 4727 damnare
1269 4687 1328 4728 non
1339 4670 1469 4727 dn-

147 4756 230 4823 tavit,
250 4774 338 4824 eoquo
356 4758 439 4827 praeto
458 4752 592 4827 Simplicii
610 4758 716 4813 monita
733 4758 866 4812 reditavit
878 4758 906 4811 ct
919 4757 1093 4828 contempsit.
1123 4758 1195 4833 Hinc
1212 4757 1304 4813 denuo
1322 4756 1469 4829 pal-

147 4843 339 4907 confirmatur,
358 4841 505 4911 epistolam
524 4850 539 4896 3
557 4842 688 4897 Basilisco
707 4861 762 4897 nou
781 4843 883 4897 Zenoni
901 4842 1107 4898 inscribendam
1125 4860 1193 4898 esse.

219 4929 249 4994 ¹⁰)
266 4927 307 4981 Ex
325 4928 367 4983 his
385 4927 478 5001 plures
495 4945 612 4996 sequens
631 4929 750 5002 epistola
767 4948 793 4984 n.
812 4937 828 4985 3
845 4928 1010 4986 nominatim
1028 4928 1141 4984 indicat.
