3412 5664
250 319 400 369 arrasa.
416 319 527 368 amsr.
541 305 634 366 3-7.
651 338 691 346 -
706 313 851 362 uorrru
867 311 979 361 urrsr.
995 310 1066 360 rou
1082 308 1251 359 axsraur.
1271 309 1305 355 a.
1320 305 1342 355 1.
1415 286 1477 353 993

209 498 285 540 cura
307 474 503 560 pontificem.
555 471 776 535 Praesentium
803 466 947 551 bajulus,
985 465 1141 528 honestus
1166 463 1325 544 moribuS,
1362 463 1478 524 natura

208 577 370 660 sublimis,
394 575 515 661 gemini
537 572 642 637 solatii
665 572 795 636 orbatus
818 568 992 653 praesidio,
1016 565 1153 630 Romam
1172 587 1230 650 pro
1246 564 1388 629 honestis
1404 562 1478 627 arti-

209 680 286 760 bus,
309 678 387 742 licet
409 676 689 762 peregrinaturus,
714 672 857 756 expetiit.
899 669 996 752 Vide,
1020 669 1047 733 si
1069 671 1254 733 mereantur
1276 689 1295 730 a
1317 666 1478 751 religioso,

209 782 408 863 benenato,
437 778 590 863 locupleti
607 776 716 860 juvari
737 776 817 858 ista,
847 794 927 857 quae
957 771 1105 855 praetuli.
1151 770 1246 835 Nunc
1268 769 1375 834 officio
1397 769 1479 832 salu-

209 882 343 946 tationis
366 880 508 945 exhibito
530 901 624 965 rogo,
654 881 691 942 ut
717 878 745 941 si
773 899 841 959 me,
871 875 899 939 si
920 875 1040 939 bonam
1061 895 1157 958 quam
1187 872 1329 937 cotmisti
1358 871 1480 955 opinio

209 1006 284 1048 nem
307 983 433 1067 diligis,
456 982 611 1067 impensis
633 979 771 1064 portitor
793 977 955 1042 adulescat
977 975 1114 1040 auxiliis.

724 1148 906 1253 Epistola
933 1149 967 1231 o.
1495 1269 1517 1325 Ε
1576 1268 1593 1323 d

362 1305 568 1371 Ennodius
590 1303 823 1368 Hormisdae
847 1301 1021 1366 diacono.
1267 1286 1271 1293 ’
1491 1339 1604 1406 umas

296 1424 331 1492 Si
353 1423 499 1510 dignatio
528 1423 613 1488 circa
640 1445 691 1487 me
718 1423 874 1507 promissa
901 1421 1045 1504 duraret,
1076 1424 1272 1486 assereretur
1300 1419 1482 1506 frequentia

211 1528 401 1592 litterarum.
441 1525 505 1590 Vix
526 1525 705 1610 respiciunt
726 1524 879 1607 humiles,
903 1545 982 1609 quos
1005 1522 1045 1586 ad
1067 1544 1173 1588 arcem
1196 1527 1328 1588 eventus
1350 1544 1483 1607 prosper

212 1631 363 1694 evexerit.
408 1626 513 1692 Grave
536 1631 601 1710 est,
631 1627 658 1691 si
681 1648 753 1710 spes
775 1627 988 1690 secundarum
1015 1647 1121 1689 rerum
1144 1626 1289 1690 caritatis
1312 1647 1413 1690 nexus
1434 1625 1483 1690 in·

212 1730 313 1796 cidat:
341 1751 407 1795 non
430 1729 524 1794 debet
545 1728 765 1813 praejudicare
787 1727 991 1814 diligentiae,
1021 1728 1071 1791 eui
1100 1728 1274 1792 seeundum
1295 1731 1370 1792 vota
1392 1727 1482 1791 blan-

211 1833 307 1897 ditur.
356 1831 390 1897 si
412 1834 522 1897 tamen
544 1829 665 1915 aliquid
688 1831 773 1895 circa
795 1852 846 1894 me
868 1829 992 1916 getiae
1015 1830 1191 1913 custoditis,
1216 1830 1242 1894 si
1264 1831 1345 1894 vivit
1367 1830 1483 1896 amoris

211 1935 348 2019 polliciti
384 1933 541 2017 scintilla,
580 1931 717 1996 Beatum
755 1932 941 1997 commendo
977 1931 1211 1996 nobilissimum
1248 1931 1483 1998 adolescentem

212 2036 429 2121 praesentium
451 2036 656 2119 portitorem3
694 2035 745 2098 eui
770 2034 893 2118 justum
922 2037 985 2117 est,
1014 2036 1052 2098 ut
1080 2035 1333 2099 consideratione
1360 2036 1423 2100 mei
1451 2038 1484 2099 et

212 2141 380 2223 parentem
401 2137 566 2202 beatitudo
588 2140 695 2200 vestra
715 2136 883 2220 impendat
898 2139 931 2199 et
945 2135 1093 2218 patriam.
1126 2135 1206 2199 Esto
1222 2136 1370 2220 specialis
1384 2140 1482 2222 tutor,

201 2240 356 2303 'omnium
377 2260 450 2302 mox
466 2239 609 2303 futurus!
640 2237 778 2301 Domine
792 2237 904 2319 frater,
928 2236 1131 2301 salutationis
1146 2236 1329 2303 humilitate
1344 2239 1484 2324 depensa

212 2363 302 2426 rogo,
326 2344 363 2405 ut
384 2341 443 2404 sub
466 2340 641 2422 celeritate,
665 2360 761 2423 quam
783 2339 865 2403 bene
887 2337 1033 2421 valeatis,
1057 2340 1232 2423 scriptione
1254 2340 1401 2426 signetis.
1550 2327 1552 2333 ’

728 2509 915 2624 Epistola
936 2509 969 2591 7.

366 2661 572 2727 Ennodius
594 2660 826 2726 Hormisdae
848 2661 1026 2727 diacono.

300 2782 453 2850 Coelestis
476 2781 672 2866 dispensatio
694 2780 917 2865 epistolaribus
931 2780 1096 2845 beneficiis
1112 2780 1243 2864 junctos
1259 2783 1394 2847 caritate
1410 2804 1483 2848 con·
1548 2759 1554 2784 ’
1580 2760 1585 2769 .

214 2885 332 2950 sociat:
355 2884 431 2949 dum
452 2905 531 2968 quos
552 2882 706 2948 discernit
727 2884 879 2947 itinerum
901 2882 1083 2967 prolixitas,
1114 2882 1148 2946 in
1171 2884 1310 2949 remedio
1332 2884 1485 2951 sollicitu-

214 2987 300 3052 dinis
318 2985 431 3071 jungit
452 2985 588 3068 affectio,
613 2985 640 3050 si
662 2985 705 3050 sit
728 3007 803 3048 cura
825 2985 990 3049 sermonis.
1025 2983 1197 3049 Silentium
1218 2989 1328 3051 tamen
1343 2990 1484 3052 vestrum

214 3089 312 3153 nimis
335 3087 488 3170 admiror,
522 3087 605 3171 quod
633 3089 706 3171 post
737 3085 899 3170 depositae
920 3087 1063 3151 sarcinas
1086 3087 1297 3172 aegritudinis
1320 3087 1408 3153 nulla
1434 3111 1485 3154 me

215 3191 408 3255 allocutione
436 3187 635 3253 sublevastis.
687 3187 748 3252 Sed
776 3187 851 3272 quia
879 3187 1036 3272 loquendo
1070 3192 1249 3273 opportune
1278 3190 1420 3274 cogimus
1449 3195 1486 3255 ut

213 3291 373 3376 loquaris,
402 3290 451 3354 vel
475 3289 596 3374 garruli
618 3289 799 3354 imitatione
821 3289 987 3374 responde.
1037 3288 1125 3356 Bene
1148 3291 1234 3355 enim
1260 3312 1312 3355 res
1338 3291 1484 3356 desiderii

213 3397 248 3458 et
270 3393 413 3478 poscitur
441 3395 475 3456 et
495 3392 685 3475 impetratur
708 3390 871 3475 exemplis.
918 3391 1006 3477 Ergo
1028 3391 1181 3457 honorem
1203 3392 1406 3458 salutationis
1427 3394 1485 3458 im·

213 3494 376 3580 pendens,
398 3492 505 3557 indico
526 3514 577 3557 me
599 3491 667 3557 Deo
689 3493 829 3576 propitio
846 3493 917 3576 jam
938 3494 1060 3558 valere:
1083 3494 1284 3579 supplicans,
1308 3498 1345 3560 ut
1366 3495 1486 3561 vicaria

212 3597 295 3662 mihi
317 3596 392 3681 styli
414 3594 671 3680 promulgatione
693 3594 873 3660 benedicas.

725 3869 796 3945 No
815 3874 834 3944 t
852 3872 866 3943 i
886 3875 904 3944 t
922 3872 936 3943 i
955 3894 979 3945 a

246 4000 452 4074 eplstolarum
468 4015 530 4058 non
549 4001 753 4071 exstantium,
772 4017 850 4072 quae
869 4003 907 4058 ad
926 4017 952 4059 s.
971 4002 1163 4059 Hormisdam
1181 4018 1289 4073 papam
1306 4004 1453 4061 attinent.
1497 3991 1574 4064 [Ed-l

839 4137 855 4202 I

215 4270 247 4308 a.
259 4247 323 4308 514
338 4266 407 4307 mox
417 4255 485 4322 post
498 4249 526 4305 d.
543 4247 668 4305 XXVII
680 4248 758 4304 Jutii.
804 4248 977 4305 Hormisdou
987 4266 1088 4323 papae
1103 4251 1143 4306 ud
1155 4250 1322 4309 Caesarium
1334 4252 1485 4309 &elaten-

371 4350 430 4391 scm
446 4334 633 4390 ordinationis
647 4349 720 4390 suae
734 4333 852 4390 indices.

304 4435 402 4493 Codice
416 4434 501 4510 Regio
517 4435 659 4492 Parisieusi
675 4433 756 4492 3849
779 4434 827 4491 sol.
845 4435 883 4491 21
907 4436 959 4491 boc
979 4436 1119 4509 protertur
1139 4436 1335 4511 fragmentum:
1356 4439 1488 4496 Dilectis-

213 4527 290 4583 simo
301 4521 397 4595 [ratri
411 4521 549 4579 Caesario
565 4519 731 4578 Hornrisda.
774 4519 909 4587 Quamvis
930 4525 1005 4578 ratio
1021 4525 1134 4596 eripui,
1166 4530 1197 4579 at
1213 4523 1400 4594 fraternitati
1421 4532 1489 4581 tuuc

214 4611 314 4667 nostri
326 4608 482 4664 sacerdotii
493 4609 636 4678 primitius
649 4609 811 4662 nuntiemus
826 4614 920 4661 tamen
935 4605 991 4662 Dei
1004 4608 1144 4680 beneficia
1160 4616 1269 4665 tacere.
1307 4607 1409 4676 Quibus
1423 4611 1489 4665 satis

214 4694 307 4772 palam
322 4691 361 4756 lit.
378 4690 545 4748 llarmisdam
561 4688 596 4746 ibi
612 4689 734 4747 Caesario
746 4690 895 4747 Arelatensi
909 4689 1082 4765 pontificatus
1098 4695 1140 4749 sui
1155 4694 1230 4750 initia
1244 4695 1391 4755 nuntiasse.
1407 4694 1489 4768 idque

214 4796 283 4838 mor
299 4785 363 4853 post
382 4784 534 4850 susceptam
555 4775 767 4839 ordinationem,
791 4778 807 4831 i.
821 4793 845 4832 c.
862 4785 925 4850 post
940 4776 967 4832 d.
984 4776 1072 4833 xxva
1087 4778 1151 4834 tulii
1166 4796 1189 4834 a.
1203 4778 1280 4842 514.
1309 4778 1408 4836 tactura
1429 4795 1489 4835 csse

213 4870 433 4924 consentaneum
447 4873 498 4921 est.

252 4976 412 5017 arrarum
425 4977 530 5018 nourr.
543 4977 658 5015 souma.
676 4963 698 5018 1.
1246 4970 1286 5031 63
