3450 5678
259 336 323 400 412
734 351 762 398 s.
780 348 921 397 osnasn
943 347 1057 397 esras

152 522 246 572 assa.
262 507 494 575 connnuuionis
530 509 697 570 externae:
730 505 783 589 qui
814 504 923 589 utique
953 526 1017 568 non
1046 505 1167 569 consuli
1204 508 1368 590 tamquam
1401 509 1535 573 nostrae

262 610 494 677 communionis
517 609 661 672 homines
679 609 748 691 jam
776 608 941 686 deberent,
969 608 1025 673 sed
1047 610 1211 691 tamquam
1233 608 1267 672 in
1291 608 1457 673 contrario
1479 632 1536 694 po

262 716 314 779 siti
348 713 507 778 consortio
541 712 684 776 refutari.
735 710 767 775 Si
800 732 875 775 vero
907 733 974 774 non
1008 711 1324 776 communicaverant
1356 713 1536 797 antequam

262 816 400 882 Aeacius
422 815 485 879 huc
507 816 652 898 referret,
683 817 715 877 ct
738 815 1028 878 communicantem
1055 815 1169 878 notare
1191 815 1379 898 debuerant,
1409 818 1444 879 ct
1472 815 1534 900 ipsi

262 920 300 983 de
315 918 425 984 eodem
440 919 546 1002 potius
562 917 624 981 huc
639 916 769 999 referre,
794 919 890 1000 atque
912 916 1205 1001 apostolicaesedis
1221 919 1331 1003 vigore
1348 916 1535 1002 perculsum

260 1022 375 1086 merito
398 1020 614 1104 comprobare,
639 1041 773 1104 cumque
795 1042 833 1084 ea
854 1020 928 1084 sede
951 1018 1127 1105 apostolica
1147 1021 1312 1107 tantisque
1334 1020 1400 1085 illis
1424 1020 1535 1087 catho-

261 1125 331 1189 licis
359 1122 565 1208 pontificibus
598 1123 703 1207 magis
731 1126 841 1187 tenere
876 1122 1089 1188 concordiam.
1135 1121 1196 1188 Sed
1225 1123 1300 1209 quia
1333 1125 1375 1189 ab
1404 1122 1535 1190 illorum

261 1227 414 1291 societate
436 1225 637 1289 desciverant
659 1229 822 1290 eteorum
845 1225 1128 1311 successoribuslli
1151 1226 1389 1291 communicare
1405 1226 1534 1313 dalege

261 1333 345 1412 rant,
368 1329 439 1393 idco
463 1351 534 1392 cum
557 1327 630 1410 sede
653 1327 828 1412 apostolica
842 1328 973 1392 minime
990 1330 1221 1413 congruebant.
1257 1328 1339 1405 Quia
1354 1329 1390 1394 in
1413 1334 1535 1396 sortem

161 1455 166 1465 s
260 1432 442 1496 reciderant
463 1430 729 1515 praevaricatoris
752 1431 874 1514 Aeacii,
899 1434 932 1495 ct
954 1430 1039 1495 illins
1061 1453 1095 1496 se
1118 1433 1187 1496 sine
1202 1431 1298 1497 dubio
1319 1432 1536 1517 pervidebant

260 1534 423 1600 sententia
446 1536 676 1618 consequenter
705 1533 875 1618 adstringi,
903 1535 944 1599 ob
966 1534 1027 1598 hoc
1055 1557 1126 1599 eum
1155 1534 1256 1599 rideri
1283 1534 1442 1601 nolebant
1464 1558 1535 1601 esse

261 1639 458 1720 damnatum,
483 1636 558 1721 quia
580 1658 614 1699 se
638 1637 875 1721 cognoscebant
903 1638 936 1701 in
965 1637 1075 1712 eadem
1101 1637 1377 1722 praevaricatione
1399 1637 1534 1704 damna·

260 1745 320 1825 tos,
344 1740 378 1805 in
401 1762 465 1826 qua
486 1739 641 1825 hodieque
663 1762 793 1805 manere
816 1740 1003 1824 persistunt.
1049 1739 1111 1805 Sed
1139 1740 1223 1805 sicut
1250 1740 1273 1805 ii
1296 1740 1392 1805 simili
1424 1741 1534 1807 eondi-

259 1845 348 1909 tione
372 1843 536 1907 constricti
561 1843 747 1928 complicem
770 1865 867 1910 suum
884 1864 948 1906 non
971 1846 1107 1927 possunt
1124 1843 1270 1928 judicare
1292 1865 1359 1908 non
1376 1843 1452 1927 jure
1479 1845 1534 1909 da·

260 1950 416 2029 mnatum,
446 1968 548 2030 neque
571 1947 666 2031 reid)
690 1968 778 2009 reum
801 1949 936 2030 possunt
958 1948 1177 2029 competenter
1199 1945 1384 2030 absolvere3
1407 1946 1455 2011 sic
1478 1947 1535 2011 illo

256 2051 344 2134 juste
377 2049 632 2135 praevaricatore
668 2048 819 2113 damnato
847 2049 909 2133 ipsi
936 2070 1059 2133 quoque
1087 2048 1158 2133 pari
1183 2048 1296 2133 jacent
1322 2047 1535 2115 damnatione

261 2152 430 2237 prostrati,
453 2172 562 2236 ,neque
590 2152 652 2215 nisi
682 2137 906 2237 resipiscentes
940 2150 1015 2215 inde
1048 2153 1202 2236 poterunt
1229 2172 1358 2236 prorsus
1389 2151 1534 2217 absolvi:

260 2254 336 2341 quia
357 2253 440 2319 sicut
462 2276 519 2338 per
541 2276 640 2318 unum
662 2255 855 2319 scribentem
884 2277 992 2318 eorum
1020 2253 1165 2325 omnium
1189 2253 1322 2339 vulgata
1349 2255 1534 2340 transgres-

261 2357 354 2440 sio⁹²l
378 2359 436 2441 est,
460 2357 571 2441 quiin
600 2356 744 2421 eamdem
767 2356 918 2441 perfidiae
942 2356 1123 2421 reciderant
1146 2356 1315 2439 actionem,
1340 2357 1386 2422 sic
1408 2357 1444 2422 in
1467 2380 1534 2423 uno

262 2460 444 2545 eodemque,
474 2459 527 2543 qui
550 2482 608 2543 pro
631 2460 778 2524 omnibns
801 2460 973 2544 scripserat
996 2459 1046 2524 vel
1068 2459 1237 2524 scribendo
1259 2459 1404 2523 omnium
1425 2460 1534 2544 prodi-

261 2564 352 2627 derat
374 2563 567 2646 volnntateS,
584 2563 851 2647 'transgressione
879 2563 992 2647 punita
1019 2547 1150 2647 pariter¹
1169 2584 1292 2646 quoque
1321 2584 1394 2627 cum
1420 2563 1534 2628 eodem

261 2666 368 2732 rolin
391 2665 501 2737 eodem
524 2669 572 2730 est
598 2666 787 2750 complicum
815 2665 1029 2751 transgressio
1056 2665 1169 2750 punita
1198 2667 1396 2729 cunctorum.
1441 2663 1535 2741 Quae

261 2773 369 2835 tamen
400 2769 562 2833 sententia
594 2769 629 2833 in
662 2768 817 2833 Acacium
851 2768 1028 2851 destinata,
1062 2768 1121 2832 etsi
1150 2767 1280 2833 nomine
1307 2768 1536 2833 tantummodo

261 2872 417 2957 praesulis
440 2871 618 2956 apostolici,
643 2872 732 2956 eujus
748 2875 817 2935 erat
834 2872 943 2956 utique
958 2870 1137 2955 potcstatis,
1161 2868 1353 2954 legitimefd)
1376 2871 1553 2954 probatur.

261 2998 329 3040 esse
352 2976 550 3059 deprompta,
575 2975 745 3059 praecipue
767 2996 864 3058 quum
887 2976 1008 3038 secrete
1031 2972 1198 3056 dirigenda
1220 2971 1391 3056 videretur,
1415 2994 1459 3036 na
1483 2996 1537 3039 cu·

261 3078 372 3143 stodiis
395 3078 512 3161 ubique
534 3078 711 3160 praetentis
727 3078 893 3161 dispositio
907 3076 1057 3140 salutaris
1073 3075 1268 3159 quibuslibet
1285 3074 1537 3141 difficultatibus

261 3181 415 3265 impedita
437 3179 650 3243 necessarium
673 3179 791 3243 habere
814 3202 879 3243 non
901 3181 1009 3263 posset
1024 3179 1187 3260 effectum:
1209 3179 1318 3241 tamen
1334 3176 1411 3262 quia
1424 3178 1539 3245 ottho

262 3282 350 3345 doxis
372 3282 489 3365 ubique
505 3281 636 3365 ‹lejectis
653 3285 685 3345 et
699 3282 868 3347 haereticis
890 3279 1113 3346 tarrtnmmodo
1136 3301 1306 3363 eorumque
1329 3282 1538 3348 consortibus

258 3385 326 3465 jam
350 3382 480 3466 relictis,
504 3384 538 3447 in
561 3383 694 3448 Oriente
717 3384 867 3449 catholici
895 3383 1062 3468 pontifices
1090 3385 1146 3447 aut
1167 3381 1284 3446 residui
1306 3382 1441 3447 omnino
1468 3407 1538 3451 non

263 3488 370 3550 esseut
392 3488 447 3548 aut
470 3486 590 3550 nullam
614 3490 763 3571 gererent
784 3486 978 3569 libertatem,
1002 3486 1212 3570 plurimorum
1229 3484 1264 3550 in
1279 3484 1375 3550 ltalia
1398 3487 1539 3554 catholi-

329 3746 361 3803 ⁹⁰)
381 3743 439 3795 Hoc
458 3744 500 3797 cst
517 3742 562 3809 iis,
580 3744 628 3812 qui
646 3742 789 3797 catholicis
807 3742 983 3812 pontificibus
1001 3742 1123 3814 expulsis
1140 3739 1285 3811 subrogati
1303 3741 1394 3797 erant.

329 3830 362 3891 θ’)
381 3829 423 3881 lta
441 3830 488 3893 (μς
507 3829 581 3898 vulg.
601 3828 689 3883 omitt.
709 3834 756 3883 rei.

330 3915 361 3979 m)
380 3913 453 3966 ariri
472 3919 573 3980 scripura
589 3920 806 3983 transmearem,
830 3913 1013 3968 emcndantur
1035 3931 1067 3968 ex
1092 3930 1155 3967 mss.
1191 3911 1307 3967 Aeacius
1330 3929 1384 3984 pro
1402 3916 1540 3977 omnibus

262 3997 401 4066 scripsisse
420 3998 533 4063 dicitur,
551 4017 606 4053 non
625 4000 691 4069 quia
709 3998 819 4053 nomme
838 3999 960 4053 omnium
979 3998 1132 4069 scripserit,
1150 3998 1200 4053 sed
1218 3998 1283 4066 qnia
1299 3998 1451 4068 perfidiam
1470 4002 1539 4059 seri·

262 4086 312 4153 pto
330 4085 468 4152 professus
490 4086 542 4150 cst,
564 4085 593 4138 in
612 4086 688 4155 eujus
706 4084 887 4139 damnatione
907 4084 1010 4151 cuncti,
1033 4084 1081 4154 qui
1102 4083 1162 4153 ejus
1180 4085 1321 4139 consortes
1338 4088 1448 4153 essent,
1473 4104 1539 4144 oon·

263 4168 385 4221 ‹lemnati
404 4172 589 4223 ccrrsercntur.
625 4170 689 4223 Mox
708 4171 741 4234 <2¹
761 4187 823 4224 cum
846 4169 1050 4241 exemplaribus
1073 4169 1208 4224 brevioris
1232 4171 1337 4224 somnae
1359 4172 1426 4241 post
1444 4179 1540 4242 punita

262 4264 406 4307 caracterem
430 4253 520 4307 addit:
551 4258 620 4319 Quae
642 4262 678 4309 aci
698 4262 886 4310 instructionem
909 4266 957 4309 etc.
1038 4275 1217 4324 praepropere
1239 4260 1376 4312 cenerum.
1423 4256 1539 4315 Deinde

263 4339 451 4409 prosequitur:
482 4344 550 4403 Quae
569 4353 650 4394 taruco
667 4349 794 4395 scatentia
812 4353 860 4395 etc.
879 4357 965 4408 usquc
985 4340 1020 4394 ad
1038 4341 1082 4393 fin.
1098 4345 1128 4394 n.
1150 4345 1181 4395 15
1198 4345 1334 4409 prauitatis
1352 4345 1487 4400 inmas.

331 4426 364 4492 ⁹³)
382 4422 457 4476 Ecliti
478 4431 614 4492 legitimae,
636 4430 762 4494 prodatur
838 4437 938 4481 secreto
964 4428 1003 4490 (η’
1024 4428 1159 4494 secretim).
1199 4426 1240 4481 Dc
1262 4425 1437 4496 hujusmodi,
1461 4446 1539 4498 quas

263 4526 327 4563 mox
345 4510 546 4575 memorantur,
567 4510 673 4564 insidiis
688 4511 748 4579 jam
766 4512 802 4565 ab
822 4527 894 4566 anno
911 4518 962 4567 485
979 4511 1077 4582 synodi
1094 4512 1236 4567 Romanae
1253 4512 1349 4582 patres
1367 4513 1446 4584 apud
1464 4514 1539 4571 reri-

264 4612 323 4650 cem
336 4594 415 4664 epist.
429 4595 455 4648 Il
470 4600 498 4648 ll
512 4601 560 4648 nl
573 4595 612 4649 sic
624 4597 877 4664 conquerebantur:
901 4601 931 4651 Si
947 4608 1018 4652 terra
1036 4603 1149 4667 aramque
1167 4603 1319 4653 orthodoxis
1336 4618 1386 4653 noa
1403 4619 1539 4667 poneren-

264 4693 305 4734 tur
323 4686 443 4743 insidiae,
462 4686 564 4750 piurimi
579 4702 615 4736 ex
633 4686 703 4737 aohr's
720 4703 774 4737 cum
792 4689 880 4738 eadem
897 4693 987 4739 contra
1001 4688 1121 4737 Acacium
1138 4689 1264 4738 sententia
1275 4688 1361 4738 verbe
1377 4693 1538 4753 peccarem.

265 4765 299 4818 lis
317 4772 411 4819 autem
430 4766 595 4835 rationibus,
614 4786 683 4837 qrras
702 4768 825 4837 ejusdcm
838 4768 935 4838 synodi
954 4771 1049 4839 patres
1061 4767 1174 4823 Graccis
1187 4767 1440 4839 expostulantibus,
1458 4772 1540 4841 quod

264 4849 346 4903 solius
364 4851 462 4906 Felicis
483 4852 594 4905 nomine
616 4854 727 4922 prolata
750 4856 823 4908 essct
845 4855 975 4910 adversus
993 4854 1125 4909 Acacium
1143 4852 1294 4919 sententia,
1316 4854 1344 4908 in
1367 4869 1434 4909 mox
1458 4854 1540 4913 clieta

266 4934 383 5005 epistola
400 4955 425 4991 n.
445 4944 462 4991 t
480 4937 671 5006 reddiderant,
689 4955 775 4994 noras
793 4957 865 4995 nune
883 4939 1008 4996 (talasius
1025 4938 1145 5027 adjura
