<?xml version="1.0" encoding="UTF-8"?>
<!DOCTYPE html PUBLIC "-//W3C//DTD XHTML 1.0 Transitional//EN"
    "http://www.w3.org/TR/xhtml1/DTD/xhtml1-transitional.dtd">
<html xmlns="http://www.w3.org/1999/xhtml" xml:lang="en" lang="en">
 <head>
  <title>
</title>
<meta http-equiv="Content-Type" content="text/html;charset=utf-8" />
  <meta name='ocr-system' content='tesseract 3.04.00' />
  <meta name='ocr-capabilities' content='ocr_page ocr_carea ocr_par ocr_line ocrx_word'/>
</head>
<body>
  <div class='ocr_page' id='page_1' title='image "./epistolaeromano00cousgoog/epistolaeromano00cousgoog_0432.png"; bbox 0 0 3450 5678; ppageno 0'>
   <div class='ocr_carea' id='block_1_1' title="bbox 247 312 1046 378">
    <p class='ocr_par' dir='ltr' id='par_1_1' title="bbox 247 312 1046 378">
     <span class='ocr_line' id='line_1_1' title="bbox 247 312 1046 378; baseline -0.005 0"><span class='ocrx_word' id='word_1_1' title='bbox 247 312 312 378; x_wconf 85' lang='grc'><strong>386</strong></span> <span class='ocrx_word' id='word_1_2' title='bbox 724 329 752 375; x_wconf 90' lang='lat' dir='ltr'><strong>s.</strong></span> <span class='ocrx_word' id='word_1_3' title='bbox 770 326 910 376; x_wconf 73' lang='lat' dir='ltr'><strong>annisu</strong></span> <span class='ocrx_word' id='word_1_4' title='bbox 932 326 1046 374; x_wconf 76' lang='lat' dir='ltr'><strong>erere</strong></span> 
     </span>
    </p>
   </div>
   <div class='ocr_carea' id='block_1_2' title="bbox 93 480 1518 2621">
    <p class='ocr_par' dir='ltr' id='par_1_2' title="bbox 93 480 1518 2621">
     <span class='ocr_line' id='line_1_2' title="bbox 140 480 1518 570; baseline 0.004 -25"><span class='ocrx_word' id='word_1_5' title='bbox 140 498 234 548; x_wconf 52' lang='lat' dir='ltr'><strong>amsa</strong></span> <span class='ocrx_word' id='word_1_6' title='bbox 248 506 310 568; x_wconf 92' lang='lat' dir='ltr'><strong>qua</strong></span> <span class='ocrx_word' id='word_1_7' title='bbox 332 504 389 567; x_wconf 91' lang='lat' dir='ltr'><strong>per</strong></span> <span class='ocrx_word' id='word_1_8' title='bbox 411 481 554 545; x_wconf 89' lang='lat' dir='ltr'><strong>divinam</strong></span> <span class='ocrx_word' id='word_1_9' title='bbox 576 482 715 566; x_wconf 87' lang='lat' dir='ltr'><strong>gratiam</strong></span> <span class='ocrx_word' id='word_1_10' title='bbox 743 481 827 545; x_wconf 88' lang='lat' dir='ltr'><strong>sedis</strong></span> <span class='ocrx_word' id='word_1_11' title='bbox 850 480 1042 566; x_wconf 88' lang='lat' dir='ltr'><strong>apostolicae</strong></span> <span class='ocrx_word' id='word_1_12' title='bbox 1062 480 1206 566; x_wconf 90' lang='lat' dir='ltr'><strong>regimen</strong></span> <span class='ocrx_word' id='word_1_13' title='bbox 1228 503 1289 546; x_wconf 89' lang='lat' dir='ltr'><strong>nos</strong></span> <span class='ocrx_word' id='word_1_14' title='bbox 1309 482 1420 548; x_wconf 86' lang='lat' dir='ltr'><strong>adisse</strong></span> <span class='ocrx_word' id='word_1_15' title='bbox 1441 506 1518 570; x_wconf 48' lang='lat' dir='ltr'><strong>pan*</strong></span> 
     </span>
     <span class='ocr_line' id='line_1_3' title="bbox 247 583 1518 669; baseline 0.003 -20"><span class='ocrx_word' id='word_1_16' title='bbox 247 587 375 669; x_wconf 89' lang='lat' dir='ltr'><strong>dentes,</strong></span> <span class='ocrx_word' id='word_1_17' title='bbox 404 584 664 669; x_wconf 88' lang='lat' dir='ltr'><strong>praetermissum</strong></span> <span class='ocrx_word' id='word_1_18' title='bbox 691 583 745 648; x_wconf 90' lang='lat' dir='ltr'><strong>diu</strong></span> <span class='ocrx_word' id='word_1_19' title='bbox 769 607 840 648; x_wconf 90' lang='lat' dir='ltr'><strong>oum</strong></span> <span class='ocrx_word' id='word_1_20' title='bbox 862 588 919 648; x_wconf 91' lang='lat' dir='ltr'><strong>tua</strong></span> <span class='ocrx_word' id='word_1_21' title='bbox 940 583 1143 648; x_wconf 72' lang='lat' dir='ltr'><strong>misceremus</strong></span> <span class='ocrx_word' id='word_1_22' title='bbox 1169 583 1377 649; x_wconf 70' lang='lat' dir='ltr'><strong>fraternitate</strong></span> <span class='ocrx_word' id='word_1_23' title='bbox 1400 607 1518 653; x_wconf 83' lang='lat' dir='ltr'><strong>senno</strong></span> 
     </span>
     <span class='ocr_line' id='line_1_4' title="bbox 247 685 1518 776; baseline 0.002 -22"><span class='ocrx_word' id='word_1_24' title='bbox 247 712 332 773; x_wconf 90' lang='lat' dir='ltr'><strong>nem,</strong></span> <span class='ocrx_word' id='word_1_25' title='bbox 356 691 389 752; x_wconf 92' lang='lat' dir='ltr'><strong>et</strong></span> <span class='ocrx_word' id='word_1_26' title='bbox 411 686 603 770; x_wconf 84' lang='lat' dir='ltr'><strong>salutatione</strong></span> <span class='ocrx_word' id='word_1_27' title='bbox 627 686 749 751; x_wconf 88' lang='lat' dir='ltr'><strong>directa</strong></span> <span class='ocrx_word' id='word_1_28' title='bbox 770 690 880 751; x_wconf 91' lang='lat' dir='ltr'><strong>mutua</strong></span> <span class='ocrx_word' id='word_1_29' title='bbox 903 686 1037 751; x_wconf 86' lang='lat' dir='ltr'><strong>caritate</strong></span> <span class='ocrx_word' id='word_1_30' title='bbox 1051 685 1180 751; x_wconf 75' lang='lat' dir='ltr'>solliciti</span> <span class='ocrx_word' id='word_1_31' title='bbox 1194 686 1379 753; x_wconf 73' lang='lat' dir='ltr'>dilectionis</span> <span class='ocrx_word' id='word_1_32' title='bbox 1393 710 1518 776; x_wconf 77' lang='lat' dir='ltr'><strong>qnoque</strong></span> 
     </span>
     <span class='ocr_line' id='line_1_5' title="bbox 246 788 1518 875; baseline 0.002 -18"><span class='ocrx_word' id='word_1_33' title='bbox 246 798 322 857; x_wconf 87' lang='lat' dir='ltr'><strong>tuae</strong></span> <span class='ocrx_word' id='word_1_34' title='bbox 344 812 497 875; x_wconf 87' lang='lat' dir='ltr'><strong>prospera</strong></span> <span class='ocrx_word' id='word_1_35' title='bbox 519 811 751 874; x_wconf 80' lang='lat' dir='ltr'><strong>quaereremus.</strong></span> <span class='ocrx_word' id='word_1_36' title='bbox 785 788 913 866; x_wconf 80' lang='lat' dir='ltr'><strong>Quanto</strong></span> <span class='ocrx_word' id='word_1_37' title='bbox 934 790 1019 854; x_wconf 92' lang='lat' dir='ltr'><strong>enim</strong></span> <span class='ocrx_word' id='word_1_38' title='bbox 1041 789 1141 853; x_wconf 86' lang='lat' dir='ltr'><strong>totius</strong></span> <span class='ocrx_word' id='word_1_39' title='bbox 1154 789 1246 855; x_wconf 84' lang='lat' dir='ltr'><strong>ovilis</strong></span> <span class='ocrx_word' id='word_1_40' title='bbox 1262 813 1373 856; x_wconf 82' lang='lat' dir='ltr'><strong>curam</strong></span> <span class='ocrx_word' id='word_1_41' title='bbox 1388 790 1518 859; x_wconf 70' lang='lat' dir='ltr'><strong>Christe</strong></span> 
     </span>
     <span class='ocr_line' id='line_1_6' title="bbox 246 890 1518 980; baseline 0.002 -21"><span class='ocrx_word' id='word_1_42' title='bbox 246 894 385 959; x_wconf 91' lang='lat' dir='ltr'><strong>Domino</strong></span> <span class='ocrx_word' id='word_1_43' title='bbox 407 893 576 978; x_wconf 81' lang='lat' dir='ltr'><strong>delegante</strong></span> <span class='ocrx_word' id='word_1_44' title='bbox 599 895 780 976; x_wconf 79' lang='lat' dir='ltr'><strong>susceptam</strong></span> <span class='ocrx_word' id='word_1_45' title='bbox 802 892 889 957; x_wconf 88' lang='lat' dir='ltr'><strong>beati</strong></span> <span class='ocrx_word' id='word_1_46' title='bbox 911 892 998 957; x_wconf 85' lang='lat' dir='ltr'><strong>Petri</strong></span> <span class='ocrx_word' id='word_1_47' title='bbox 1024 890 1160 976; x_wconf 81' lang='lat' dir='ltr'><strong>aposloli</strong></span> <span class='ocrx_word' id='word_1_48' title='bbox 1181 892 1377 977; x_wconf 77' lang='lat' dir='ltr'><strong>gubernatio</strong></span> <span class='ocrx_word' id='word_1_49' title='bbox 1399 895 1518 980; x_wconf 85' lang='lat' dir='ltr'><strong>prinei·</strong></span> 
     </span>
     <span class='ocr_line' id='line_1_7' title="bbox 247 994 1518 1081; baseline 0.004 -21"><span class='ocrx_word' id='word_1_50' title='bbox 247 997 328 1081; x_wconf 90' lang='lat' dir='ltr'><strong>palis</strong></span> <span class='ocrx_word' id='word_1_51' title='bbox 350 995 499 1059; x_wconf 88' lang='lat' dir='ltr'><strong>universo</strong></span> <span class='ocrx_word' id='word_1_52' title='bbox 521 996 614 1080; x_wconf 88' lang='lat' dir='ltr'><strong>gregi</strong></span> <span class='ocrx_word' id='word_1_53' title='bbox 637 994 732 1059; x_wconf 89' lang='lat' dir='ltr'><strong>debet</strong></span> <span class='ocrx_word' id='word_1_54' title='bbox 758 995 793 1059; x_wconf 92' lang='lat' dir='ltr'><strong>in</strong></span> <span class='ocrx_word' id='word_1_55' title='bbox 821 996 897 1060; x_wconf 92' lang='lat' dir='ltr'><strong>orbe</strong></span> <span class='ocrx_word' id='word_1_56' title='bbox 918 999 1090 1078; x_wconf 87' lang='lat' dir='ltr'><strong>terrarum,</strong></span> <span class='ocrx_word' id='word_1_57' title='bbox 1118 997 1211 1059; x_wconf 89' lang='lat' dir='ltr'><strong>tanto</strong></span> <span class='ocrx_word' id='word_1_58' title='bbox 1239 996 1372 1081; x_wconf 86' lang='lat' dir='ltr'><strong>pietatis</strong></span> <span class='ocrx_word' id='word_1_59' title='bbox 1401 998 1518 1065; x_wconf 63' lang='lat' dir='ltr'><strong>affecti</strong></span> 
     </span>
     <span class='ocr_line' id='line_1_8' title="bbox 247 1096 1518 1183; baseline 0.004 -21"><span class='ocrx_word' id='word_1_60' title='bbox 247 1102 380 1163; x_wconf 85' lang='lat' dir='ltr'><strong>cunctas</strong></span> <span class='ocrx_word' id='word_1_61' title='bbox 408 1099 559 1163; x_wconf 86' lang='lat' dir='ltr'><strong>ecclesias</strong></span> <span class='ocrx_word' id='word_1_62' title='bbox 587 1119 757 1183; x_wconf 89' lang='lat' dir='ltr'><strong>earumque</strong></span> <span class='ocrx_word' id='word_1_63' title='bbox 784 1102 924 1163; x_wconf 86' lang='lat' dir='ltr'><strong>rectores</strong></span> <span class='ocrx_word' id='word_1_64' title='bbox 951 1096 1171 1183; x_wconf 79' lang='lat' dir='ltr'><strong>amplectitur,</strong></span> <span class='ocrx_word' id='word_1_65' title='bbox 1200 1102 1235 1162; x_wconf 90' lang='lat' dir='ltr'><strong>et</strong></span> <span class='ocrx_word' id='word_1_66' title='bbox 1260 1099 1349 1164; x_wconf 88' lang='lat' dir='ltr'><strong>inter</strong></span> <span class='ocrx_word' id='word_1_67' title='bbox 1376 1099 1518 1167; x_wconf 81' lang='lat' dir='ltr'><strong>diversos</strong></span> 
     </span>
     <span class='ocr_line' id='line_1_9' title="bbox 246 1200 1518 1293; baseline 0.003 -27"><span class='ocrx_word' id='word_1_68' title='bbox 246 1201 357 1266; x_wconf 91' lang='lat' dir='ltr'><strong>mundi</strong></span> <span class='ocrx_word' id='word_1_69' title='bbox 379 1201 541 1285; x_wconf 85' lang='lat' dir='ltr'><strong>turbines,</strong></span> <span class='ocrx_word' id='word_1_70' title='bbox 575 1202 602 1265; x_wconf 89' lang='lat' dir='ltr'><strong>si</strong></span> <span class='ocrx_word' id='word_1_71' title='bbox 630 1205 766 1285; x_wconf 89' lang='lat' dir='ltr'><strong>paterna</strong></span> <span class='ocrx_word' id='word_1_72' title='bbox 793 1201 854 1265; x_wconf 91' lang='lat' dir='ltr'><strong>fide</strong></span> <span class='ocrx_word' id='word_1_73' title='bbox 877 1201 927 1264; x_wconf 86' lang='lat' dir='ltr'><strong>vel</strong></span> <span class='ocrx_word' id='word_1_74' title='bbox 948 1200 1120 1265; x_wconf 76' lang='lat' dir='ltr'><strong>traditione</strong></span> <span class='ocrx_word' id='word_1_75' title='bbox 1141 1200 1276 1266; x_wconf 85' lang='lat' dir='ltr'><strong>finniter</strong></span> <span class='ocrx_word' id='word_1_76' title='bbox 1296 1209 1518 1293; x_wconf 83' lang='lat' dir='ltr'><strong>perseverant,</strong></span> 
     </span>
     <span class='ocr_line' id='line_1_10' title="bbox 151 1294 1518 1391; baseline 0.004 -23"><span class='ocrx_word' id='word_1_77' title='bbox 151 1294 158 1303; x_wconf 75' lang='grc'><strong>’</strong></span> <span class='ocrx_word' id='word_1_78' title='bbox 246 1305 299 1369; x_wconf 91' lang='lat' dir='ltr'><strong>ubi</strong></span> <span class='ocrx_word' id='word_1_79' title='bbox 322 1305 461 1390; x_wconf 91' lang='lat' dir='ltr'><strong>primum</strong></span> <span class='ocrx_word' id='word_1_80' title='bbox 484 1302 622 1368; x_wconf 83' lang='lat' dir='ltr'><strong>facultas</strong></span> <span class='ocrx_word' id='word_1_81' title='bbox 644 1304 797 1388; x_wconf 87' lang='lat' dir='ltr'><strong>arriserit,</strong></span> <span class='ocrx_word' id='word_1_82' title='bbox 821 1307 854 1368; x_wconf 90' lang='lat' dir='ltr'><strong>et</strong></span> <span class='ocrx_word' id='word_1_83' title='bbox 875 1304 999 1388; x_wconf 89' lang='lat' dir='ltr'><strong>quaerit</strong></span> <span class='ocrx_word' id='word_1_84' title='bbox 1021 1303 1116 1367; x_wconf 82' lang='lat' dir='ltr'><strong>anxia</strong></span> <span class='ocrx_word' id='word_1_85' title='bbox 1144 1307 1177 1367; x_wconf 89' lang='lat' dir='ltr'><strong>et</strong></span> <span class='ocrx_word' id='word_1_86' title='bbox 1201 1304 1315 1389; x_wconf 83' lang='lat' dir='ltr'><strong>gavisa</strong></span> <span class='ocrx_word' id='word_1_87' title='bbox 1337 1307 1518 1391; x_wconf 77' lang='lat' dir='ltr'><strong>cognoscit</strong></span> 
     </span>
     <span class='ocr_line' id='line_1_11' title="bbox 93 1383 1518 1506; baseline 0.003 -35"><span class='ocrx_word' id='word_1_88' title='bbox 93 1383 234 1506; x_wconf 38' lang='lat'><strong>*23:2⁰²*</strong></span> <span class='ocrx_word' id='word_1_89' title='bbox 329 1408 360 1472; x_wconf 79' lang='lat'><strong>2.</strong></span> <span class='ocrx_word' id='word_1_90' title='bbox 398 1406 609 1492; x_wconf 80' lang='lat' dir='ltr'><strong>Quapropter,</strong></span> <span class='ocrx_word' id='word_1_91' title='bbox 633 1407 735 1471; x_wconf 88' lang='lat' dir='ltr'><strong>frater</strong></span> <span class='ocrx_word' id='word_1_92' title='bbox 756 1407 945 1490; x_wconf 76' lang='lat' dir='ltr'><strong>carrissime,</strong></span> <span class='ocrx_word' id='word_1_93' title='bbox 976 1406 1230 1471; x_wconf 81' lang='lat' dir='ltr'><strong>*instantius</strong></span> <span class='ocrx_word' id='word_1_94' title='bbox 1255 1407 1419 1493; x_wconf 87' lang='lat' dir='ltr'><strong>religiosis</strong></span> <span class='ocrx_word' id='word_1_95' title='bbox 1442 1409 1518 1475; x_wconf 78' lang='lat' dir='ltr'><strong>viris</strong></span> 
     </span>
     <span class='ocr_line' id='line_1_12' title="bbox 194 1498 1518 1607; baseline 0.001 -32"><span class='ocrx_word' id='word_1_96' title='bbox 194 1498 199 1508; x_wconf 64' lang='grc'><strong>’</strong></span> <span class='ocrx_word' id='word_1_97' title='bbox 245 1512 320 1575; x_wconf 87' lang='lat' dir='ltr'><strong>filiis</strong></span> <span class='ocrx_word' id='word_1_98' title='bbox 338 1511 456 1574; x_wconf 90' lang='lat' dir='ltr'><strong>nostris</strong></span> <span class='ocrx_word' id='word_1_99' title='bbox 471 1509 659 1594; x_wconf 85' lang='lat' dir='ltr'><strong>Euphronio</strong></span> <span class='ocrx_word' id='word_1_100' title='bbox 682 1511 868 1596; x_wconf 89' lang='lat' dir='ltr'><strong>presbytero</strong></span> <span class='ocrx_word' id='word_1_101' title='bbox 891 1507 923 1573; x_wconf 83' lang='lat' dir='ltr'><strong>et</strong></span> <span class='ocrx_word' id='word_1_102' title='bbox 937 1508 1099 1574; x_wconf 83' lang='lat' dir='ltr'><strong>Restituto</strong></span> <span class='ocrx_word' id='word_1_103' title='bbox 1121 1509 1189 1574; x_wconf 86' lang='lat' dir='ltr'><strong>viro</strong></span> <span class='ocrx_word' id='word_1_104' title='bbox 1212 1508 1374 1595; x_wconf 88' lang='lat' dir='ltr'><strong>religioso,</strong></span> <span class='ocrx_word' id='word_1_105' title='bbox 1399 1512 1456 1597; x_wconf 94' lang='lat' dir='ltr'><strong>qui</strong></span> <span class='ocrx_word' id='word_1_106' title='bbox 1479 1512 1518 1607; x_wconf 80' lang='lat' dir='ltr'><strong>ad</strong></span> 
     </span>
     <span class='ocr_line' id='line_1_13' title="bbox 246 1613 1518 1699; baseline 0.001 -20"><span class='ocrx_word' id='word_1_107' title='bbox 246 1614 360 1679; x_wconf 89' lang='lat' dir='ltr'><strong>ltaliae</strong></span> <span class='ocrx_word' id='word_1_108' title='bbox 383 1617 490 1697; x_wconf 90' lang='lat' dir='ltr'><strong>partes</strong></span> <span class='ocrx_word' id='word_1_109' title='bbox 513 1613 553 1676; x_wconf 90' lang='lat' dir='ltr'><strong>ad</strong></span> <span class='ocrx_word' id='word_1_110' title='bbox 582 1613 811 1697; x_wconf 84' lang='lat' dir='ltr'><strong>providendam</strong></span> <span class='ocrx_word' id='word_1_111' title='bbox 838 1613 1081 1698; x_wconf 86' lang='lat' dir='ltr'><strong>congregationi</strong></span> <span class='ocrx_word' id='word_1_112' title='bbox 1111 1614 1276 1699; x_wconf 79' lang='lat' dir='ltr'><strong>sanctae¹)</strong></span> <span class='ocrx_word' id='word_1_113' title='bbox 1299 1613 1518 1680; x_wconf 86' lang='lat' dir='ltr'><strong>substantiam</strong></span> 
     </span>
     <span class='ocr_line' id='line_1_14' title="bbox 247 1714 1518 1802; baseline 0 -19"><span class='ocrx_word' id='word_1_114' title='bbox 247 1719 474 1799; x_wconf 88' lang='lat' dir='ltr'><strong>commearant,</strong></span> <span class='ocrx_word' id='word_1_115' title='bbox 492 1717 709 1780; x_wconf 88' lang='lat' dir='ltr'><strong>remeantibus</strong></span> <span class='ocrx_word' id='word_1_116' title='bbox 725 1717 765 1781; x_wconf 91' lang='lat' dir='ltr'><strong>ad</strong></span> <span class='ocrx_word' id='word_1_117' title='bbox 779 1716 919 1802; x_wconf 89' lang='lat' dir='ltr'><strong>propria,</strong></span> <span class='ocrx_word' id='word_1_118' title='bbox 936 1716 1030 1781; x_wconf 91' lang='lat' dir='ltr'><strong>silere</strong></span> <span class='ocrx_word' id='word_1_119' title='bbox 1044 1716 1254 1801; x_wconf 88' lang='lat' dir='ltr'><strong>nequivimus,</strong></span> <span class='ocrx_word' id='word_1_120' title='bbox 1267 1714 1322 1780; x_wconf 87' lang='lat' dir='ltr'><strong>sed</strong></span> <span class='ocrx_word' id='word_1_121' title='bbox 1337 1717 1429 1781; x_wconf 89' lang='lat' dir='ltr'><strong>omni</strong></span> <span class='ocrx_word' id='word_1_122' title='bbox 1445 1723 1518 1795; x_wconf 76' lang='lat' dir='ltr'><strong>voto</strong></span> 
     </span>
     <span class='ocr_line' id='line_1_15' title="bbox 247 1818 1518 1905; baseline -0.001 -19"><span class='ocrx_word' id='word_1_123' title='bbox 247 1821 450 1886; x_wconf 87' lang='lat' dir='ltr'><strong>dilectionem</strong></span> <span class='ocrx_word' id='word_1_124' title='bbox 476 1823 565 1883; x_wconf 89' lang='lat' dir='ltr'><strong>tuam</strong></span> <span class='ocrx_word' id='word_1_125' title='bbox 588 1818 735 1883; x_wconf 83' lang='lat' dir='ltr'><strong>duximus</strong></span> <span class='ocrx_word' id='word_1_126' title='bbox 767 1819 1014 1884; x_wconf 87' lang='lat' dir='ltr'><strong>admonendam:</strong></span> <span class='ocrx_word' id='word_1_127' title='bbox 1047 1822 1203 1903; x_wconf 86' lang='lat' dir='ltr'><strong>quatenus</strong></span> <span class='ocrx_word' id='word_1_128' title='bbox 1231 1822 1265 1883; x_wconf 92' lang='lat' dir='ltr'><strong>et</strong></span> <span class='ocrx_word' id='word_1_129' title='bbox 1292 1819 1405 1904; x_wconf 86' lang='lat' dir='ltr'><strong>vigere</strong></span> <span class='ocrx_word' id='word_1_130' title='bbox 1432 1821 1518 1905; x_wconf 70' lang='lat' dir='ltr'><strong>apud</strong></span> 
     </span>
     <span class='ocr_line' id='line_1_16' title="bbox 126 1920 1518 2008; baseline 0 -20"><span class='ocrx_word' id='word_1_131' title='bbox 126 1994 129 2005; x_wconf 50' lang='lat'>‚</span> <span class='ocrx_word' id='word_1_132' title='bbox 247 1947 305 1988; x_wconf 89' lang='lat' dir='ltr'><strong>nos</strong></span> <span class='ocrx_word' id='word_1_133' title='bbox 327 1923 472 1987; x_wconf 87' lang='lat' dir='ltr'><strong>alternae</strong></span> <span class='ocrx_word' id='word_1_134' title='bbox 495 1923 616 1986; x_wconf 87' lang='lat' dir='ltr'><strong>viscera</strong></span> <span class='ocrx_word' id='word_1_135' title='bbox 638 1922 764 2008; x_wconf 90' lang='lat' dir='ltr'><strong>gratiae</strong></span> <span class='ocrx_word' id='word_1_136' title='bbox 786 1922 902 1986; x_wconf 88' lang='lat' dir='ltr'><strong>fratres</strong></span> <span class='ocrx_word' id='word_1_137' title='bbox 932 1926 964 1986; x_wconf 91' lang='lat' dir='ltr'><strong>et</strong></span> <span class='ocrx_word' id='word_1_138' title='bbox 987 1922 1165 2007; x_wconf 86' lang='lat' dir='ltr'><strong>coepiscopi</strong></span> <span class='ocrx_word' id='word_1_139' title='bbox 1189 1921 1290 1986; x_wconf 89' lang='lat' dir='ltr'><strong>nostri</strong></span> <span class='ocrx_word' id='word_1_140' title='bbox 1311 1943 1370 2006; x_wconf 88' lang='lat' dir='ltr'><strong>per</strong></span> <span class='ocrx_word' id='word_1_141' title='bbox 1393 1920 1518 1989; x_wconf 75' lang='lat' dir='ltr'><strong>Gallias</strong></span> 
     </span>
     <span class='ocr_line' id='line_1_17' title="bbox 247 2023 1518 2111; baseline 0.002 -22"><span class='ocrx_word' id='word_1_142' title='bbox 247 2025 412 2089; x_wconf 90' lang='lat' dir='ltr'><strong>constituti</strong></span> <span class='ocrx_word' id='word_1_143' title='bbox 456 2024 590 2087; x_wconf 86' lang='lat' dir='ltr'><strong>caritate</strong></span> <span class='ocrx_word' id='word_1_144' title='bbox 623 2028 679 2087; x_wconf 90' lang='lat' dir='ltr'><strong>tua</strong></span> <span class='ocrx_word' id='word_1_145' title='bbox 712 2027 867 2111; x_wconf 85' lang='lat' dir='ltr'><strong>vulgante</strong></span> <span class='ocrx_word' id='word_1_146' title='bbox 896 2028 1142 2110; x_wconf 82' lang='lat' dir='ltr'><strong>cognoscerent,</strong></span> <span class='ocrx_word' id='word_1_147' title='bbox 1187 2028 1220 2089; x_wconf 91' lang='lat' dir='ltr'><strong>et</strong></span> <span class='ocrx_word' id='word_1_148' title='bbox 1258 2023 1518 2091; x_wconf 83' lang='lat' dir='ltr'><strong>desiderantibus</strong></span> 
     </span>
     <span class='ocr_line' id='line_1_18' title="bbox 246 2126 1518 2215; baseline 0.003 -24"><span class='ocrx_word' id='word_1_149' title='bbox 246 2127 404 2207; x_wconf 90' lang='lat' dir='ltr'><strong>omnium,</strong></span> <span class='ocrx_word' id='word_1_150' title='bbox 427 2147 485 2210; x_wconf 92' lang='lat' dir='ltr'><strong>per</strong></span> <span class='ocrx_word' id='word_1_151' title='bbox 507 2149 585 2210; x_wconf 86' lang='lat' dir='ltr'><strong>quoa</strong></span> <span class='ocrx_word' id='word_1_152' title='bbox 606 2130 663 2191; x_wconf 90' lang='lat' dir='ltr'><strong>tua</strong></span> <span class='ocrx_word' id='word_1_153' title='bbox 686 2129 803 2191; x_wconf 85' lang='lat' dir='ltr'><strong>caritas</strong></span> <span class='ocrx_word' id='word_1_154' title='bbox 825 2128 991 2210; x_wconf 88' lang='lat' dir='ltr'><strong>voluisset,</strong></span> <span class='ocrx_word' id='word_1_155' title='bbox 1021 2126 1155 2191; x_wconf 88' lang='lat' dir='ltr'><strong>referret</strong></span> <span class='ocrx_word' id='word_1_156' title='bbox 1182 2130 1292 2191; x_wconf 88' lang='lat' dir='ltr'><strong>mutuo</strong></span> <span class='ocrx_word' id='word_1_157' title='bbox 1314 2128 1518 2215; x_wconf 79' lang='lat' dir='ltr'><strong>sospitatem,</strong></span> 
     </span>
     <span class='ocr_line' id='line_1_19' title="bbox 248 2228 1518 2316; baseline 0.003 -22"><span class='ocrx_word' id='word_1_158' title='bbox 248 2231 470 2313; x_wconf 89' lang='lat' dir='ltr'><strong>constaretque</strong></span> <span class='ocrx_word' id='word_1_159' title='bbox 508 2228 691 2293; x_wconf 90' lang='lat' dir='ltr'><strong>nullatenus</strong></span> <span class='ocrx_word' id='word_1_160' title='bbox 729 2230 965 2315; x_wconf 88' lang='lat' dir='ltr'><strong>quantumlibet</strong></span> <span class='ocrx_word' id='word_1_161' title='bbox 1002 2229 1129 2307; x_wconf 82' lang='lat' dir='ltr'><strong>saeculo</strong></span> <span class='ocrx_word' id='word_1_162' title='bbox 1167 2228 1357 2294; x_wconf 81' lang='lat' dir='ltr'><strong>detrahente</strong></span> <span class='ocrx_word' id='word_1_163' title='bbox 1396 2229 1518 2316; x_wconf 83' lang='lat' dir='ltr'><strong>divelli,</strong></span> 
     </span>
     <span class='ocr_line' id='line_1_20' title="bbox 247 2330 1518 2418; baseline 0.003 -21"><span class='ocrx_word' id='word_1_164' title='bbox 247 2332 334 2417; x_wconf 78' lang='lat' dir='ltr'><strong>sed²)</strong></span> <span class='ocrx_word' id='word_1_165' title='bbox 363 2330 554 2395; x_wconf 87' lang='lat' dir='ltr'><strong>catholicam</strong></span> <span class='ocrx_word' id='word_1_166' title='bbox 583 2334 813 2415; x_wconf 87' lang='lat' dir='ltr'><strong>professionem</strong></span> <span class='ocrx_word' id='word_1_167' title='bbox 839 2355 969 2397; x_wconf 87' lang='lat' dir='ltr'><strong>manere</strong></span> <span class='ocrx_word' id='word_1_168' title='bbox 997 2353 1123 2418; x_wconf 90' lang='lat' dir='ltr'><strong>semper</strong></span> <span class='ocrx_word' id='word_1_169' title='bbox 1149 2332 1267 2418; x_wconf 91' lang='lat' dir='ltr'><strong>ubique</strong></span> <span class='ocrx_word' id='word_1_170' title='bbox 1294 2330 1518 2417; x_wconf 74' lang='lat' dir='ltr'><strong>conjunctam.</strong></span> 
     </span>
     <span class='ocr_line' id='line_1_21' title="bbox 246 2433 1518 2520; baseline 0.004 -22"><span class='ocrx_word' id='word_1_171' title='bbox 246 2435 403 2498; x_wconf 90' lang='lat' dir='ltr'><strong>Dominus</strong></span> <span class='ocrx_word' id='word_1_172' title='bbox 425 2437 458 2497; x_wconf 92' lang='lat' dir='ltr'><strong>te</strong></span> <span class='ocrx_word' id='word_1_173' title='bbox 479 2434 670 2499; x_wconf 88' lang='lat' dir='ltr'><strong>incolumem</strong></span> <span class='ocrx_word' id='word_1_174' title='bbox 694 2438 863 2520; x_wconf 88' lang='lat' dir='ltr'><strong>custodiat,</strong></span> <span class='ocrx_word' id='word_1_175' title='bbox 887 2435 988 2499; x_wconf 84' lang='lat' dir='ltr'><strong>frater</strong></span> <span class='ocrx_word' id='word_1_176' title='bbox 1003 2435 1182 2500; x_wconf 80' lang='lat' dir='ltr'><strong>carissime!</strong></span> <span class='ocrx_word' id='word_1_177' title='bbox 1210 2434 1296 2499; x_wconf 90' lang='lat' dir='ltr'><strong>Data</strong></span> <span class='ocrx_word' id='word_1_178' title='bbox 1311 2433 1342 2499; x_wconf 85' lang='lat' dir='ltr'>X</span> <span class='ocrx_word' id='word_1_179' title='bbox 1356 2433 1518 2503; x_wconf 81' lang='lat' dir='ltr'><strong>Calendru</strong></span> 
     </span>
     <span class='ocr_line' id='line_1_22' title="bbox 246 2537 1370 2621; baseline 0.003 -19"><span class='ocrx_word' id='word_1_180' title='bbox 246 2537 453 2621; x_wconf 83' lang='lat' dir='ltr'><strong>Septembris,</strong></span> <span class='ocrx_word' id='word_1_181' title='bbox 477 2537 606 2601; x_wconf 86' lang='lat' dir='ltr'><strong>Asterie</strong></span> <span class='ocrx_word' id='word_1_182' title='bbox 629 2543 661 2602; x_wconf 90' lang='lat' dir='ltr'><strong>et</strong></span> <span class='ocrx_word' id='word_1_183' title='bbox 683 2539 846 2605; x_wconf 87' lang='lat' dir='ltr'><strong>Praesidio</strong></span> <span class='ocrx_word' id='word_1_184' title='bbox 868 2539 945 2603; x_wconf 87' lang='lat' dir='ltr'><strong>viris</strong></span> <span class='ocrx_word' id='word_1_185' title='bbox 968 2537 1153 2604; x_wconf 89' lang='lat' dir='ltr'><strong>clarissimis</strong></span> <span class='ocrx_word' id='word_1_186' title='bbox 1176 2537 1370 2604; x_wconf 87' lang='lat' dir='ltr'><strong>oonsulibus.</strong></span> 
     </span>
    </p>
   </div>
   <div class='ocr_carea' id='block_1_3' title="bbox 747 2727 1013 2833">
    <p class='ocr_par' dir='ltr' id='par_1_3' title="bbox 747 2727 1013 2833">
     <span class='ocr_line' id='line_1_23' title="bbox 747 2727 1013 2833; baseline -0.004 -22"><span class='ocrx_word' id='word_1_187' title='bbox 747 2727 929 2833; x_wconf 80' lang='lat' dir='ltr'><strong>Epistola</strong></span> <span class='ocrx_word' id='word_1_188' title='bbox 954 2728 1013 2810; x_wconf 85' lang='grc'><strong>20.</strong></span> 
     </span>
    </p>
   </div>
   <div class='ocr_carea' id='block_1_4' title="bbox 131 2866 1412 2985">
    <p class='ocr_par' dir='ltr' id='par_1_4' title="bbox 131 2866 1412 2985">
     <span class='ocr_line' id='line_1_24' title="bbox 131 2866 1412 2985; baseline 0.003 -39"><span class='ocrx_word' id='word_1_189' title='bbox 131 2866 234 2985; x_wconf 46' lang='grc' dir='ltr'><strong>(ᾗῇξ)</strong></span> <span class='ocrx_word' id='word_1_190' title='bbox 353 2878 488 2950; x_wconf 79' lang='lat' dir='ltr'><strong>(lelasli</strong></span> <span class='ocrx_word' id='word_1_191' title='bbox 511 2899 621 2966; x_wconf 90' lang='lat' dir='ltr'><strong>papae</strong></span> <span class='ocrx_word' id='word_1_192' title='bbox 644 2881 688 2948; x_wconf 90' lang='lat' dir='ltr'><strong>ad</strong></span> <span class='ocrx_word' id='word_1_193' title='bbox 711 2881 963 2967; x_wconf 67' lang='lat' dir='ltr'><strong>Martyrium)</strong></span> <span class='ocrx_word' id='word_1_194' title='bbox 986 2883 1025 2946; x_wconf 89' lang='lat' dir='ltr'><strong>et</strong></span> <span class='ocrx_word' id='word_1_195' title='bbox 1046 2877 1192 2947; x_wconf 88' lang='lat' dir='ltr'><strong>Justum</strong></span> <span class='ocrx_word' id='word_1_196' title='bbox 1215 2881 1412 2966; x_wconf 81' lang='lat' dir='ltr'><strong>episcopos.</strong></span> 
     </span>
    </p>
   </div>
   <div class='ocr_carea' id='block_1_5' title="bbox 280 3023 1491 3257">
    <p class='ocr_par' dir='ltr' id='par_1_5' title="bbox 280 3023 1491 3257">
     <span class='ocr_line' id='line_1_25' title="bbox 282 3023 1489 3087; baseline 0.002 -15"><span class='ocrx_word' id='word_1_197' title='bbox 282 3024 402 3074; x_wconf 78' lang='lat' dir='ltr'><strong>Homines</strong></span> <span class='ocrx_word' id='word_1_198' title='bbox 413 3025 550 3074; x_wconf 83' lang='lat' dir='ltr'><strong>Amundini</strong></span> <span class='ocrx_word' id='word_1_199' title='bbox 566 3025 697 3087; x_wconf 76' lang='lat' dir='ltr'><strong>cujroedonr</strong></span> <span class='ocrx_word' id='word_1_200' title='bbox 715 3026 765 3072; x_wconf 81' lang='lat' dir='ltr'><strong>oiri</strong></span> <span class='ocrx_word' id='word_1_201' title='bbox 784 3023 888 3072; x_wconf 82' lang='lat' dir='ltr'><strong>illustris</strong></span> <span class='ocrx_word' id='word_1_202' title='bbox 900 3023 976 3072; x_wconf 80' lang='lat' dir='ltr'><strong>inuito</strong></span> <span class='ocrx_word' id='word_1_203' title='bbox 994 3023 1093 3072; x_wconf 82' lang='lat' dir='ltr'><strong>domino</strong></span> <span class='ocrx_word' id='word_1_204' title='bbox 1111 3024 1217 3072; x_wconf 76' lang='lat' dir='ltr'><strong>clericos</strong></span> <span class='ocrx_word' id='word_1_205' title='bbox 1234 3023 1370 3073; x_wconf 76' lang='lat' dir='ltr'><strong>ordinatos</strong></span> <span class='ocrx_word' id='word_1_206' title='bbox 1389 3026 1428 3074; x_wconf 79' lang='lat' dir='ltr'><strong>tta</strong></span> <span class='ocrx_word' id='word_1_207' title='bbox 1444 3041 1489 3076; x_wconf 80' lang='lat' dir='ltr'><strong>re·</strong></span> 
     </span>
     <span class='ocr_line' id='line_1_26' title="bbox 280 3108 1491 3174; baseline 0.004 -17"><span class='ocrx_word' id='word_1_208' title='bbox 280 3111 350 3158; x_wconf 79' lang='lat' dir='ltr'><strong>stilai</strong></span> <span class='ocrx_word' id='word_1_209' title='bbox 367 3110 425 3166; x_wconf 85' lang='lat' dir='ltr'><strong>vult,</strong></span> <span class='ocrx_word' id='word_1_210' title='bbox 444 3114 471 3157; x_wconf 81' lang='lat' dir='ltr'><strong>ut</strong></span> <span class='ocrx_word' id='word_1_211' title='bbox 489 3117 570 3158; x_wconf 84' lang='lat' dir='ltr'><strong>tomen</strong></span> <span class='ocrx_word' id='word_1_212' title='bbox 582 3108 730 3174; x_wconf 68' lang='lat' dir='ltr'><strong>presbyteri</strong></span> <span class='ocrx_word' id='word_1_213' title='bbox 739 3109 839 3172; x_wconf 84' lang='lat' dir='ltr'><strong>peculio</strong></span> <span class='ocrx_word' id='word_1_214' title='bbox 851 3108 942 3158; x_wconf 78' lang='lat' dir='ltr'><strong>amireo</strong></span> <span class='ocrx_word' id='word_1_215' title='bbox 955 3109 980 3156; x_wconf 84' lang='lat' dir='ltr'><strong>in</strong></span> <span class='ocrx_word' id='word_1_216' title='bbox 993 3108 1079 3157; x_wconf 82' lang='lat' dir='ltr'><strong>eodem</strong></span> <span class='ocrx_word' id='word_1_217' title='bbox 1089 3108 1173 3172; x_wconf 79' lang='lat' dir='ltr'><strong>produ</strong></span> <span class='ocrx_word' id='word_1_218' title='bbox 1184 3116 1361 3173; x_wconf 71' lang='lat' dir='ltr'><strong>permaneant,</strong></span> <span class='ocrx_word' id='word_1_219' title='bbox 1383 3111 1491 3162; x_wconf 62' lang='lat' dir='ltr'><strong>&amp;neoni</strong></span> 
     </span>
     <span class='ocr_line' id='line_1_27' title="bbox 567 3194 1193 3257; baseline 0.003 -14"><span class='ocrx_word' id='word_1_220' title='bbox 567 3200 611 3243; x_wconf 86' lang='lat' dir='ltr'><strong>aut</strong></span> <span class='ocrx_word' id='word_1_221' title='bbox 628 3195 746 3243; x_wconf 79' lang='lat' dir='ltr'><strong>olearium</strong></span> <span class='ocrx_word' id='word_1_222' title='bbox 764 3198 898 3257; x_wconf 76' lang='lat' dir='ltr'><strong>praestent</strong></span> <span class='ocrx_word' id='word_1_223' title='bbox 915 3198 959 3241; x_wconf 84' lang='lat' dir='ltr'><strong>aut</strong></span> <span class='ocrx_word' id='word_1_224' title='bbox 976 3194 1027 3256; x_wconf 85' lang='lat' dir='ltr'><strong>ipsi</strong></span> <span class='ocrx_word' id='word_1_225' title='bbox 1044 3194 1193 3245; x_wconf 81' lang='lat' dir='ltr'><strong>reddantur.</strong></span> 
     </span>
    </p>
   </div>
   <div class='ocr_carea' id='block_1_6' title="bbox 247 3325 1518 3740">
    <p class='ocr_par' dir='ltr' id='par_1_6' title="bbox 247 3325 1518 3740">
     <span class='ocr_line' id='line_1_28' title="bbox 399 3325 1230 3412; baseline 0 -21"><span class='ocrx_word' id='word_1_226' title='bbox 399 3327 585 3391; x_wconf 77' lang='lat' dir='ltr'><strong>Gelenius</strong></span> <span class='ocrx_word' id='word_1_227' title='bbox 608 3326 800 3412; x_wconf 88' lang='lat' dir='ltr'><strong>Martyrio</strong></span> <span class='ocrx_word' id='word_1_228' title='bbox 823 3331 861 3392; x_wconf 89' lang='lat' dir='ltr'><strong>et</strong></span> <span class='ocrx_word' id='word_1_229' title='bbox 881 3325 998 3392; x_wconf 85' lang='lat' dir='ltr'><strong>Justo</strong></span> <span class='ocrx_word' id='word_1_230' title='bbox 1021 3327 1230 3412; x_wconf 86' lang='lat' dir='ltr'><strong>episeopis.</strong></span> 
     </span>
     <span class='ocr_line' id='line_1_29' title="bbox 331 3444 1518 3533; baseline 0.008 -26"><span class='ocrx_word' id='word_1_231' title='bbox 331 3444 407 3526; x_wconf 58' lang='lat' dir='ltr'><strong>Est)</strong></span> <span class='ocrx_word' id='word_1_232' title='bbox 441 3447 581 3529; x_wconf 91' lang='lat' dir='ltr'><strong>antiquis</strong></span> <span class='ocrx_word' id='word_1_233' title='bbox 618 3446 737 3532; x_wconf 89' lang='lat' dir='ltr'><strong>regulis</strong></span> <span class='ocrx_word' id='word_1_234' title='bbox 770 3451 802 3515; x_wconf 87' lang='lat' dir='ltr'><strong>et</strong></span> <span class='ocrx_word' id='word_1_235' title='bbox 834 3447 960 3512; x_wconf 91' lang='lat' dir='ltr'><strong>novella</strong></span> <span class='ocrx_word' id='word_1_236' title='bbox 993 3446 1137 3533; x_wconf 86' lang='lat' dir='ltr'><strong>synodali</strong></span> <span class='ocrx_word' id='word_1_237' title='bbox 1170 3445 1402 3532; x_wconf 80' lang='lat' dir='ltr'><strong>explanatione</strong></span> <span class='ocrx_word' id='word_1_238' title='bbox 1416 3486 1421 3493; x_wconf 96' lang='lat'>·</span> <span class='ocrx_word' id='word_1_239' title='bbox 1436 3472 1518 3517; x_wconf 88' lang='lat' dir='ltr'><strong>oom-</strong></span> 
     </span>
     <span class='ocr_line' id='line_1_30' title="bbox 247 3546 1518 3636; baseline 0.01 -28"><span class='ocrx_word' id='word_1_240' title='bbox 247 3546 437 3628; x_wconf 87' lang='lat' dir='ltr'><strong>prehensum</strong></span> <span class='ocrx_word' id='word_1_241' title='bbox 467 3552 531 3629; x_wconf 85' lang='lat' dir='ltr'><strong>est,</strong></span> <span class='ocrx_word' id='word_1_242' title='bbox 560 3550 746 3634; x_wconf 77' lang='lat' dir='ltr'><strong>personas3)</strong></span> <span class='ocrx_word' id='word_1_243' title='bbox 775 3550 930 3614; x_wconf 81' lang='lat' dir='ltr'><strong>obnoxias</strong></span> <span class='ocrx_word' id='word_1_244' title='bbox 958 3549 1104 3615; x_wconf 85' lang='lat' dir='ltr'><strong>eoelestis</strong></span> <span class='ocrx_word' id='word_1_245' title='bbox 1132 3549 1266 3615; x_wconf 86' lang='lat' dir='ltr'><strong>militiae</strong></span> <span class='ocrx_word' id='word_1_246' title='bbox 1294 3549 1430 3636; x_wconf 87' lang='lat' dir='ltr'><strong>cingulo</strong></span> <span class='ocrx_word' id='word_1_247' title='bbox 1451 3576 1518 3620; x_wconf 89' lang='lat' dir='ltr'><strong>non</strong></span> 
     </span>
     <span class='ocr_line' id='line_1_31' title="bbox 247 3649 1517 3740; baseline 0.009 -30"><span class='ocrx_word' id='word_1_248' title='bbox 247 3649 422 3732; x_wconf 87' lang='lat' dir='ltr'><strong>praecingi.</strong></span> <span class='ocrx_word' id='word_1_249' title='bbox 474 3649 535 3714; x_wconf 74' lang='lat' dir='ltr'><strong>b&#39;ed</strong></span> <span class='ocrx_word' id='word_1_250' title='bbox 563 3653 687 3733; x_wconf 85' lang='lat' dir='ltr'><strong>nescio,</strong></span> <span class='ocrx_word' id='word_1_251' title='bbox 718 3657 824 3716; x_wconf 89' lang='lat' dir='ltr'><strong>utrum</strong></span> <span class='ocrx_word' id='word_1_252' title='bbox 853 3653 1039 3736; x_wconf 83' lang='lat' dir='ltr'><strong>ignorantia</strong></span> <span class='ocrx_word' id='word_1_253' title='bbox 1061 3674 1104 3717; x_wconf 92' lang='lat' dir='ltr'><strong>an</strong></span> <span class='ocrx_word' id='word_1_254' title='bbox 1136 3653 1302 3719; x_wconf 84' lang='lat' dir='ltr'><strong>voluntate</strong></span> <span class='ocrx_word' id='word_1_255' title='bbox 1329 3656 1517 3740; x_wconf 87' lang='lat' dir='ltr'><strong>rapiamini,</strong></span> 
     </span>
    </p>
   </div>
   <div class='ocr_carea' id='block_1_7' title="bbox 241 3888 1518 4990">
    <p class='ocr_par' dir='ltr' id='par_1_7' title="bbox 243 3888 1518 4116">
     <span class='ocr_line' id='line_1_32' title="bbox 315 3888 1518 3968; baseline 0.009 -28"><span class='ocrx_word' id='word_1_256' title='bbox 315 3893 333 3956; x_wconf 82' lang='lat'><strong>¹)</strong></span> <span class='ocrx_word' id='word_1_257' title='bbox 352 3888 406 3941; x_wconf 87' lang='lat' dir='ltr'><strong>Seu</strong></span> <span class='ocrx_word' id='word_1_258' title='bbox 418 3890 587 3945; x_wconf 86' lang='lat' dir='ltr'><strong>monasterio</strong></span> <span class='ocrx_word' id='word_1_259' title='bbox 599 3890 627 3944; x_wconf 93' lang='lat' dir='ltr'><strong>in</strong></span> <span class='ocrx_word' id='word_1_260' title='bbox 640 3891 721 3946; x_wconf 90' lang='lat' dir='ltr'><strong>ltalia</strong></span> <span class='ocrx_word' id='word_1_261' title='bbox 733 3909 766 3946; x_wconf 90' lang='lat' dir='ltr'><strong>ae</strong></span> <span class='ocrx_word' id='word_1_262' title='bbox 778 3893 850 3946; x_wconf 89' lang='lat' dir='ltr'><strong>forte</strong></span> <span class='ocrx_word' id='word_1_263' title='bbox 864 3893 969 3947; x_wconf 84' lang='lat' dir='ltr'><strong>ftomae</strong></span> <span class='ocrx_word' id='word_1_264' title='bbox 981 3893 1046 3960; x_wconf 86' lang='lat' dir='ltr'><strong>sito,</strong></span> <span class='ocrx_word' id='word_1_265' title='bbox 1064 3893 1108 3947; x_wconf 90' lang='lat' dir='ltr'><strong>cui</strong></span> <span class='ocrx_word' id='word_1_266' title='bbox 1120 3892 1300 3949; x_wconf 86' lang='lat' dir='ltr'><strong>subsidiarias</strong></span> <span class='ocrx_word' id='word_1_267' title='bbox 1310 3908 1381 3964; x_wconf 82' lang='lat' dir='ltr'><strong>opes</strong></span> <span class='ocrx_word' id='word_1_268' title='bbox 1391 3893 1518 3968; x_wconf 71' lang='lat' dir='ltr'><strong>Eupho</strong></span> 
     </span>
     <span class='ocr_line' id='line_1_33' title="bbox 243 3972 1518 4050; baseline 0.011 -25"><span class='ocrx_word' id='word_1_269' title='bbox 243 3972 305 4026; x_wconf 89' lang='lat' dir='ltr'><strong>nius</strong></span> <span class='ocrx_word' id='word_1_270' title='bbox 323 3979 352 4027; x_wconf 90' lang='lat' dir='ltr'><strong>et</strong></span> <span class='ocrx_word' id='word_1_271' title='bbox 364 3974 516 4029; x_wconf 82' lang='lat' dir='ltr'><strong>Restitutus</strong></span> <span class='ocrx_word' id='word_1_272' title='bbox 529 3977 602 4031; x_wconf 86' lang='lat' dir='ltr'><strong>circa</strong></span> <span class='ocrx_word' id='word_1_273' title='bbox 620 3977 688 4030; x_wconf 91' lang='lat' dir='ltr'><strong>illud</strong></span> <span class='ocrx_word' id='word_1_274' title='bbox 706 3981 817 4048; x_wconf 87' lang='lat' dir='ltr'><strong>tempus</strong></span> <span class='ocrx_word' id='word_1_275' title='bbox 835 3978 1026 4047; x_wconf 87' lang='lat' dir='ltr'><strong>providerunt,</strong></span> <span class='ocrx_word' id='word_1_276' title='bbox 1046 3997 1100 4048; x_wconf 88' lang='lat' dir='ltr'><strong>quo</strong></span> <span class='ocrx_word' id='word_1_277' title='bbox 1113 3979 1233 4034; x_wconf 80' lang='lat' dir='ltr'><strong>Aeonius</strong></span> <span class='ocrx_word' id='word_1_278' title='bbox 1250 3979 1310 4050; x_wconf 87' lang='lat' dir='ltr'><strong>ipse</strong></span> <span class='ocrx_word' id='word_1_279' title='bbox 1322 3979 1359 4034; x_wconf 86' lang='lat' dir='ltr'><strong>ad</strong></span> <span class='ocrx_word' id='word_1_280' title='bbox 1372 3980 1518 4038; x_wconf 75' lang='lat' dir='ltr'><strong>Gelasium</strong></span> 
     </span>
     <span class='ocr_line' id='line_1_34' title="bbox 244 4059 643 4116; baseline 0.013 -5"><span class='ocrx_word' id='word_1_281' title='bbox 244 4059 333 4112; x_wconf 91' lang='lat' dir='ltr'><strong>simile</strong></span> <span class='ocrx_word' id='word_1_282' title='bbox 350 4060 504 4114; x_wconf 90' lang='lat' dir='ltr'><strong>subsidium</strong></span> <span class='ocrx_word' id='word_1_283' title='bbox 523 4062 643 4116; x_wconf 89' lang='lat' dir='ltr'><strong>miserat.</strong></span> 
     </span>
    </p>

    <p class='ocr_par' dir='ltr' id='par_1_8' title="bbox 244 4143 1518 4304">
     <span class='ocr_line' id='line_1_35' title="bbox 311 4143 1518 4223; baseline 0.008 -24"><span class='ocrx_word' id='word_1_284' title='bbox 311 4149 333 4216; x_wconf 81' lang='lat'><strong>²)</strong></span> <span class='ocrx_word' id='word_1_285' title='bbox 351 4146 381 4199; x_wconf 82' lang='lat' dir='ltr'><strong>b&#39;</strong></span> <span class='ocrx_word' id='word_1_286' title='bbox 400 4153 462 4201; x_wconf 82' lang='lat' dir='ltr'><strong>sede</strong></span> <span class='ocrx_word' id='word_1_287' title='bbox 479 4143 639 4215; x_wconf 79' lang='lat' dir='ltr'><strong>eathbltcum,</strong></span> <span class='ocrx_word' id='word_1_288' title='bbox 658 4148 814 4202; x_wconf 88' lang='lat' dir='ltr'><strong>mallemus:</strong></span> <span class='ocrx_word' id='word_1_289' title='bbox 838 4154 887 4203; x_wconf 80' lang='lat' dir='ltr'><strong>sed</strong></span> <span class='ocrx_word' id='word_1_290' title='bbox 902 4153 1027 4204; x_wconf 78' lang='lat' dir='ltr'><strong>catholica</strong></span> <span class='ocrx_word' id='word_1_291' title='bbox 1042 4156 1205 4219; x_wconf 72' lang='lat' dir='ltr'><strong>professione</strong></span> <span class='ocrx_word' id='word_1_292' title='bbox 1223 4170 1326 4205; x_wconf 79' lang='lat' dir='ltr'><strong>mnam</strong></span> <span class='ocrx_word' id='word_1_293' title='bbox 1342 4170 1449 4223; x_wconf 72' lang='lat' dir='ltr'><strong>smper</strong></span> <span class='ocrx_word' id='word_1_294' title='bbox 1464 4156 1518 4209; x_wconf 64' lang='lat' dir='ltr'><strong>aa</strong></span> 
     </span>
     <span class='ocr_line' id='line_1_36' title="bbox 244 4233 1235 4304; baseline 0.007 -22"><span class='ocrx_word' id='word_1_295' title='bbox 244 4252 290 4300; x_wconf 82' lang='lat' dir='ltr'><strong>que</strong></span> <span class='ocrx_word' id='word_1_296' title='bbox 309 4238 470 4300; x_wconf 72' lang='lat' dir='ltr'><strong>ronjrrncloa,</strong></span> <span class='ocrx_word' id='word_1_297' title='bbox 491 4233 533 4287; x_wconf 86' lang='lat' dir='ltr'><strong>vel</strong></span> <span class='ocrx_word' id='word_1_298' title='bbox 552 4239 726 4301; x_wconf 76' lang='lat' dir='ltr'><strong>conjunctum,</strong></span> <span class='ocrx_word' id='word_1_299' title='bbox 744 4233 798 4287; x_wconf 84' lang='lat' dir='ltr'><strong>hoc</strong></span> <span class='ocrx_word' id='word_1_300' title='bbox 815 4235 900 4288; x_wconf 83' lang='lat' dir='ltr'><strong>verbo</strong></span> <span class='ocrx_word' id='word_1_301' title='bbox 919 4235 955 4289; x_wconf 81' lang='lat' dir='ltr'><strong>ad</strong></span> <span class='ocrx_word' id='word_1_302' title='bbox 973 4243 1121 4304; x_wconf 73' lang='lat' dir='ltr'><strong>sospitatem</strong></span> <span class='ocrx_word' id='word_1_303' title='bbox 1138 4234 1235 4291; x_wconf 80' lang='lat' dir='ltr'><strong>relato.</strong></span> 
     </span>
    </p>

    <p class='ocr_par' dir='ltr' id='par_1_9' title="bbox 243 4317 1518 4474">
     <span class='ocr_line' id='line_1_37' title="bbox 313 4317 1518 4394; baseline 0.007 -24"><span class='ocrx_word' id='word_1_304' title='bbox 313 4320 331 4386; x_wconf 79' lang='lat'><strong>¹)</strong></span> <span class='ocrx_word' id='word_1_305' title='bbox 351 4317 424 4371; x_wconf 83' lang='lat' dir='ltr'><strong>luter</strong></span> <span class='ocrx_word' id='word_1_306' title='bbox 447 4319 603 4388; x_wconf 83' lang='lat' dir='ltr'><strong>episcopos,</strong></span> <span class='ocrx_word' id='word_1_307' title='bbox 628 4319 675 4386; x_wconf 86' lang='lat' dir='ltr'><strong>qui</strong></span> <span class='ocrx_word' id='word_1_308' title='bbox 697 4319 870 4373; x_wconf 85' lang='lat' dir='ltr'><strong>ltomanael</strong></span> <span class='ocrx_word' id='word_1_309' title='bbox 892 4319 998 4389; x_wconf 86' lang='lat' dir='ltr'><strong>syuodo</strong></span> <span class='ocrx_word' id='word_1_310' title='bbox 1020 4321 1071 4375; x_wconf 92' lang='lat' dir='ltr'><strong>sub</strong></span> <span class='ocrx_word' id='word_1_311' title='bbox 1094 4319 1261 4391; x_wconf 81' lang='lat' dir='ltr'><strong>Symmacho</strong></span> <span class='ocrx_word' id='word_1_312' title='bbox 1281 4320 1518 4394; x_wconf 70' lang='lat' dir='ltr'><strong>aameripoemt,</strong></span> 
     </span>
     <span class='ocr_line' id='line_1_38' title="bbox 243 4401 1420 4474; baseline 0.008 -20"><span class='ocrx_word' id='word_1_313' title='bbox 243 4401 406 4471; x_wconf 82' lang='lat' dir='ltr'><strong>Martyrium</strong></span> <span class='ocrx_word' id='word_1_314' title='bbox 425 4405 455 4457; x_wconf 90' lang='lat' dir='ltr'><strong>et</strong></span> <span class='ocrx_word' id='word_1_315' title='bbox 471 4403 581 4457; x_wconf 81' lang='lat' dir='ltr'><strong>lustum</strong></span> <span class='ocrx_word' id='word_1_316' title='bbox 599 4404 729 4471; x_wconf 87' lang='lat' dir='ltr'><strong>legimus,</strong></span> <span class='ocrx_word' id='word_1_317' title='bbox 747 4404 820 4459; x_wconf 90' lang='lat' dir='ltr'><strong>huno</strong></span> <span class='ocrx_word' id='word_1_318' title='bbox 837 4405 1068 4474; x_wconf 68' lang='lat' dir='ltr'><strong>acherontinum,</strong></span> <span class='ocrx_word' id='word_1_319' title='bbox 1086 4406 1162 4461; x_wconf 92' lang='lat' dir='ltr'><strong>illum</strong></span> <span class='ocrx_word' id='word_1_320' title='bbox 1181 4406 1420 4463; x_wconf 83' lang='lat' dir='ltr'><strong>Terracinensem.</strong></span> 
     </span>
    </p>

    <p class='ocr_par' dir='ltr' id='par_1_10' title="bbox 311 4488 574 4556">
     <span class='ocr_line' id='line_1_39' title="bbox 311 4488 574 4556; baseline 0.011 -15"><span class='ocrx_word' id='word_1_321' title='bbox 311 4491 331 4556; x_wconf 48' lang='grc' dir='ltr'><strong>Ψ)</strong></span> <span class='ocrx_word' id='word_1_322' title='bbox 351 4489 368 4541; x_wconf 87' lang='lat' dir='ltr'>Z</span> <span class='ocrx_word' id='word_1_323' title='bbox 388 4492 417 4541; x_wconf 86' lang='lat' dir='ltr'><strong>et</strong></span> <span class='ocrx_word' id='word_1_324' title='bbox 434 4488 502 4541; x_wconf 89' lang='lat' dir='ltr'><strong>editi</strong></span> <span class='ocrx_word' id='word_1_325' title='bbox 521 4493 574 4544; x_wconf 71' lang='lat' dir='ltr'><strong>Ea.</strong></span> 
     </span>
    </p>

    <p class='ocr_par' dir='ltr' id='par_1_11' title="bbox 241 4569 1518 4990">
     <span class='ocr_line' id='line_1_40' title="bbox 310 4569 1515 4652; baseline 0.011 -28"><span class='ocrx_word' id='word_1_326' title='bbox 310 4575 330 4639; x_wconf 59' lang='grc' dir='ltr'><strong>δ’)</strong></span> <span class='ocrx_word' id='word_1_327' title='bbox 349 4573 367 4625; x_wconf 91' lang='grc' dir='ltr'>Ζ</span> <span class='ocrx_word' id='word_1_328' title='bbox 387 4573 431 4625; x_wconf 89' lang='lat' dir='ltr'><strong>hic</strong></span> <span class='ocrx_word' id='word_1_329' title='bbox 448 4572 528 4628; x_wconf 89' lang='lat' dir='ltr'><strong>addit</strong></span> <span class='ocrx_word' id='word_1_330' title='bbox 544 4581 673 4634; x_wconf 75' lang='lat' dir='ltr'><strong>servituti,</strong></span> <span class='ocrx_word' id='word_1_331' title='bbox 693 4574 767 4644; x_wconf 90' lang='lat' dir='ltr'><strong>quod</strong></span> <span class='ocrx_word' id='word_1_332' title='bbox 785 4575 865 4630; x_wconf 88' lang='lat' dir='ltr'><strong>deest</strong></span> <span class='ocrx_word' id='word_1_333' title='bbox 881 4575 956 4647; x_wconf 89' lang='lat' dir='ltr'><strong>apud</strong></span> <span class='ocrx_word' id='word_1_334' title='bbox 974 4576 1007 4642; x_wconf 71' lang='lat' dir='ltr'><strong>Q*</strong></span> <span class='ocrx_word' id='word_1_335' title='bbox 1022 4576 1057 4642; x_wconf 63' lang='lat' dir='ltr'><strong>Q‘</strong></span> <span class='ocrx_word' id='word_1_336' title='bbox 1069 4569 1112 4631; x_wconf 70' lang='lat' dir='ltr'><strong>Xl.</strong></span> <span class='ocrx_word' id='word_1_337' title='bbox 1144 4577 1188 4632; x_wconf 86' lang='lat' dir='ltr'><strong>Sie</strong></span> <span class='ocrx_word' id='word_1_338' title='bbox 1205 4576 1280 4631; x_wconf 90' lang='lat' dir='ltr'><strong>idem</strong></span> <span class='ocrx_word' id='word_1_339' title='bbox 1292 4576 1421 4634; x_wconf 84' lang='lat' dir='ltr'><strong>Gelaaiua</strong></span> <span class='ocrx_word' id='word_1_340' title='bbox 1433 4580 1515 4652; x_wconf 76' lang='lat' dir='ltr'><strong>epist.</strong></span> 
     </span>
     <span class='ocr_line' id='line_1_41' title="bbox 246 4657 1518 4735; baseline 0.011 -27"><span class='ocrx_word' id='word_1_341' title='bbox 246 4664 275 4712; x_wconf 84' lang='grc'><strong>16</strong></span> <span class='ocrx_word' id='word_1_342' title='bbox 290 4675 315 4709; x_wconf 89' lang='lat' dir='ltr'><strong>n.</strong></span> <span class='ocrx_word' id='word_1_343' title='bbox 332 4665 342 4710; x_wconf 91' lang='lat'>1</span> <span class='ocrx_word' id='word_1_344' title='bbox 364 4657 548 4735; x_wconf 84' lang='lat' dir='ltr'><strong>ordinapdum</strong></span> <span class='ocrx_word' id='word_1_345' title='bbox 571 4677 625 4713; x_wconf 88' lang='lat' dir='ltr'><strong>non</strong></span> <span class='ocrx_word' id='word_1_346' title='bbox 644 4677 704 4715; x_wconf 85' lang='lat' dir='ltr'><strong>esse</strong></span> <span class='ocrx_word' id='word_1_347' title='bbox 726 4661 809 4716; x_wconf 90' lang='lat' dir='ltr'><strong>docet</strong></span> <span class='ocrx_word' id='word_1_348' title='bbox 825 4667 980 4716; x_wconf 76' lang='lat' dir='ltr'><strong>illitteralem</strong></span> <span class='ocrx_word' id='word_1_349' title='bbox 997 4671 1037 4718; x_wconf 81' lang='lat' dir='ltr'><strong>oe!</strong></span> <span class='ocrx_word' id='word_1_350' title='bbox 1053 4667 1200 4724; x_wconf 65' lang='lat' dir='ltr'><strong>obnoxium,</strong></span> <span class='ocrx_word' id='word_1_351' title='bbox 1223 4679 1274 4717; x_wconf 87' lang='lat' dir='ltr'><strong>neo</strong></span> <span class='ocrx_word' id='word_1_352' title='bbox 1291 4663 1518 4722; x_wconf 66' lang='lat' dir='ltr'><strong>aeditumum.</strong></span> 
     </span>
     <span class='ocr_line' id='line_1_42' title="bbox 242 4740 1517 4821; baseline 0.008 -27"><span class='ocrx_word' id='word_1_353' title='bbox 242 4740 397 4811; x_wconf 86' lang='lat' dir='ltr'><strong>Utrobique</strong></span> <span class='ocrx_word' id='word_1_354' title='bbox 415 4762 481 4798; x_wconf 81' lang='lat' dir='ltr'><strong>vero</strong></span> <span class='ocrx_word' id='word_1_355' title='bbox 499 4745 663 4799; x_wconf 78' lang='lat' dir='ltr'><strong>subauditur</strong></span> <span class='ocrx_word' id='word_1_356' title='bbox 680 4752 786 4816; x_wconf 74' lang='lat' dir='ltr'><strong>criptule</strong></span> <span class='ocrx_word' id='word_1_357' title='bbox 803 4755 842 4800; x_wconf 80' lang='lat' dir='ltr'><strong>vel</strong></span> <span class='ocrx_word' id='word_1_358' title='bbox 858 4754 1010 4802; x_wconf 67' lang='lat' dir='ltr'><strong>conditionis</strong></span> <span class='ocrx_word' id='word_1_359' title='bbox 1028 4766 1077 4803; x_wconf 87' lang='lat' dir='ltr'><strong>seu</strong></span> <span class='ocrx_word' id='word_1_360' title='bbox 1095 4748 1181 4802; x_wconf 88' lang='lat' dir='ltr'><strong>etiam</strong></span> <span class='ocrx_word' id='word_1_361' title='bbox 1199 4753 1339 4809; x_wconf 74' lang='lat' dir='ltr'><strong>servituris,</strong></span> <span class='ocrx_word' id='word_1_362' title='bbox 1363 4752 1396 4803; x_wconf 87' lang='lat' dir='ltr'><strong>ut</strong></span> <span class='ocrx_word' id='word_1_363' title='bbox 1411 4750 1517 4821; x_wconf 74' lang='lat' dir='ltr'><strong>episto</strong></span> 
     </span>
     <span class='ocr_line' id='line_1_43' title="bbox 241 4825 1518 4905; baseline 0.01 -28"><span class='ocrx_word' id='word_1_364' title='bbox 241 4825 296 4878; x_wconf 87' lang='lat' dir='ltr'><strong>lam</strong></span> <span class='ocrx_word' id='word_1_365' title='bbox 318 4832 349 4879; x_wconf 78' lang='lat'><strong>14</strong></span> <span class='ocrx_word' id='word_1_366' title='bbox 367 4846 389 4881; x_wconf 90' lang='lat' dir='ltr'><strong>e.</strong></span> <span class='ocrx_word' id='word_1_367' title='bbox 408 4835 424 4880; x_wconf 66' lang='lat'><strong>⁴2</strong></span> <span class='ocrx_word' id='word_1_368' title='bbox 443 4832 472 4883; x_wconf 87' lang='lat' dir='ltr'><strong>et</strong></span> <span class='ocrx_word' id='word_1_369' title='bbox 493 4830 639 4900; x_wconf 83' lang='lat' dir='ltr'><strong>epistolam</strong></span> <span class='ocrx_word' id='word_1_370' title='bbox 660 4836 691 4885; x_wconf 80' lang='lat'><strong>15</strong></span> <span class='ocrx_word' id='word_1_371' title='bbox 713 4850 738 4886; x_wconf 91' lang='lat' dir='ltr'><strong>n.</strong></span> <span class='ocrx_word' id='word_1_372' title='bbox 762 4839 772 4885; x_wconf 86' lang='grc'>1</span> <span class='ocrx_word' id='word_1_373' title='bbox 797 4833 950 4887; x_wconf 83' lang='lat' dir='ltr'><strong>conferenti</strong></span> <span class='ocrx_word' id='word_1_374' title='bbox 974 4832 1092 4904; x_wconf 87' lang='lat' dir='ltr'><strong>patebit.</strong></span> <span class='ocrx_word' id='word_1_375' title='bbox 1130 4833 1216 4888; x_wconf 86' lang='lat' dir='ltr'><strong>Porro</strong></span> <span class='ocrx_word' id='word_1_376' title='bbox 1240 4833 1371 4903; x_wconf 85' lang='lat' dir='ltr'><strong>antiquas</strong></span> <span class='ocrx_word' id='word_1_377' title='bbox 1391 4835 1518 4905; x_wconf 60' lang='lat' dir='ltr'><strong>regulae</strong></span> 
     </span>
     <span class='ocr_line' id='line_1_44' title="bbox 241 4912 1516 4990; baseline 0.012 -26"><span class='ocrx_word' id='word_1_378' title='bbox 241 4928 313 4980; x_wconf 88' lang='lat' dir='ltr'><strong>quae</strong></span> <span class='ocrx_word' id='word_1_379' title='bbox 331 4912 375 4967; x_wconf 88' lang='lat' dir='ltr'><strong>bic</strong></span> <span class='ocrx_word' id='word_1_380' title='bbox 393 4917 594 4983; x_wconf 89' lang='lat' dir='ltr'><strong>memorantur,</strong></span> <span class='ocrx_word' id='word_1_381' title='bbox 617 4934 664 4972; x_wconf 86' lang='lat' dir='ltr'><strong>eas</strong></span> <span class='ocrx_word' id='word_1_382' title='bbox 681 4916 874 4987; x_wconf 81' lang='lat' dir='ltr'><strong>intelligimus,</strong></span> <span class='ocrx_word' id='word_1_383' title='bbox 898 4937 967 4989; x_wconf 85' lang='lat' dir='ltr'><strong>quaa</strong></span> <span class='ocrx_word' id='word_1_384' title='bbox 988 4919 1165 4975; x_wconf 82' lang='lat' dir='ltr'><strong>Innocentius</strong></span> <span class='ocrx_word' id='word_1_385' title='bbox 1183 4919 1195 4973; x_wconf 94' lang='lat' dir='ltr'>I</span> <span class='ocrx_word' id='word_1_386' title='bbox 1213 4936 1257 4990; x_wconf 90' lang='lat' dir='ltr'><strong>ep.</strong></span> <span class='ocrx_word' id='word_1_387' title='bbox 1276 4926 1293 4975; x_wconf 71' lang='grc' dir='ltr'><strong>Ξ</strong></span> <span class='ocrx_word' id='word_1_388' title='bbox 1309 4936 1338 4974; x_wconf 87' lang='lat' dir='ltr'><strong>n.</strong></span> <span class='ocrx_word' id='word_1_389' title='bbox 1360 4926 1392 4976; x_wconf 76' lang='lat' dir='ltr'><strong>tt</strong></span> <span class='ocrx_word' id='word_1_390' title='bbox 1408 4923 1441 4977; x_wconf 84' lang='lat' dir='ltr'><strong>et</strong></span> <span class='ocrx_word' id='word_1_391' title='bbox 1458 4920 1516 4979; x_wconf 79' lang='lat' dir='ltr'><strong>Leo</strong></span> 
     </span>
    </p>
   </div>
   <div class='ocr_carea' id='block_1_8' title="bbox 0 0 1730 5678">
    <p class='ocr_par' dir='ltr' id='par_1_12' title="bbox 0 0 1730 5678">
     <span class='ocr_line' id='line_1_45' title="bbox 0 0 1730 5678; baseline 0 0"><span class='ocrx_word' id='word_1_392' title='bbox 0 0 1730 5678; x_wconf 95' lang='lat' dir='ltr'><strong> </strong></span> 
     </span>
    </p>
   </div>
  </div>
 </body>
</html>
