3412 5664
688 340 889 390 nancnnnus
911 343 1041 391 1—111.·
1452 332 1492 396 13

272 506 434 590 :delementum
455 502 611 560 bvellanum
632 503 664 558 ad
686 501 766 559 bnem
787 504 911 578 opusculi
933 523 959 560 n.
978 504 1031 567 14,
1053 506 1202 562 sedetiam
1224 514 1325 563 tentum
1349 509 1492 583 utriusque

271 589 430 648 abbreviationis
441 588 521 660 juxta
534 605 565 645 sc
580 590 699 664 positum
715 588 749 645 ad
764 589 862 646 calcem
877 589 993 660 adjicere
1008 590 1095 647 libuit.

438 722 478 785 In
498 723 618 786 Oolaaii
637 739 738 801 papae
759 725 928 786 tractatum
947 724 981 786 11
1002 719 1088 805 (,.Εο
1102 724 1268 809 00100101.

329 849 350 902 1.
373 843 532 902 lucubratio
548 847 599 902 ista
613 845 705 902 iacobi
720 845 855 902 sirmondi
877 845 968 902 studio
989 848 1018 902 in
1033 848 1181 921 appendice
1195 849 1296 906 codicis
1312 848 1492 907 'lbeodosiani
1506 850 1564 921 [al]

268 936 350 1009 prinum
361 929 407 987 sub
421 930 503 987 titulo
519 933 639 1004 emeda
655 947 707 988 sen
723 938 868 989 tractatus
884 933 993 988 Geloeii
1012 932 1113 1007 prodiit
1134 950 1187 989 una
1204 950 1264 990 earm
1280 937 1421 1008 superiore
1436 937 1493 1010 epi-

268 1018 317 1074 stola
328 1017 357 1073 ‘ll
370 1016 569 1072 adOaientales.
602 1014 689 1084 Quum
704 1024 793 1072 autem
809 1017 875 1073 baec
895 1017 950 1073 duo
973 1019 1072 1092 scripta
1094 1019 1185 1074 mutila
1206 1021 1270 1082 sint,
1292 1020 1361 1075 baud
1377 1020 1447 1076 seire
1462 1038 1492 1077 se

268 1105 294 1159 e't
303 1102 353 1158 iden
366 1102 402 1157 vir
416 1100 549 1165 eruditus,
565 1120 633 1159 num
644 1104 685 1159 od
694 1121 781 1160 unum
793 1104 978 1177 eumdemque
990 1110 1148 1160 tractatum
1161 1105 1319 1177 reserenda
1331 1109 1395 1175 sint,
1414 1110 1464 1178 qart
1473 1125 1491 1161 a

270 1189 354 1245 11100110
364 1205 442 1260 popa
463 1190 493 1243 in
514 1188 671 1259 epistolarii
694 1191 733 1245 od
747 1189 919 1244 Micboeiem
940 1191 1143 1259 imperatorem
1163 1191 1269 1246 dicitur
1290 1198 1404 1247 tomus
1426 1192 1491 1248 Ge-

267 1274 384 1330 10011011
401 1275 608 1330 orientales
635 1277 838 1346 episcopos.
890 1272 918 1329 Si
944 1280 1032 1328 tamen
1058 1277 1171 1348 propius
1199 1275 1376 1350 dispiciantur
1404 1275 1491 1340 ambo,

267 1366 357 1413 mabam
369 1355 399 1412 ad
413 1365 519 1414 tomum
530 1358 640 1416 Gelosii
652 1375 667 1414 a
677 1358 787 1415 Nicolao
803 1375 870 1433 papa
886 1357 1022 1414 laudatum
1038 1360 1175 1433 pertinere
1191 1360 1262 1417 haud
1278 1360 1363 1417 arduo
1379 1363 1491 1435 negotio

267 1442 410 1518 denemtur.
438 1441 504 1498 llam
520 1460 552 1499 ex
567 1443 680 1518 prolatis
695 1443 798 1500 taudati
814 1444 880 1500 tomi
895 1442 982 1499 verbis
994 1452 1109 1506 constat,
1126 1452 1270 1501 tractatum
1281 1445 1492 1520 subsequentem

264 1527 295 1590 li,
306 1528 345 1584 boc
355 1535 393 1584 ert
406 1535 511 1585 tomum
525 1531 561 1585 de
577 1530 771 1586 anathematis
786 1531 907 1590 eiacaalo.
926 1545 940 1584 a
956 1529 1066 1586 Nicolao
1082 1529 1092 1584 l
1113 1531 1140 1585 iu
1154 1530 1292 1604 praedicta
1308 1530 1421 1605 epistola
1437 1548 1492 1587 me·

264 1614 342 1669 nonai.
367 1612 448 1670 Porro
469 1613 502 1668 ad
518 1615 591 1670 bunc
611 1621 714 1670 tomum
729 1631 817 1688 neque
837 1615 1006 1689 superiorem
1021 1615 1164 1689 epistolam
1180 1614 1219 1672 27
1235 1632 1324 1690 neque
1339 1623 1490 1687 tractatum,

262 1696 478 1774 100000ςί0001,
506 1701 655 1774 pertinere,
682 1699 725 1756 vel
750 1699 855 1757 diversa
881 1699 1012 1756 tractandi
1036 1717 1066 1756 ac
1093 1699 1243 1757 disserendi
1263 1702 1367 1757 ratione
1387 1702 1491 1776 perspi·

260 1798 323 1839 0000
338 1792 380 1840 eat.

326 1868 347 1924 1.
372 1867 417 1926 llic
439 1878 567 1927 tractatus
582 1869 610 1926 id
627 1879 732 1945 tempus
747 1872 825 1945 sapit,
848 1886 902 1944 quo
919 1868 1040 1926 Gelasins
1061 1867 1248 1944 pontificatum
1264 1872 1331 1927 iniit.
1363 1869 1401 1927 Eo
1417 1879 1491 1928 certe

254 1953 403 2011 01001100
418 1957 547 2030 suscepit,
566 1964 596 2011 ut
610 1955 783 2035 decessorum
804 1972 918 2011 suorum
934 1956 961 2010 in
978 1956 1065 2011 Aeacii
1087 1972 1166 2011 eausa
1180 1957 1304 2031 vestigiis
1319 1957 1446 2012 insistere
1460 1974 1491 2012 se

254 2036 314 2095 velle
325 2038 508 2097 testificaretur.
535 2040 636 2098 ideirco
652 2041 718 2098 nibil
734 2040 765 2096 nb
781 2042 862 2097 eisin
879 2041 928 2097 hae
939 2057 1018 2097 eausa
1035 2049 1134 2097 temere
1150 2049 1239 2097 actum
1254 2057 1315 2097 esse
1331 2059 1414 2116 quum
1430 2042 1491 2098 illo·

250 2138 305 2178 m
323 2133 367 2179 tum
380 2126 463 2200 ipsius
483 2127 570 2183 Aeacii
591 2127 698 2200 scriptis
719 2126 905 2183 demonstrare
927 2127 1017 2182 statim
1038 2125 1206 2200 aggreditur.
1244 2126 1332 2195 Quum
1353 2135 1442 2184 autem
1462 2128 1489 2183 in

247 2208 420 2282 posterioribus
434 2213 543 2286 seriptis
558 2211 636 2286 plura
651 2212 826 2268 Orientalium
842 2211 883 2267 vel
899 2219 977 2286 gesta
991 2211 1033 2268 vel
1049 2210 1154 2282 objecta
1169 2220 1338 2274 enarrentur,
1351 2212 1489 2286 'explicen-

248 2302 299 2354 ιιι.
314 2294 479 2360 unirentur,
494 2297 522 2352 ln
537 2297 589 2354 hoc
604 2296 754 2353 intenditur
768 2296 795 2352 id
811 2313 904 2360 unum,
928 2304 958 2353 ut
973 2295 1046 2352 Petri
1061 2296 1234 2353 Alexandrini
1250 2304 1345 2371 utpote
1360 2297 1489 2353 haeretici

243 2377 350 2434 &mab
366 2397 465 2438 necnon
481 2382 576 2445 Aeacii,
598 2383 645 2456 qui
666 2398 727 2438 cum
748 2399 781 2438 eo
796 2381 882 2456 palam
903 2373 935 2438 ac
949 2383 1037 2438 sciens
1049 2383 1263 2444 communicavit,
1282 2384 1390 2438 nomina
1404 2383 1488 2439 sacris

242 2461 479 2523 010011οε00001
500 2483 555 2523 non
577 2466 660 2524 licere
685 2465 886 2541 comprobetur.
924 2465 961 2522 En
983 2483 1038 2541 quo
1059 2483 1231 2541 consequens
1249 2476 1301 2529 est,
1325 2475 1356 2524 ut
1370 2466 1433 2523 licet
1448 2469 1489 2523 in·

239 2547 346 2621 scriptio
358 2549 428 2614 desit,
443 2551 476 2608 ad
492 2568 540 2608 eos
557 2560 644 2608 tamen
660 2552 701 2608 vel
718 2560 831 2627 propter
847 2568 903 2617 eos,
917 2554 962 2627 qui
977 2570 992 2607 a
1006 2552 1079 2608 Petri
1096 2552 1238 2626 bcaciique
1250 2551 1405 2609 nominibus
1420 2553 1488 2609 reei-

239 2631 329 2689 unde
340 2633 457 2692 absistere
472 2636 609 2702 nolebant,
628 2639 680 2694 boc
695 2645 737 2693 est
753 2637 911 2701 Orientales,
934 2639 1064 2712 seriptum
1080 2653 1140 2693 esse
1155 2639 1311 2694 sentiamus.
1343 2637 1444 2694 Saltem
1460 2639 1487 2694 in

236 2718 305 2791 ejus
315 2720 405 2778 exordio
416 2723 539 2779 nonnibil
554 2722 700 2780 desiderari
715 2723 812 2797 cuique
827 2721 934 2779 obvium
951 2729 1001 2780 est.
1024 2722 1078 2778 Nos
1094 2739 1157 2779 vero
1173 2723 1254 2779 etiam
1269 2740 1301 2778 en
1317 2722 1363 2779 illo
1376 2723 1487 2779 exordio

235 2819 313 2880 quae
324 2821 350 2860 ea
361 2805 482 2882 Simplicii
501 2808 615 2882 epistola
632 2808 671 2866 18
693 2824 742 2864 nec
758 2824 813 2865 non
830 2825 897 2883 quoe
912 2807 1025 2864 subinde
1041 2825 1073 2864 ex
1089 2808 1178 2864 Aeacii
1193 2807 1263 2883 apud
1280 2807 1487 2864 0001100810]-

233 2887 342 2966 pliciter
354 2892 460 2966 epistola
476 2893 495 2950 8
511 2893 647 2967 descripta
661 2902 746 2958 erant,
762 2895 847 2968 prima
863 2910 893 2948 ac
907 2900 1044 2967 postrema
1060 2891 1265 2949 verbaindicare
1277 2895 1408 2954 contenti,
1423 2909 1487 2966 sup·

232 2973 366 3052 prinmtla
383 2978 520 3042 donimus,
543 2978 617 3053 quod
638 2981 771 3035 neminem
791 2995 873 3053 aegre
893 2979 1009 3034 laturum
1025 2986 1101 3052 puto.
1134 2979 1169 3033 dt
1189 2978 1375 3033 intermedium
1391 2976 1487 3033 Felicis

231 3059 406 3118 1611ωο0100]
421 3064 483 3138 quia
498 3064 580 3138 longe
597 3065 685 3119 miuus
700 3063 834 3138 prolixum
850 3072 899 3125 est,
922 3081 951 3119 ac
972 3064 1057 3138 prima
1072 3061 1153 3133 hujus
1169 3069 1299 3117 tractatus
1313 3054 1393 3118 ia'cies
1409 3063 1486 3117 nimis

229 3146 470 3204 detruncationibus
486 3148 635 3205 deformior
650 3158 800 3223 appareret,
816 3149 970 3205 censuimus
987 3147 1167 3204 retinendum.

317 3229 342 3287 3.
372 3232 489 3308 benique
504 3232 582 3290 nobis
598 3237 678 3290 etiam
695 3233 816 3291 addenda
831 3235 886 3289 visa
901 3241 973 3296 sunt,
991 3249 1060 3306 quae
1076 3231 1248 3289 'lillemontio
1264 3230 1328 3304 (vita
1342 3231 1483 3307 Euphemii
1496 3236 1570 3306 [Ed]

225 3314 313 3390 thlt.
328 3333 349 3373 c.
357 3316 385 3385 6)
406 3328 433 3374 et
448 3319 597 3375 balleriniis
618 3318 663 3392 (de
679 3321 780 3394 antiqu.
799 3317 905 3375 collect.
923 3319 997 3374 latin.
1015 3317 1037 3372 ll
1053 3335 1077 3375 c.
1095 3317 1130 3373 11
1149 3316 1211 3391 34)
1234 3318 1267 3374 de
1286 3318 1338 3374 hoc
1353 3317 1486 3392 opusculo

224 3403 391 3479 placuerunt.
422 3401 472 3471 Oui
488 3421 571 3478 quum
587 3404 637 3460 alin
659 3421 693 3460 eo
708 3406 842 3460 contineri
857 3406 1026 3465 invenerunt,
1049 3419 1117 3477 quae
1138 3404 1229 3477 potius
1250 3404 1386 3459 bominem
1396 3396 1417 3474 ¹)
1432 3406 1487 3476 pri·

224 3495 315 3542 ratam
331 3504 404 3562 qoam
420 3487 568 3545 Romanurn
588 3489 715 3546 decerent
730 3487 894 3564 pontificem,
915 3488 973 3551 alia.
995 3504 1063 3562 quae
1079 3489 1213 3544 bominem
1230 3490 1257 3544 in
1270 3487 1379 3544 Oriente
1395 3503 1486 3563 perse·

220 3566 356 3644 crationi²l
370 3572 526 3637 obnoxium,
550 3592 606 3630 non
621 3574 720 3631 llomae
735 3572 785 3631 sub
800 3573 969 3630 Theoderico
992 3581 1050 3629 tute
1066 3573 1211 3648 degentem
1226 3573 1394 3635 exhiberent,
1417 3575 1486 3629 veri·

218 3656 312 3715 simile
338 3666 446 3733 putant,
470 3659 552 3723 illud,
579 3661 602 3715 si
628 3677 721 3716 revera
741 3661 767 3716 in
789 3659 924 3715 Sirmondi
951 3659 1043 3715 codice
1066 3660 1174 3715 nomine
1196 3657 1294 3715 Gelasii
1315 3659 1485 3732 insignitum,

217 3744 352 3817 ,ω’ρωω
366 3743 474 3817 quidem
495 3744 526 3800 ab
542 3745 594 3801 hoc
608 3762 677 3807 esse,
693 3763 707 3800 a
722 3744 800 3815 eujus
816 3746 894 3801 etiam
909 3744 973 3800 stilo
989 3760 1044 3799 non
1059 3741 1232 3807 abhorreret,
1254 3750 1280 3799 at
1300 3759 1356 3799 non
1371 3760 1422 3799 suo
1437 3742 1485 3799 sed

215 3844 317 3885 comen
331 3831 446 3892 nomine,
464 3831 552 3904 quiin
568 3830 677 3886 Oriente
693 3829 866 3892 venabantur,
887 3838 919 3885 ut
938 3845 985 3885 eos
1006 3845 1021 3883 a
1042 3828 1155 3901 prolana
1178 3829 1366 3884 communione
1382 3828 1484 3884 alienos

214 3918 248 3971 in
261 3915 405 3989 proposito
420 3913 601 3971 confirmaret.
635 3913 690 3972 Etsi
705 3915 750 3971 illa
765 3915 873 3990 quidem
889 3914 967 3970 iacile
982 3912 1162 3977 concedenda,
1186 3921 1275 3969 tamen
1288 3930 1320 3969 ex
1334 3912 1485 3969 Constantii

214 3999 310 4058 nostri
324 3998 479 4071 conjectura
496 4000 599 4057 felicius
616 4000 695 4075 plana
711 3998 769 4057 lieri
785 3999 863 4057 nobis
879 3999 1013 4055 videntur.

423 4133 461 4194 In
481 4133 598 4195 Galerii
618 4150 719 4213 papae
740 4136 908 4198 tractatum
926 4132 975 4195 111
997 4128 1283 4214 coementum).

310 4255 336 4311 l.
364 4253 403 4310 Ab
423 4272 494 4313 anno
523 4255 603 4314 1576
625 4258 652 4314 in
672 4255 832 4313 bibliotheca
853 4264 959 4331 patrum
980 4264 1045 4310 tom.
1063 4253 1082 4311 5
1102 4255 1228 4330 vulgatus
1251 4255 1293 4312 bic
1308 4263 1437 4312 tractatus
1453 4257 1482 4311 in
1499 4257 1563 4329 [nl]

288 4439 309 4501 ¹)
328 4432 440 4489 Scilicet
456 4434 622 4506 praeprimis
639 4436 687 4492 illa
704 4456 729 4492 n.
744 4443 771 4490 b:
796 4441 852 4490 Non
876 4447 915 4490 eat
932 4440 1029 4505 quidem
1047 4447 1151 4490 nostrae
1173 4439 1329 4498 lormilitotia,
1355 4441 1388 4489 de
1409 4442 1486 4490 totana

209 4508 289 4561 ortas
307 4509 555 4572 (1100000100εῂπο
572 4512 729 4568 renuentium,
749 4517 882 4560 esttamen
893 4514 1005 4558 nostrum
1022 4510 1054 4558 dc
1071 4509 1181 4572 proprio
1192 4510 1275 4558 salute
1287 4524 1343 4558 erae
1354 4508 1486 4560 sollicitor.

286 4571 368 4639 ⁸)Ut
383 4575 447 4626 eunt
463 4572 512 4626 illa
529 4578 595 4626 nti:
619 4576 747 4638 Optamus,
766 4578 948 4644 publicamque
972 4583 997 4626 et
1015 4583 1207 4643 quantacunque
1228 4592 1307 4641 anper
1329 4577 1485 4639 000101000-

207 4646 313 4697 taen't
329 4646 450 4703 lubian,
474 4647 587 4696 tolerare
605 4647 750 4696 discrimina
767 4650 793 4696 in
810 4647 911 4696 noereio
928 4647 1067 4708 praeacuti,
1092 4653 1186 4694 tannim
1208 4661 1239 4694 ne
1261 4660 1353 4693 caucos
1370 4648 1485 4693 incurro·

208 4730 268 4765 aa
288 4713 379 4762 nortia
395 4720 531 4767 uterinae:
558 4711 587 4764 el
604 4709 652 4764 illa
669 4719 753 4765 n.10:
773 4715 818 4764 Me
835 4717 900 4763 enim
917 4715 1003 4774 crede,
1021 4729 1107 4778 apere,
1126 4715 1225 4778 confido
1243 4714 1268 4762 in
1287 4712 1396 4768 Cbriato,
1419 4714 1488 4777 qnod

208 4784 246 4833 ab
264 4782 329 4844 eju
346 4781 455 4831 emitote
473 4798 519 4832 nee
537 4784 676 4844 tribulatio,
694 4800 740 4833 nec
751 4785 877 4847 anenata,
895 4797 942 4831 nee
952 4783 1070 4846 alodius.
1085 4819 1090 4830 .
1106 4824 1111 4834 .
1125 4798 1232 4849 unquam
1243 4783 1341 4845 peterit
1351 4796 1485 4846 reparare.

210 4849 354 4903 annuae
368 4855 520 4913 pauceio.
537 4853 652 4901 mutant
668 4854 751 4917 lepos:
769 4852 839 4900 1011111
851 4850 947 4900 ebriati
955 4851 1090 4915 plenioriua
1108 4858 1147 4900 ert
1164 4852 1228 4901 mori
1239 4865 1312 4916 01010
1324 4849 1486 4913 010011000-

208 4912 278 4970 eoi
293 4920 467 4983 maanaim
484 4921 618 4971 commodae
635 4921 721 4971 melius
740 4936 813 4987 quam
829 4934 920 4969 carere
937 4918 1041 4982 fieteria
