<?xml version="1.0" encoding="UTF-8"?>
<!DOCTYPE html PUBLIC "-//W3C//DTD XHTML 1.0 Transitional//EN"
    "http://www.w3.org/TR/xhtml1/DTD/xhtml1-transitional.dtd">
<html xmlns="http://www.w3.org/1999/xhtml" xml:lang="en" lang="en">
 <head>
  <title>
</title>
<meta http-equiv="Content-Type" content="text/html;charset=utf-8" />
  <meta name='ocr-system' content='tesseract 3.04.00' />
  <meta name='ocr-capabilities' content='ocr_page ocr_carea ocr_par ocr_line ocrx_word'/>
</head>
<body>
  <div class='ocr_page' id='page_1' title='image "./epistolaeromano00cousgoog/epistolaeromano00cousgoog_0524.png"; bbox 0 0 3450 5678; ppageno 0'>
   <div class='ocr_carea' id='block_1_1' title="bbox 731 347 1563 415">
    <p class='ocr_par' dir='ltr' id='par_1_1' title="bbox 731 347 1563 415">
     <span class='ocr_line' id='line_1_1' title="bbox 731 347 1563 415; baseline 0.002 -3"><span class='ocrx_word' id='word_1_1' title='bbox 731 399 737 402; x_wconf 89' lang='lat'>.</span> <span class='ocrx_word' id='word_1_2' title='bbox 804 364 976 414; x_wconf 75' lang='lat' dir='ltr'>nPls&#39;l&#39;onn</span> <span class='ocrx_word' id='word_1_3' title='bbox 1000 353 1052 413; x_wconf 85' lang='grc'>43</span> <span class='ocrx_word' id='word_1_4' title='bbox 1501 347 1563 415; x_wconf 77' lang='grc'>477</span> 
     </span>
    </p>
   </div>
   <div class='ocr_carea' id='block_1_2' title="bbox 273 516 1701 5015">
    <p class='ocr_par' dir='ltr' id='par_1_2' title="bbox 273 516 1701 4699">
     <span class='ocr_line' id='line_1_2' title="bbox 294 516 1670 646; baseline -0.006 -57"><span class='ocrx_word' id='word_1_5' title='bbox 294 521 390 646; x_wconf 57' lang='lat' dir='ltr'>prim</span> <span class='ocrx_word' id='word_1_6' title='bbox 437 525 479 587; x_wconf 90' lang='grc' dir='ltr'>Τί</span> <span class='ocrx_word' id='word_1_7' title='bbox 497 519 560 606; x_wconf 81' lang='grc' dir='ltr'>την</span> <span class='ocrx_word' id='word_1_8' title='bbox 588 519 762 586; x_wconf 89' lang='grc' dir='ltr'><strong><em>άθάνατον</em></strong></span> <span class='ocrx_word' id='word_1_9' title='bbox 796 519 903 603; x_wconf 89' lang='grc' dir='ltr'><strong><em>φύσιν</em></strong></span> <span class='ocrx_word' id='word_1_10' title='bbox 956 519 1053 582; x_wconf 90' lang='lat' dir='ltr'>confit</span> <span class='ocrx_word' id='word_1_11' title='bbox 1040 522 1129 601; x_wconf 88' lang='lat' dir='ltr'>t,ens</span> <span class='ocrx_word' id='word_1_12' title='bbox 1159 538 1224 581; x_wconf 92' lang='lat' dir='ltr'>non</span> <span class='ocrx_word' id='word_1_13' title='bbox 1247 517 1425 601; x_wconf 80' lang='lat' dir='ltr'>simplicem</span> <span class='ocrx_word' id='word_1_14' title='bbox 1446 516 1566 582; x_wconf 76' lang='lat' dir='ltr'>Christi</span> <span class='ocrx_word' id='word_1_15' title='bbox 1584 537 1608 573; x_wconf 78' lang='lat' dir='ltr'>a</span> <span class='ocrx_word' id='word_1_16' title='bbox 1619 526 1670 574; x_wconf 79' lang='lat'>495</span> 
     </span>
     <span class='ocr_line' id='line_1_3' title="bbox 294 594 1669 706; baseline -0.004 -17"><span class='ocrx_word' id='word_1_17' title='bbox 294 622 358 690; x_wconf 82' lang='grc' dir='ltr'>ύκδ</span> <span class='ocrx_word' id='word_1_18' title='bbox 381 625 544 689; x_wconf 76' lang='grc' dir='ltr'><strong><em>δουλείαν</em></strong></span> <span class='ocrx_word' id='word_1_19' title='bbox 568 625 623 688; x_wconf 82' lang='lat' dir='ltr'>uui</span> <span class='ocrx_word' id='word_1_20' title='bbox 639 618 776 706; x_wconf 86' lang='grc' dir='ltr'><strong><em>φθοράν</em></strong></span> <span class='ocrx_word' id='word_1_21' title='bbox 791 621 907 686; x_wconf 84' lang='grc' dir='ltr'><strong><em>θανά·</em></strong></span> <span class='ocrx_word' id='word_1_22' title='bbox 955 621 1117 685; x_wconf 90' lang='lat' dir='ltr'>hominem</span> <span class='ocrx_word' id='word_1_23' title='bbox 1139 620 1299 705; x_wconf 79' lang='lat' dir='ltr'>praedico,</span> <span class='ocrx_word' id='word_1_24' title='bbox 1328 619 1383 683; x_wconf 89' lang='lat' dir='ltr'>sed</span> <span class='ocrx_word' id='word_1_25' title='bbox 1406 640 1478 683; x_wconf 91' lang='lat' dir='ltr'>cum</span> <span class='ocrx_word' id='word_1_26' title='bbox 1500 619 1565 684; x_wconf 89' lang='lat' dir='ltr'>dei·</span> <span class='ocrx_word' id='word_1_27' title='bbox 1577 594 1669 642; x_wconf 71' lang='lat'><strong>&#39;⁴¹⁹⁶</strong></span> 
     </span>
     <span class='ocr_line' id='line_1_4' title="bbox 278 718 1564 810; baseline -0.003 -20"><span class='ocrx_word' id='word_1_28' title='bbox 278 750 351 791; x_wconf 90' lang='grc' dir='ltr'>Ιτου</span> <span class='ocrx_word' id='word_1_29' title='bbox 373 723 598 810; x_wconf 85' lang='grc' dir='ltr'><strong><em>ύκοβάλλεις;</em></strong></span> <span class='ocrx_word' id='word_1_30' title='bbox 625 718 708 808; x_wconf 74' lang='grc' dir='ltr'><strong><em>Εγοδ</em></strong></span> <span class='ocrx_word' id='word_1_31' title='bbox 722 721 903 808; x_wconf 82' lang='grc' dir='ltr'><strong><em>Χριστὸν</em></strong></span> <span class='ocrx_word' id='word_1_32' title='bbox 953 727 1022 786; x_wconf 89' lang='lat' dir='ltr'>tate</span> <span class='ocrx_word' id='word_1_33' title='bbox 1044 723 1192 810; x_wconf 86' lang='lat' dir='ltr'>perfecta</span> <span class='ocrx_word' id='word_1_34' title='bbox 1215 726 1247 785; x_wconf 90' lang='lat' dir='ltr'>et</span> <span class='ocrx_word' id='word_1_35' title='bbox 1270 744 1342 786; x_wconf 90' lang='lat' dir='ltr'>cum</span> <span class='ocrx_word' id='word_1_36' title='bbox 1363 721 1564 786; x_wconf 75' lang='lat' dir='ltr'>humanitate</span> 
     </span>
     <span class='ocr_line' id='line_1_5' title="bbox 293 823 1564 910; baseline -0.003 -17"><span class='ocrx_word' id='word_1_37' title='bbox 293 825 387 893; x_wconf 86' lang='grc' dir='ltr'><strong><em>υίδν</em></strong></span> <span class='ocrx_word' id='word_1_38' title='bbox 412 833 516 894; x_wconf 84' lang='grc' dir='ltr'><strong><em>θεοῦ</em></strong></span> <span class='ocrx_word' id='word_1_39' title='bbox 544 832 617 893; x_wconf 91' lang='grc' dir='ltr'>τοῦ</span> <span class='ocrx_word' id='word_1_40' title='bbox 645 832 794 907; x_wconf 80' lang='grc' dir='ltr'><strong><em>ζῶντος</em></strong></span> <span class='ocrx_word' id='word_1_41' title='bbox 822 823 902 910; x_wconf 90' lang='grc' dir='ltr'><strong><em>ὁμο-</em></strong></span> <span class='ocrx_word' id='word_1_42' title='bbox 953 827 1032 889; x_wconf 87' lang='lat' dir='ltr'>item</span> <span class='ocrx_word' id='word_1_43' title='bbox 1059 826 1203 910; x_wconf 83' lang='lat' dir='ltr'>perfecta</span> <span class='ocrx_word' id='word_1_44' title='bbox 1232 825 1378 889; x_wconf 89' lang='lat' dir='ltr'>eumdem</span> <span class='ocrx_word' id='word_1_45' title='bbox 1405 823 1467 888; x_wconf 93' lang='lat' dir='ltr'>Dei</span> <span class='ocrx_word' id='word_1_46' title='bbox 1499 825 1564 889; x_wconf 81' lang='lat' dir='ltr'>vivi</span> 
     </span>
     <span class='ocr_line' id='line_1_6' title="bbox 292 926 1564 1014; baseline -0.005 -18"><span class='ocrx_word' id='word_1_47' title='bbox 292 934 415 1014; x_wconf 77' lang='grc' dir='ltr'><strong><em>λογων,</em></strong></span> <span class='ocrx_word' id='word_1_48' title='bbox 442 927 485 995; x_wconf 91' lang='grc' dir='ltr'>ού</span> <span class='ocrx_word' id='word_1_49' title='bbox 507 930 610 1008; x_wconf 82' lang='grc' dir='ltr'><strong><em>ψιλὸν</em></strong></span> <span class='ocrx_word' id='word_1_50' title='bbox 632 927 692 994; x_wconf 85' lang='grc' dir='ltr'>τὸν</span> <span class='ocrx_word' id='word_1_51' title='bbox 714 926 901 1012; x_wconf 77' lang='grc' dir='ltr'><strong><em>ἄνθρωπον</em></strong></span> <span class='ocrx_word' id='word_1_52' title='bbox 954 929 1055 992; x_wconf 91' lang='lat' dir='ltr'>filium</span> <span class='ocrx_word' id='word_1_53' title='bbox 1092 928 1198 991; x_wconf 86' lang='lat' dir='ltr'>adoro.</span> <span class='ocrx_word' id='word_1_54' title='bbox 1233 926 1409 990; x_wconf 64' lang='lat' dir='ltr'>*Duarum</span> <span class='ocrx_word' id='word_1_55' title='bbox 1428 928 1564 1012; x_wconf 80' lang='lat' dir='ltr'>‘quippe</span> 
     </span>
     <span class='ocr_line' id='line_1_7' title="bbox 292 1027 1564 1118; baseline -0.004 -21"><span class='ocrx_word' id='word_1_56' title='bbox 292 1037 352 1097; x_wconf 91' lang='grc' dir='ltr'>τοῦ</span> <span class='ocrx_word' id='word_1_57' title='bbox 378 1036 529 1118; x_wconf 83' lang='grc' dir='ltr'><strong><em>Χριστοῦ</em></strong></span> <span class='ocrx_word' id='word_1_58' title='bbox 557 1028 724 1115; x_wconf 82' lang='grc' dir='ltr'><em>κηρύττω,</em></span> <span class='ocrx_word' id='word_1_59' title='bbox 758 1027 833 1094; x_wconf 79' lang='grc' dir='ltr'><strong><em>ἀλλ’</em></strong></span> <span class='ocrx_word' id='word_1_60' title='bbox 863 1030 901 1094; x_wconf 74' lang='grc' dir='ltr'>ἐν</span> <span class='ocrx_word' id='word_1_61' title='bbox 953 1034 1142 1094; x_wconf 86' lang='lat' dir='ltr'>naturarum</span> <span class='ocrx_word' id='word_1_62' title='bbox 1170 1030 1248 1093; x_wconf 89' lang='lat' dir='ltr'>unio</span> <span class='ocrx_word' id='word_1_63' title='bbox 1269 1029 1437 1094; x_wconf 80' lang='lat' dir='ltr'>inconfuse</span> <span class='ocrx_word' id='word_1_64' title='bbox 1460 1033 1493 1093; x_wconf 90' lang='lat' dir='ltr'>et</span> <span class='ocrx_word' id='word_1_65' title='bbox 1515 1029 1564 1092; x_wconf 90' lang='lat' dir='ltr'>in·</span> 
     </span>
     <span class='ocr_line' id='line_1_8' title="bbox 290 1130 1564 1220; baseline -0.003 -21"><span class='ocrx_word' id='word_1_66' title='bbox 290 1135 427 1219; x_wconf 89' lang='grc' dir='ltr'><strong><em>θεύτητι</em></strong></span> <span class='ocrx_word' id='word_1_67' title='bbox 448 1136 560 1220; x_wconf 90' lang='grc' dir='ltr'><strong><em>τελείᾳ</em></strong></span> <span class='ocrx_word' id='word_1_68' title='bbox 581 1133 637 1197; x_wconf 78' lang='grc' dir='ltr'>καὶ</span> <span class='ocrx_word' id='word_1_69' title='bbox 660 1133 699 1198; x_wconf 83' lang='grc' dir='ltr'>ἑν</span> <span class='ocrx_word' id='word_1_70' title='bbox 717 1130 902 1216; x_wconf 85' lang='grc' dir='ltr'><strong><em>άνθρωκύ-</em></strong></span> <span class='ocrx_word' id='word_1_71' title='bbox 955 1132 1206 1197; x_wconf 84' lang='lat' dir='ltr'>convertibiliter</span> <span class='ocrx_word' id='word_1_72' title='bbox 1226 1132 1316 1196; x_wconf 85' lang='lat' dir='ltr'>facta</span> <span class='ocrx_word' id='word_1_73' title='bbox 1338 1135 1396 1214; x_wconf 89' lang='lat' dir='ltr'>est,</span> <span class='ocrx_word' id='word_1_74' title='bbox 1424 1135 1461 1195; x_wconf 89' lang='lat' dir='ltr'>ut</span> <span class='ocrx_word' id='word_1_75' title='bbox 1482 1153 1564 1195; x_wconf 91' lang='lat' dir='ltr'>unus</span> 
     </span>
     <span class='ocr_line' id='line_1_9' title="bbox 291 1231 1562 1322; baseline -0.005 -20"><span class='ocrx_word' id='word_1_76' title='bbox 291 1260 361 1320; x_wconf 87' lang='grc' dir='ltr'><strong><em>τητι</em></strong></span> <span class='ocrx_word' id='word_1_77' title='bbox 384 1239 496 1322; x_wconf 84' lang='grc' dir='ltr'><strong><em>τελείᾳ</em></strong></span> <span class='ocrx_word' id='word_1_78' title='bbox 523 1232 585 1300; x_wconf 88' lang='grc' dir='ltr'>τὸν</span> <span class='ocrx_word' id='word_1_79' title='bbox 612 1232 718 1300; x_wconf 88' lang='grc' dir='ltr'><strong><em>αύτὸν</em></strong></span> <span class='ocrx_word' id='word_1_80' title='bbox 741 1231 818 1299; x_wconf 82' lang='grc' dir='ltr'><strong><em>υἱὸν</em></strong></span> <span class='ocrx_word' id='word_1_81' title='bbox 840 1237 901 1298; x_wconf 91' lang='grc' dir='ltr'>τοῦ</span> <span class='ocrx_word' id='word_1_82' title='bbox 954 1236 1102 1299; x_wconf 91' lang='lat' dir='ltr'>credatur</span> <span class='ocrx_word' id='word_1_83' title='bbox 1124 1234 1270 1300; x_wconf 73' lang='lat' dir='ltr'>Christus</span> <span class='ocrx_word' id='word_1_84' title='bbox 1292 1233 1353 1298; x_wconf 90' lang='lat' dir='ltr'>Dei</span> <span class='ocrx_word' id='word_1_85' title='bbox 1375 1233 1440 1297; x_wconf 86' lang='lat' dir='ltr'>vivi</span> <span class='ocrx_word' id='word_1_86' title='bbox 1463 1232 1562 1298; x_wconf 90' lang='lat' dir='ltr'>filius:</span> 
     </span>
     <span class='ocr_line' id='line_1_10' title="bbox 290 1335 1563 1422; baseline -0.004 -19"><span class='ocrx_word' id='word_1_87' title='bbox 290 1343 375 1405; x_wconf 88' lang='grc' dir='ltr'><strong><em>θεοῦ</em></strong></span> <span class='ocrx_word' id='word_1_88' title='bbox 390 1342 452 1403; x_wconf 88' lang='grc' dir='ltr'>τοῦ</span> <span class='ocrx_word' id='word_1_89' title='bbox 467 1342 589 1418; x_wconf 79' lang='grc' dir='ltr'><strong><em>ζῶντος</em></strong></span> <span class='ocrx_word' id='word_1_90' title='bbox 607 1342 802 1421; x_wconf 79' lang='grc' dir='ltr'><strong><em>προσκυνῶ.</em></strong></span> <span class='ocrx_word' id='word_1_91' title='bbox 826 1335 900 1400; x_wconf 87' lang='grc' dir='ltr'>Δύο</span> <span class='ocrx_word' id='word_1_92' title='bbox 954 1361 1044 1415; x_wconf 78' lang='lat' dir='ltr'>unus,</span> <span class='ocrx_word' id='word_1_93' title='bbox 1070 1339 1212 1422; x_wconf 88' lang='lat' dir='ltr'>inquam,</span> <span class='ocrx_word' id='word_1_94' title='bbox 1240 1338 1300 1400; x_wconf 89' lang='lat' dir='ltr'>etsi</span> <span class='ocrx_word' id='word_1_95' title='bbox 1322 1335 1485 1400; x_wconf 89' lang='lat' dir='ltr'>unitamm</span> <span class='ocrx_word' id='word_1_96' title='bbox 1506 1357 1563 1399; x_wconf 87' lang='lat' dir='ltr'>na·</span> 
     </span>
     <span class='ocr_line' id='line_1_11' title="bbox 291 1436 1564 1524; baseline -0.005 -18"><span class='ocrx_word' id='word_1_97' title='bbox 291 1440 355 1523; x_wconf 84' lang='grc' dir='ltr'><strong><em>γάρ</em></strong></span> <span class='ocrx_word' id='word_1_98' title='bbox 385 1440 526 1524; x_wconf 85' lang='grc' dir='ltr'><strong><em>φύσεων</em></strong></span> <span class='ocrx_word' id='word_1_99' title='bbox 559 1439 678 1515; x_wconf 80' lang='grc' dir='ltr'><strong><em>ἕνωσις</em></strong></span> <span class='ocrx_word' id='word_1_100' title='bbox 705 1437 902 1522; x_wconf 83' lang='grc' dir='ltr'><strong><em>άσυγχύτως</em></strong></span> <span class='ocrx_word' id='word_1_101' title='bbox 953 1445 1096 1504; x_wconf 76' lang='lat' dir='ltr'>terarum</span> <span class='ocrx_word' id='word_1_102' title='bbox 1140 1438 1320 1503; x_wconf 87' lang='lat' dir='ltr'>differentia</span> <span class='ocrx_word' id='word_1_103' title='bbox 1368 1436 1564 1522; x_wconf 72' lang='lat' dir='ltr'>intelligitur</span> 
     </span>
     <span class='ocr_line' id='line_1_12' title="bbox 292 1531 1563 1625; baseline -0.003 -18"><span class='ocrx_word' id='word_1_104' title='bbox 292 1542 346 1607; x_wconf 77' lang='grc' dir='ltr'>καὶ</span> <span class='ocrx_word' id='word_1_105' title='bbox 373 1540 544 1624; x_wconf 76' lang='grc' dir='ltr'><strong><em>ἀτρέπτως</em></strong></span> <span class='ocrx_word' id='word_1_106' title='bbox 574 1543 732 1624; x_wconf 83' lang='grc' dir='ltr'><strong><em>γέγονεν,</em></strong></span> <span class='ocrx_word' id='word_1_107' title='bbox 768 1541 826 1604; x_wconf 80' lang='grc' dir='ltr'>ἰ’να</span> <span class='ocrx_word' id='word_1_108' title='bbox 857 1531 902 1614; x_wconf 83' lang='grc' dir='ltr'>εἷς</span> <span class='ocrx_word' id='word_1_109' title='bbox 954 1565 1025 1606; x_wconf 89' lang='lat' dir='ltr'>cum</span> <span class='ocrx_word' id='word_1_110' title='bbox 1059 1542 1308 1625; x_wconf 85' lang='lat' dir='ltr'>operationibus.</span> <span class='ocrx_word' id='word_1_111' title='bbox 1365 1540 1563 1624; x_wconf 83' lang='lat' dir='ltr'>Quamquam</span> 
     </span>
     <span class='ocr_line' id='line_1_13' title="bbox 292 1639 1563 1730; baseline -0.002 -22"><span class='ocrx_word' id='word_1_112' title='bbox 292 1648 459 1728; x_wconf 75' lang='grc' dir='ltr'><strong><em>πιστευθῇ</em></strong></span> <span class='ocrx_word' id='word_1_113' title='bbox 492 1641 638 1730; x_wconf 85' lang='grc' dir='ltr'><strong><em>Χριστὸς</em></strong></span> <span class='ocrx_word' id='word_1_114' title='bbox 673 1639 691 1708; x_wconf 91' lang='grc' dir='ltr'>ὁ</span> <span class='ocrx_word' id='word_1_115' title='bbox 730 1640 803 1719; x_wconf 82' lang='grc' dir='ltr'><strong><em>υίὸς</em></strong></span> <span class='ocrx_word' id='word_1_116' title='bbox 839 1646 900 1707; x_wconf 88' lang='grc' dir='ltr'>τοῦ</span> <span class='ocrx_word' id='word_1_117' title='bbox 953 1646 1038 1709; x_wconf 90' lang='lat' dir='ltr'>enim</span> <span class='ocrx_word' id='word_1_118' title='bbox 1060 1649 1195 1729; x_wconf 90' lang='lat' dir='ltr'>utraque</span> <span class='ocrx_word' id='word_1_119' title='bbox 1222 1647 1339 1707; x_wconf 88' lang='lat' dir='ltr'>natura</span> <span class='ocrx_word' id='word_1_120' title='bbox 1361 1642 1563 1727; x_wconf 89' lang='lat' dir='ltr'>proprietati-</span> 
     </span>
     <span class='ocr_line' id='line_1_14' title="bbox 291 1736 1563 1829; baseline -0.003 -18"><span class='ocrx_word' id='word_1_121' title='bbox 291 1751 375 1811; x_wconf 82' lang='grc' dir='ltr'><strong><em>θεοῦ</em></strong></span> <span class='ocrx_word' id='word_1_122' title='bbox 392 1750 454 1810; x_wconf 89' lang='grc' dir='ltr'>τοῦ</span> <span class='ocrx_word' id='word_1_123' title='bbox 470 1749 608 1826; x_wconf 76' lang='grc' dir='ltr'><strong><em>ζῶντος·</em></strong></span> <span class='ocrx_word' id='word_1_124' title='bbox 627 1736 692 1828; x_wconf 80' lang='grc' dir='ltr'><strong><em>εἷς,</em></strong></span> <span class='ocrx_word' id='word_1_125' title='bbox 716 1746 747 1810; x_wconf 86' lang='grc' dir='ltr'>εί</span> <span class='ocrx_word' id='word_1_126' title='bbox 760 1745 815 1810; x_wconf 78' lang='grc' dir='ltr'>καὶ</span> <span class='ocrx_word' id='word_1_127' title='bbox 831 1749 899 1809; x_wconf 79' lang='grc' dir='ltr'>τῶν</span> <span class='ocrx_word' id='word_1_128' title='bbox 952 1749 1010 1811; x_wconf 89' lang='lat' dir='ltr'>bus</span> <span class='ocrx_word' id='word_1_129' title='bbox 1038 1748 1103 1811; x_wconf 88' lang='lat' dir='ltr'>suis</span> <span class='ocrx_word' id='word_1_130' title='bbox 1126 1750 1274 1829; x_wconf 89' lang='lat' dir='ltr'>ornatur,</span> <span class='ocrx_word' id='word_1_131' title='bbox 1310 1749 1454 1809; x_wconf 90' lang='lat' dir='ltr'>attamen</span> <span class='ocrx_word' id='word_1_132' title='bbox 1481 1766 1563 1808; x_wconf 84' lang='lat' dir='ltr'>unus</span> 
     </span>
     <span class='ocr_line' id='line_1_15' title="bbox 292 1844 1563 1931; baseline -0.002 -18"><span class='ocrx_word' id='word_1_133' title='bbox 292 1846 486 1913; x_wconf 78' lang='grc' dir='ltr'><strong><em>ἕνωθεισῶν</em></strong></span> <span class='ocrx_word' id='word_1_134' title='bbox 509 1848 648 1931; x_wconf 81' lang='grc' dir='ltr'><strong><em>φύσεων</em></strong></span> <span class='ocrx_word' id='word_1_135' title='bbox 671 1844 708 1912; x_wconf 86' lang='grc' dir='ltr'>τὸ</span> <span class='ocrx_word' id='word_1_136' title='bbox 731 1848 899 1931; x_wconf 89' lang='grc' dir='ltr'><strong><em>διάφορον</em></strong></span> <span class='ocrx_word' id='word_1_137' title='bbox 952 1854 1001 1914; x_wconf 84' lang='lat' dir='ltr'>est</span> <span class='ocrx_word' id='word_1_138' title='bbox 1023 1849 1168 1915; x_wconf 80' lang='lat' dir='ltr'>Christus</span> <span class='ocrx_word' id='word_1_139' title='bbox 1191 1849 1252 1913; x_wconf 82' lang='lat' dir='ltr'>nei</span> <span class='ocrx_word' id='word_1_140' title='bbox 1274 1848 1337 1912; x_wconf 83' lang='lat' dir='ltr'>vivi</span> <span class='ocrx_word' id='word_1_141' title='bbox 1360 1847 1454 1930; x_wconf 89' lang='lat' dir='ltr'>filius,</span> <span class='ocrx_word' id='word_1_142' title='bbox 1478 1847 1563 1911; x_wconf 89' lang='lat' dir='ltr'>idem</span> 
     </span>
     <span class='ocr_line' id='line_1_16' title="bbox 292 1948 1561 2035; baseline -0.002 -20"><span class='ocrx_word' id='word_1_143' title='bbox 292 1961 418 2015; x_wconf 79' lang='grc' dir='ltr'><strong><em>νοεῖται</em></strong></span> <span class='ocrx_word' id='word_1_144' title='bbox 440 1948 523 2034; x_wconf 86' lang='grc' dir='ltr'><strong><em>μετά</em></strong></span> <span class='ocrx_word' id='word_1_145' title='bbox 545 1953 614 2014; x_wconf 78' lang='grc' dir='ltr'>τῶν</span> <span class='ocrx_word' id='word_1_146' title='bbox 630 1950 822 2034; x_wconf 76' lang='grc' dir='ltr'><strong><em>ἐνεργειῶν.</em></strong></span> <span class='ocrx_word' id='word_1_147' title='bbox 858 1953 903 2013; x_wconf 82' lang='lat' dir='ltr'>Er’</span> <span class='ocrx_word' id='word_1_148' title='bbox 952 1974 1025 2016; x_wconf 84' lang='lat' dir='ltr'>vere</span> <span class='ocrx_word' id='word_1_149' title='bbox 1054 1951 1140 2016; x_wconf 88' lang='lat' dir='ltr'>Deus</span> <span class='ocrx_word' id='word_1_150' title='bbox 1173 1951 1317 2035; x_wconf 85' lang='lat' dir='ltr'>idemque</span> <span class='ocrx_word' id='word_1_151' title='bbox 1350 1971 1423 2014; x_wconf 88' lang='lat' dir='ltr'>vere</span> <span class='ocrx_word' id='word_1_152' title='bbox 1456 1949 1561 2032; x_wconf 89' lang='lat' dir='ltr'>homo,</span> 
     </span>
     <span class='ocr_line' id='line_1_17' title="bbox 292 2049 1563 2137; baseline -0.002 -20"><span class='ocrx_word' id='word_1_153' title='bbox 292 2049 353 2135; x_wconf 85' lang='grc' dir='ltr'><strong><em>γάρ</em></strong></span> <span class='ocrx_word' id='word_1_154' title='bbox 376 2051 433 2116; x_wconf 79' lang='grc' dir='ltr'>καί</span> <span class='ocrx_word' id='word_1_155' title='bbox 455 2052 493 2115; x_wconf 75' lang='lat' dir='ltr'>ui</span> <span class='ocrx_word' id='word_1_156' title='bbox 512 2051 633 2135; x_wconf 85' lang='grc' dir='ltr'><strong><em>φύσεις</em></strong></span> <span class='ocrx_word' id='word_1_157' title='bbox 648 2050 783 2136; x_wconf 83' lang='grc' dir='ltr'><strong><em>(ἑκάστη</em></strong></span> <span class='ocrx_word' id='word_1_158' title='bbox 800 2053 900 2137; x_wconf 84' lang='grc' dir='ltr'><strong><em>ίδιό-)</em></strong></span> <span class='ocrx_word' id='word_1_159' title='bbox 953 2056 1029 2118; x_wconf 90' lang='lat' dir='ltr'>unio</span> <span class='ocrx_word' id='word_1_160' title='bbox 1044 2054 1260 2137; x_wconf 73' lang='lat' dir='ltr'>indivisibilia,</span> <span class='ocrx_word' id='word_1_161' title='bbox 1283 2052 1474 2136; x_wconf 85' lang='lat' dir='ltr'>insolubilis,</span> <span class='ocrx_word' id='word_1_162' title='bbox 1490 2051 1563 2116; x_wconf 89' lang='lat' dir='ltr'>nul-</span> 
     </span>
     <span class='ocr_line' id='line_1_18' title="bbox 292 2144 1562 2241; baseline 0 -23"><span class='ocrx_word' id='word_1_163' title='bbox 292 2174 365 2239; x_wconf 89' lang='grc' dir='ltr'><strong><em>τηοι</em></strong></span> <span class='ocrx_word' id='word_1_164' title='bbox 392 2158 611 2238; x_wconf 85' lang='grc' dir='ltr'><strong><em>κοσμοῦνται,</em></strong></span> <span class='ocrx_word' id='word_1_165' title='bbox 643 2151 719 2218; x_wconf 78' lang='grc' dir='ltr'><strong><em>ἀλλ’</em></strong></span> <span class='ocrx_word' id='word_1_166' title='bbox 749 2144 795 2230; x_wconf 80' lang='grc' dir='ltr'>εἷς</span> <span class='ocrx_word' id='word_1_167' title='bbox 818 2159 900 2237; x_wconf 87' lang='grc' dir='ltr'><strong><em>Χρι-</em></strong></span> <span class='ocrx_word' id='word_1_168' title='bbox 951 2158 1017 2221; x_wconf 90' lang='lat' dir='ltr'>lam</span> <span class='ocrx_word' id='word_1_169' title='bbox 1044 2157 1172 2241; x_wconf 86' lang='lat' dir='ltr'>patiens</span> <span class='ocrx_word' id='word_1_170' title='bbox 1195 2155 1447 2239; x_wconf 82' lang='lat' dir='ltr'>separationem:</span> <span class='ocrx_word' id='word_1_171' title='bbox 1479 2176 1562 2218; x_wconf 85' lang='lat' dir='ltr'>unus</span> 
     </span>
     <span class='ocr_line' id='line_1_19' title="bbox 293 2254 1701 2344; baseline 0 -24"><span class='ocrx_word' id='word_1_172' title='bbox 293 2255 368 2332; x_wconf 86' lang='grc' dir='ltr'><strong><em>στδς</em></strong></span> <span class='ocrx_word' id='word_1_173' title='bbox 395 2254 413 2320; x_wconf 87' lang='grc' dir='ltr'>ὁ</span> <span class='ocrx_word' id='word_1_174' title='bbox 437 2256 512 2334; x_wconf 82' lang='grc' dir='ltr'><strong><em>υίὸς</em></strong></span> <span class='ocrx_word' id='word_1_175' title='bbox 539 2261 601 2321; x_wconf 89' lang='grc' dir='ltr'>τοῦ</span> <span class='ocrx_word' id='word_1_176' title='bbox 623 2261 709 2321; x_wconf 88' lang='grc' dir='ltr'><strong><em>θεοῦ</em></strong></span> <span class='ocrx_word' id='word_1_177' title='bbox 731 2261 793 2320; x_wconf 89' lang='grc' dir='ltr'>τοῦ</span> <span class='ocrx_word' id='word_1_178' title='bbox 816 2261 900 2336; x_wconf 80' lang='grc' dir='ltr'><strong><em>ζῶν·</em></strong></span> <span class='ocrx_word' id='word_1_179' title='bbox 953 2259 1099 2325; x_wconf 83' lang='lat' dir='ltr'>Christus</span> <span class='ocrx_word' id='word_1_180' title='bbox 1123 2259 1182 2322; x_wconf 84' lang='lat' dir='ltr'>Dei</span> <span class='ocrx_word' id='word_1_181' title='bbox 1204 2259 1269 2322; x_wconf 84' lang='lat' dir='ltr'>vivi</span> <span class='ocrx_word' id='word_1_182' title='bbox 1291 2258 1385 2341; x_wconf 75' lang='lat' dir='ltr'>filine,</span> <span class='ocrx_word' id='word_1_183' title='bbox 1410 2279 1486 2322; x_wconf 81' lang='lat' dir='ltr'>unus</span> <span class='ocrx_word' id='word_1_184' title='bbox 1508 2263 1701 2344; x_wconf 79' lang='lat' dir='ltr'>do·Eph.4,c.</span> 
     </span>
     <span class='ocr_line' id='line_1_20' title="bbox 295 2355 1560 2446; baseline 0.002 -25"><span class='ocrx_word' id='word_1_185' title='bbox 295 2381 356 2442; x_wconf 84' lang='grc' dir='ltr'><strong><em>τος,</em></strong></span> <span class='ocrx_word' id='word_1_186' title='bbox 380 2355 399 2422; x_wconf 86' lang='grc' dir='ltr'>ὀ</span> <span class='ocrx_word' id='word_1_187' title='bbox 421 2355 524 2436; x_wconf 88' lang='grc' dir='ltr'><strong><em>αύτδς</em></strong></span> <span class='ocrx_word' id='word_1_188' title='bbox 539 2356 621 2435; x_wconf 87' lang='grc' dir='ltr'><strong><em>θεὸς</em></strong></span> <span class='ocrx_word' id='word_1_189' title='bbox 636 2355 720 2423; x_wconf 86' lang='grc' dir='ltr'><strong><em>κατά</em></strong></span> <span class='ocrx_word' id='word_1_190' title='bbox 736 2355 901 2442; x_wconf 80' lang='grc' dir='ltr'><strong><em>ἀλήθειαν</em></strong></span> <span class='ocrx_word' id='word_1_191' title='bbox 952 2369 1064 2446; x_wconf 80' lang='lat' dir='ltr'>minus,</span> <span class='ocrx_word' id='word_1_192' title='bbox 1089 2384 1152 2427; x_wconf 84' lang='grc' dir='ltr'>ακσ</span> <span class='ocrx_word' id='word_1_193' title='bbox 1172 2368 1263 2439; x_wconf 78' lang='lat' dir='ltr'>fides,</span> <span class='ocrx_word' id='word_1_194' title='bbox 1288 2381 1388 2432; x_wconf 56' lang='lat' dir='ltr'>ernam,</span> <span class='ocrx_word' id='word_1_195' title='bbox 1401 2365 1560 2440; x_wconf 77' lang='lat' dir='ltr'>baptisma.</span> 
     </span>
     <span class='ocr_line' id='line_1_21' title="bbox 295 2457 1562 2549; baseline 0.002 -26"><span class='ocrx_word' id='word_1_196' title='bbox 295 2460 346 2524; x_wconf 81' lang='lat' dir='ltr'>nal</span> <span class='ocrx_word' id='word_1_197' title='bbox 378 2457 562 2546; x_wconf 79' lang='grc' dir='ltr'><strong><em>ἄνθρωπος</em></strong></span> <span class='ocrx_word' id='word_1_198' title='bbox 599 2458 683 2525; x_wconf 83' lang='grc' dir='ltr'><strong><em>κατὰ</em></strong></span> <span class='ocrx_word' id='word_1_199' title='bbox 719 2459 897 2546; x_wconf 82' lang='grc' dir='ltr'><strong><em>άλήθειαν·</em></strong></span> <span class='ocrx_word' id='word_1_200' title='bbox 951 2464 1001 2529; x_wconf 82' lang='grc' dir='ltr'>’λύ</span> <span class='ocrx_word' id='word_1_201' title='bbox 1022 2469 1131 2528; x_wconf 86' lang='lat' dir='ltr'>tamen</span> <span class='ocrx_word' id='word_1_202' title='bbox 1154 2464 1283 2549; x_wconf 87' lang='lat' dir='ltr'>angeris</span> <span class='ocrx_word' id='word_1_203' title='bbox 1311 2467 1344 2527; x_wconf 92' lang='lat' dir='ltr'>et</span> <span class='ocrx_word' id='word_1_204' title='bbox 1372 2462 1562 2546; x_wconf 85' lang='lat' dir='ltr'>dirumperis</span> 
     </span>
     <span class='ocr_line' id='line_1_22' title="bbox 295 2559 1561 2686; baseline 0.002 -60"><span class='ocrx_word' id='word_1_205' title='bbox 295 2560 408 2640; x_wconf 74' lang='grc' dir='ltr'><strong><em>ἔνοσις</em></strong></span> <span class='ocrx_word' id='word_1_206' title='bbox 440 2559 645 2686; x_wconf 79' lang='grc' dir='ltr'><strong><em>ἀδιαίρετος</em></strong></span> <span class='ocrx_word' id='word_1_207' title='bbox 661 2564 718 2628; x_wconf 82' lang='grc' dir='ltr'>καὶ</span> <span class='ocrx_word' id='word_1_208' title='bbox 746 2561 898 2644; x_wconf 82' lang='grc' dir='ltr'><strong><em>ἀδιάζευ-</em></strong></span> <span class='ocrx_word' id='word_1_209' title='bbox 951 2568 1162 2651; x_wconf 81' lang='lat' dir='ltr'>dentibusque</span> <span class='ocrx_word' id='word_1_210' title='bbox 1182 2566 1321 2649; x_wconf 83' lang='lat' dir='ltr'>frendes,</span> <span class='ocrx_word' id='word_1_211' title='bbox 1346 2565 1561 2630; x_wconf 87' lang='lat' dir='ltr'>venerandam</span> 
     </span>
     <span class='ocr_line' id='line_1_23' title="bbox 295 2663 1560 2790; baseline 0.002 -62"><span class='ocrx_word' id='word_1_212' title='bbox 295 2687 383 2748; x_wconf 87' lang='grc' dir='ltr'><strong><em>κτος,</em></strong></span> <span class='ocrx_word' id='word_1_213' title='bbox 407 2663 580 2750; x_wconf 81' lang='grc' dir='ltr'><strong><em>χωρισμὸν</em></strong></span> <span class='ocrx_word' id='word_1_214' title='bbox 587 2691 646 2790; x_wconf 90' lang='grc' dir='ltr'>μη</span> <span class='ocrx_word' id='word_1_215' title='bbox 670 2663 895 2751; x_wconf 74' lang='grc' dir='ltr'><strong><em>ὑφισταμένη·</em></strong></span> <span class='ocrx_word' id='word_1_216' title='bbox 951 2668 1162 2734; x_wconf 76' lang='lat' dir='ltr'>Calchedonis</span> <span class='ocrx_word' id='word_1_217' title='bbox 1184 2669 1350 2783; x_wconf 82' lang='lat' dir='ltr'>synodum,</span> <span class='ocrx_word' id='word_1_218' title='bbox 1377 2690 1458 2753; x_wconf 87' lang='lat' dir='ltr'>quae</span> <span class='ocrx_word' id='word_1_219' title='bbox 1480 2669 1560 2732; x_wconf 90' lang='lat' dir='ltr'>haec</span> 
     </span>
     <span class='ocr_line' id='line_1_24' title="bbox 296 2757 1560 2856; baseline 0.002 -25"><span class='ocrx_word' id='word_1_220' title='bbox 296 2757 338 2844; x_wconf 78' lang='grc' dir='ltr'>εις</span> <span class='ocrx_word' id='word_1_221' title='bbox 351 2766 496 2854; x_wconf 86' lang='grc' dir='ltr'><strong><em>Χριστος</em></strong></span> <span class='ocrx_word' id='word_1_222' title='bbox 518 2766 535 2832; x_wconf 87' lang='grc' dir='ltr'>ὁ</span> <span class='ocrx_word' id='word_1_223' title='bbox 558 2767 632 2845; x_wconf 77' lang='grc' dir='ltr'><strong><em>υίὸς</em></strong></span> <span class='ocrx_word' id='word_1_224' title='bbox 654 2773 715 2833; x_wconf 88' lang='grc' dir='ltr'>τοῦ</span> <span class='ocrx_word' id='word_1_225' title='bbox 737 2773 823 2833; x_wconf 84' lang='grc' dir='ltr'><strong><em>θεοῦ</em></strong></span> <span class='ocrx_word' id='word_1_226' title='bbox 839 2773 900 2832; x_wconf 89' lang='grc' dir='ltr'>τοῦ</span> <span class='ocrx_word' id='word_1_227' title='bbox 950 2772 1163 2856; x_wconf 87' lang='lat' dir='ltr'>praedicavit,</span> <span class='ocrx_word' id='word_1_228' title='bbox 1201 2772 1367 2853; x_wconf 85' lang='lat' dir='ltr'>incusans,</span> <span class='ocrx_word' id='word_1_229' title='bbox 1408 2790 1560 2834; x_wconf 88' lang='lat' dir='ltr'>necnon</span> 
     </span>
     <span class='ocr_line' id='line_1_25' title="bbox 292 2860 1561 2956; baseline -0.001 -22"><span class='ocrx_word' id='word_1_230' title='bbox 292 2872 429 2953; x_wconf 76' lang='grc' dir='ltr'><strong><em>ζῶντος,</em></strong></span> <span class='ocrx_word' id='word_1_231' title='bbox 458 2860 516 2947; x_wconf 80' lang='grc' dir='ltr'>εἷς</span> <span class='ocrx_word' id='word_1_232' title='bbox 544 2871 705 2952; x_wconf 84' lang='grc' dir='ltr'><strong><em>κύριος,</em></strong></span> <span class='ocrx_word' id='word_1_233' title='bbox 734 2874 803 2953; x_wconf 86' lang='grc' dir='ltr'>μία</span> <span class='ocrx_word' id='word_1_234' title='bbox 832 2874 898 2934; x_wconf 88' lang='grc' dir='ltr'>κί-</span> <span class='ocrx_word' id='word_1_235' title='bbox 951 2875 1245 2938; x_wconf 86' lang='lat' dir='ltr'>celeberrimumet</span> <span class='ocrx_word' id='word_1_236' title='bbox 1267 2871 1442 2956; x_wconf 85' lang='lat' dir='ltr'>apostolico</span> <span class='ocrx_word' id='word_1_237' title='bbox 1465 2870 1561 2934; x_wconf 92' lang='lat' dir='ltr'>choro</span> 
     </span>
     <span class='ocr_line' id='line_1_26' title="bbox 296 2972 1559 3058; baseline 0.001 -23"><span class='ocrx_word' id='word_1_238' title='bbox 296 2989 393 3056; x_wconf 82' lang='grc' dir='ltr'><strong><em>στις,</em></strong></span> <span class='ocrx_word' id='word_1_239' title='bbox 437 2973 480 3038; x_wconf 77' lang='grc' dir='ltr'>ἓν</span> <span class='ocrx_word' id='word_1_240' title='bbox 521 2976 543 3057; x_wconf 86' lang='grc' dir='ltr'>β</span> <span class='ocrx_word' id='word_1_241' title='bbox 551 2973 742 3058; x_wconf 82' lang='grc' dir='ltr'><strong><em>άνττισμα.</em></strong></span> <span class='ocrx_word' id='word_1_242' title='bbox 801 2972 898 3037; x_wconf 82' lang='grc' dir='ltr'><strong><em>Ἀλλά</em></strong></span> <span class='ocrx_word' id='word_1_243' title='bbox 951 2977 1194 3040; x_wconf 88' lang='lat' dir='ltr'>adnumeratum</span> <span class='ocrx_word' id='word_1_244' title='bbox 1227 2976 1366 3038; x_wconf 83' lang='lat' dir='ltr'>Leonem</span> <span class='ocrx_word' id='word_1_245' title='bbox 1399 2976 1559 3038; x_wconf 87' lang='lat' dir='ltr'>contume-</span> 
     </span>
     <span class='ocr_line' id='line_1_27' title="bbox 283 3072 1560 3161; baseline 0.001 -24"><span class='ocrx_word' id='word_1_246' title='bbox 283 3073 395 3161; x_wconf 75' lang='grc' dir='ltr'><strong><em>δάκνῃ</em></strong></span> <span class='ocrx_word' id='word_1_247' title='bbox 423 3075 482 3139; x_wconf 81' lang='grc' dir='ltr'>καὶ</span> <span class='ocrx_word' id='word_1_248' title='bbox 503 3073 777 3161; x_wconf 82' lang='grc' dir='ltr'><strong><em>σπαράττητούς</em></strong></span> <span class='ocrx_word' id='word_1_249' title='bbox 799 3072 896 3140; x_wconf 86' lang='grc' dir='ltr'><strong><em>ὀδόν·</em></strong></span> <span class='ocrx_word' id='word_1_250' title='bbox 951 3079 1001 3142; x_wconf 86' lang='lat' dir='ltr'>liis</span> <span class='ocrx_word' id='word_1_251' title='bbox 1024 3079 1157 3161; x_wconf 84' lang='lat' dir='ltr'>pulsans</span> <span class='ocrx_word' id='word_1_252' title='bbox 1179 3077 1377 3141; x_wconf 87' lang='lat' dir='ltr'>stultissime.</span> <span class='ocrx_word' id='word_1_253' title='bbox 1400 3075 1468 3140; x_wconf 88' lang='lat' dir='ltr'>Nos</span> <span class='ocrx_word' id='word_1_254' title='bbox 1485 3096 1560 3138; x_wconf 86' lang='lat' dir='ltr'>vero</span> 
     </span>
     <span class='ocr_line' id='line_1_28' title="bbox 284 3178 1558 3265; baseline 0.001 -25"><span class='ocrx_word' id='word_1_255' title='bbox 284 3200 346 3255; x_wconf 82' lang='grc' dir='ltr'>τας</span> <span class='ocrx_word' id='word_1_256' title='bbox 366 3179 546 3262; x_wconf 81' lang='grc' dir='ltr'><strong><em>διατρίων,</em></strong></span> <span class='ocrx_word' id='word_1_257' title='bbox 569 3178 632 3263; x_wconf 79' lang='grc' dir='ltr'>την</span> <span class='ocrx_word' id='word_1_258' title='bbox 651 3178 690 3242; x_wconf 78' lang='grc' dir='ltr'>ἐν</span> <span class='ocrx_word' id='word_1_259' title='bbox 704 3180 898 3262; x_wconf 79' lang='grc' dir='ltr'><strong><em>Χαλκηδόνι</em></strong></span> <span class='ocrx_word' id='word_1_260' title='bbox 950 3184 1133 3244; x_wconf 87' lang='lat' dir='ltr'>sanctorum</span> <span class='ocrx_word' id='word_1_261' title='bbox 1169 3180 1386 3265; x_wconf 88' lang='lat' dir='ltr'>apostolorum</span> <span class='ocrx_word' id='word_1_262' title='bbox 1412 3178 1558 3264; x_wconf 83' lang='lat' dir='ltr'>germani</span> 
     </span>
     <span class='ocr_line' id='line_1_29' title="bbox 281 3268 1559 3366; baseline 0.002 -24"><span class='ocrx_word' id='word_1_263' title='bbox 281 3268 475 3365; x_wconf 80' lang='grc' dir='ltr'><strong><em>σεβασμίαν</em></strong></span> <span class='ocrx_word' id='word_1_264' title='bbox 497 3280 646 3346; x_wconf 76' lang='grc' dir='ltr'><strong><em>σύνοδον</em></strong></span> <span class='ocrx_word' id='word_1_265' title='bbox 668 3285 773 3346; x_wconf 85' lang='grc' dir='ltr'><strong><em>ταῦτα</em></strong></span> <span class='ocrx_word' id='word_1_266' title='bbox 793 3283 898 3366; x_wconf 89' lang='grc' dir='ltr'><strong><em>κηρύ-</em></strong></span> <span class='ocrx_word' id='word_1_267' title='bbox 950 3283 1113 3366; x_wconf 84' lang='lat' dir='ltr'>discipuli,</span> <span class='ocrx_word' id='word_1_268' title='bbox 1145 3283 1272 3347; x_wconf 88' lang='lat' dir='ltr'>illorum</span> <span class='ocrx_word' id='word_1_269' title='bbox 1300 3282 1398 3346; x_wconf 85' lang='lat' dir='ltr'>effeta</span> <span class='ocrx_word' id='word_1_270' title='bbox 1424 3303 1478 3346; x_wconf 88' lang='lat' dir='ltr'>ore</span> <span class='ocrx_word' id='word_1_271' title='bbox 1505 3302 1559 3366; x_wconf 82' lang='lat' dir='ltr'>ge·</span> 
     </span>
     <span class='ocr_line' id='line_1_30' title="bbox 286 3379 1558 3470; baseline 0.003 -25"><span class='ocrx_word' id='word_1_272' title='bbox 286 3379 393 3457; x_wconf 72' lang='grc' dir='ltr'><strong><em>ξασαν</em></strong></span> <span class='ocrx_word' id='word_1_273' title='bbox 415 3382 622 3468; x_wconf 78' lang='grc' dir='ltr'><strong><em>αἰτούμενος,</em></strong></span> <span class='ocrx_word' id='word_1_274' title='bbox 645 3383 776 3450; x_wconf 80' lang='grc' dir='ltr'><strong><em>καὶτὸν</em></strong></span> <span class='ocrx_word' id='word_1_275' title='bbox 791 3383 898 3450; x_wconf 89' lang='grc' dir='ltr'><strong><em>άοίδι-</em></strong></span> <span class='ocrx_word' id='word_1_276' title='bbox 951 3390 1058 3449; x_wconf 87' lang='lat' dir='ltr'>rentes</span> <span class='ocrx_word' id='word_1_277' title='bbox 1087 3389 1119 3449; x_wconf 91' lang='lat' dir='ltr'>et</span> <span class='ocrx_word' id='word_1_278' title='bbox 1142 3387 1227 3449; x_wconf 89' lang='lat' dir='ltr'>cordi</span> <span class='ocrx_word' id='word_1_279' title='bbox 1255 3385 1417 3470; x_wconf 85' lang='lat' dir='ltr'>insculpta</span> <span class='ocrx_word' id='word_1_280' title='bbox 1438 3383 1558 3449; x_wconf 87' lang='lat' dir='ltr'>haben-</span> 
     </span>
     <span class='ocr_line' id='line_1_31' title="bbox 279 3481 1558 3575; baseline 0.002 -25"><span class='ocrx_word' id='word_1_281' title='bbox 279 3506 352 3566; x_wconf 65' lang='grc' dir='ltr'>μου</span> <span class='ocrx_word' id='word_1_282' title='bbox 381 3481 438 3550; x_wconf 75' lang='grc' dir='ltr'>καὶ</span> <span class='ocrx_word' id='word_1_283' title='bbox 471 3485 528 3550; x_wconf 76' lang='grc' dir='ltr'>ἐν’</span> <span class='ocrx_word' id='word_1_284' title='bbox 542 3482 747 3573; x_wconf 76' lang='grc' dir='ltr'><strong><em>άτιοστολικη</em></strong></span> <span class='ocrx_word' id='word_1_285' title='bbox 784 3492 898 3575; x_wconf 81' lang='grc' dir='ltr'><strong><em>χορείᾳ</em></strong></span> <span class='ocrx_word' id='word_1_286' title='bbox 949 3491 1014 3572; x_wconf 88' lang='lat' dir='ltr'>tes,</span> <span class='ocrx_word' id='word_1_287' title='bbox 1048 3489 1277 3552; x_wconf 84' lang='lat' dir='ltr'>iuviolabiliter</span> <span class='ocrx_word' id='word_1_288' title='bbox 1304 3487 1415 3551; x_wconf 88' lang='lat' dir='ltr'>eadem</span> <span class='ocrx_word' id='word_1_289' title='bbox 1441 3486 1558 3552; x_wconf 85' lang='lat' dir='ltr'>retine-</span> 
     </span>
     <span class='ocr_line' id='line_1_32' title="bbox 284 3588 1564 3674; baseline 0.005 -26"><span class='ocrx_word' id='word_1_290' title='bbox 284 3588 606 3673; x_wconf 72' lang='grc' dir='ltr'><strong><em>καταριθμούμενον</em></strong></span> <span class='ocrx_word' id='word_1_291' title='bbox 617 3589 748 3653; x_wconf 82' lang='grc' dir='ltr'><strong><em>Λεόντα</em></strong></span> <span class='ocrx_word' id='word_1_292' title='bbox 763 3590 898 3674; x_wconf 80' lang='grc' dir='ltr'><strong><em>βάλλεις</em></strong></span> <span class='ocrx_word' id='word_1_293' title='bbox 948 3614 1029 3655; x_wconf 82' lang='lat' dir='ltr'>mus</span> <span class='ocrx_word' id='word_1_294' title='bbox 1074 3591 1123 3655; x_wconf 77' lang='lat' dir='ltr'>Tu</span> <span class='ocrx_word' id='word_1_295' title='bbox 1150 3613 1225 3655; x_wconf 89' lang='lat' dir='ltr'>vero</span> <span class='ocrx_word' id='word_1_296' title='bbox 1253 3589 1333 3654; x_wconf 89' lang='lat' dir='ltr'>haec</span> <span class='ocrx_word' id='word_1_297' title='bbox 1355 3591 1504 3655; x_wconf 88' lang='lat' dir='ltr'>deserens</span> <span class='ocrx_word' id='word_1_298' title='bbox 1525 3594 1564 3654; x_wconf 86' lang='lat' dir='ltr'>et·</span> 
     </span>
     <span class='ocr_line' id='line_1_33' title="bbox 280 3684 1559 3779; baseline 0.004 -28"><span class='ocrx_word' id='word_1_299' title='bbox 280 3684 429 3773; x_wconf 78' lang='grc' dir='ltr'><strong><em>-ύβρεσιν</em></strong></span> <span class='ocrx_word' id='word_1_300' title='bbox 459 3689 498 3755; x_wconf 77' lang='grc' dir='ltr'>ἐν</span> <span class='ocrx_word' id='word_1_301' title='bbox 524 3692 786 3778; x_wconf 85' lang='grc' dir='ltr'><strong><em>παραφροσύνη.</em></strong></span> <span class='ocrx_word' id='word_1_302' title='bbox 831 3693 896 3756; x_wconf 80' lang='grc' dir='ltr'>Καὶ</span> <span class='ocrx_word' id='word_1_303' title='bbox 949 3693 983 3756; x_wconf 90' lang='lat' dir='ltr'>in</span> <span class='ocrx_word' id='word_1_304' title='bbox 1019 3694 1195 3779; x_wconf 87' lang='lat' dir='ltr'>impietatis</span> <span class='ocrx_word' id='word_1_305' title='bbox 1234 3692 1422 3758; x_wconf 88' lang='lat' dir='ltr'>barathrum</span> <span class='ocrx_word' id='word_1_306' title='bbox 1457 3696 1559 3757; x_wconf 90' lang='lat' dir='ltr'>temet</span> 
     </span>
     <span class='ocr_line' id='line_1_34' title="bbox 274 3785 1557 3881; baseline 0.003 -26"><span class='ocrx_word' id='word_1_307' title='bbox 274 3785 380 3875; x_wconf 68' lang='grc' dir='ltr'><strong><em>’ἡμεῖς</em></strong></span> <span class='ocrx_word' id='word_1_308' title='bbox 400 3790 463 3876; x_wconf 77' lang='grc' dir='ltr'>μὲν</span> <span class='ocrx_word' id='word_1_309' title='bbox 485 3793 521 3857; x_wconf 89' lang='grc' dir='ltr'>οί</span> <span class='ocrx_word' id='word_1_310' title='bbox 539 3797 608 3858; x_wconf 77' lang='grc' dir='ltr'>τῶν</span> <span class='ocrx_word' id='word_1_311' title='bbox 631 3790 737 3876; x_wconf 82' lang='grc' dir='ltr'><strong><em>ἁγίων</em></strong></span> <span class='ocrx_word' id='word_1_312' title='bbox 752 3792 897 3859; x_wconf 85' lang='grc' dir='ltr'><strong><em>άκοστό-</em></strong></span> <span class='ocrx_word' id='word_1_313' title='bbox 949 3797 1138 3880; x_wconf 86' lang='lat' dir='ltr'>conjiciens,</span> <span class='ocrx_word' id='word_1_314' title='bbox 1171 3797 1369 3881; x_wconf 78' lang='lat' dir='ltr'>gramineam</span> <span class='ocrx_word' id='word_1_315' title='bbox 1392 3795 1557 3881; x_wconf 88' lang='lat' dir='ltr'>spinamm</span> 
     </span>
     <span class='ocr_line' id='line_1_35' title="bbox 281 3891 1293 3980; baseline 0.006 -23"><span class='ocrx_word' id='word_1_316' title='bbox 281 3896 357 3958; x_wconf 72' lang='grc' dir='ltr'>λων</span> <span class='ocrx_word' id='word_1_317' title='bbox 390 3891 534 3979; x_wconf 79' lang='grc' dir='ltr'><strong><em>ὑπήκοοι</em></strong></span> <span class='ocrx_word' id='word_1_318' title='bbox 570 3896 702 3980; x_wconf 81' lang='grc' dir='ltr'><strong><em>γνήσιοι</em></strong></span> <span class='ocrx_word' id='word_1_319' title='bbox 739 3894 779 3961; x_wconf 82' lang='grc' dir='ltr'>τά</span> <span class='ocrx_word' id='word_1_320' title='bbox 815 3895 896 3979; x_wconf 82' lang='grc' dir='ltr'><strong><em>παρ’</em></strong></span> <span class='ocrx_word' id='word_1_321' title='bbox 948 3900 1115 3962; x_wconf 86' lang='lat' dir='ltr'>materiam</span> <span class='ocrx_word' id='word_1_322' title='bbox 1140 3900 1293 3963; x_wconf 71' lang='lat' dir='ltr'>ruminae.</span> 
     </span>
     <span class='ocr_line' id='line_1_36' title="bbox 278 3980 1183 4084; baseline 0.008 -25"><span class='ocrx_word' id='word_1_323' title='bbox 278 3993 400 4061; x_wconf 75' lang='grc' dir='ltr'><strong><em>αύτων</em></strong></span> <span class='ocrx_word' id='word_1_324' title='bbox 438 4000 651 4082; x_wconf 78' lang='grc' dir='ltr'><strong><em>θεσπίσματα</em></strong></span> <span class='ocrx_word' id='word_1_325' title='bbox 690 4001 727 4065; x_wconf 77' lang='grc' dir='ltr'>ἐν</span> <span class='ocrx_word' id='word_1_326' title='bbox 758 3999 896 4084; x_wconf 84' lang='grc' dir='ltr'><strong><em>στόματι</em></strong></span> <span class='ocrx_word' id='word_1_327' title='bbox 1172 3980 1183 3990; x_wconf 31' lang='lat'>⁸</span> 
     </span>
     <span class='ocr_line' id='line_1_37' title="bbox 280 4097 893 4188; baseline 0.008 -26"><span class='ocrx_word' id='word_1_328' title='bbox 280 4097 448 4184; x_wconf 77' lang='grc' dir='ltr'><strong><em>φέροντες</em></strong></span> <span class='ocrx_word' id='word_1_329' title='bbox 469 4099 526 4164; x_wconf 79' lang='grc' dir='ltr'>καὶ</span> <span class='ocrx_word' id='word_1_330' title='bbox 548 4102 670 4188; x_wconf 88' lang='grc' dir='ltr'><strong><em>καρδίᾳ</em></strong></span> <span class='ocrx_word' id='word_1_331' title='bbox 694 4103 893 4185; x_wconf 80' lang='grc' dir='ltr'><strong><em>ἐγκεκολλα-</em></strong></span> 
     </span>
     <span class='ocr_line' id='line_1_38' title="bbox 274 4200 895 4289; baseline 0.008 -25"><span class='ocrx_word' id='word_1_332' title='bbox 274 4200 369 4282; x_wconf 63' lang='grc' dir='ltr'><strong><em>μένα</em></strong></span> <span class='ocrx_word' id='word_1_333' title='bbox 391 4203 535 4286; x_wconf 81' lang='grc' dir='ltr'><strong><em>ἔχοντες,</em></strong></span> <span class='ocrx_word' id='word_1_334' title='bbox 565 4204 748 4288; x_wconf 79' lang='grc' dir='ltr'><strong><em>στέργομεν</em></strong></span> <span class='ocrx_word' id='word_1_335' title='bbox 770 4203 895 4289; x_wconf 86' lang='grc' dir='ltr'><strong><em>άταρε-</em></strong></span> 
     </span>
     <span class='ocr_line' id='line_1_39' title="bbox 273 4301 895 4391; baseline 0.006 -23"><span class='ocrx_word' id='word_1_336' title='bbox 273 4304 481 4389; x_wconf 59' lang='grc' dir='ltr'><strong><em>Ὶχειρήτως·</em></strong></span> <span class='ocrx_word' id='word_1_337' title='bbox 517 4301 562 4369; x_wconf 86' lang='grc' dir='ltr'>σύ</span> <span class='ocrx_word' id='word_1_338' title='bbox 590 4306 627 4371; x_wconf 71' lang='grc' dir='ltr'>δὲ</span> <span class='ocrx_word' id='word_1_339' title='bbox 653 4312 759 4372; x_wconf 87' lang='grc' dir='ltr'><strong><em>ταῦτα</em></strong></span> <span class='ocrx_word' id='word_1_340' title='bbox 787 4304 895 4391; x_wconf 78' lang='grc' dir='ltr'>άφείς,</span> 
     </span>
     <span class='ocr_line' id='line_1_40' title="bbox 279 4403 896 4493; baseline 0.006 -24"><span class='ocrx_word' id='word_1_341' title='bbox 279 4407 342 4470; x_wconf 70' lang='lat' dir='ltr'>:rui</span> <span class='ocrx_word' id='word_1_342' title='bbox 363 4404 449 4490; x_wconf 78' lang='grc' dir='ltr'><strong><em>πρὸς</em></strong></span> <span class='ocrx_word' id='word_1_343' title='bbox 470 4403 530 4472; x_wconf 88' lang='grc' dir='ltr'>τὸν</span> <span class='ocrx_word' id='word_1_344' title='bbox 550 4405 703 4492; x_wconf 78' lang='grc' dir='ltr'><strong><em>ἀσεβείας</em></strong></span> <span class='ocrx_word' id='word_1_345' title='bbox 717 4410 896 4493; x_wconf 87' lang='grc' dir='ltr'><strong><em>βάραθρον</em></strong></span> 
     </span>
     <span class='ocr_line' id='line_1_41' title="bbox 279 4505 896 4601; baseline 0.01 -30"><span class='ocrx_word' id='word_1_346' title='bbox 279 4505 522 4594; x_wconf 51' lang='lat' dir='ltr'>terraconae,</span> <span class='ocrx_word' id='word_1_347' title='bbox 558 4516 711 4601; x_wconf 80' lang='grc' dir='ltr'><strong><em>μαρυκᾷς</em></strong></span> <span class='ocrx_word' id='word_1_348' title='bbox 743 4508 805 4596; x_wconf 83' lang='grc' dir='ltr'>την</span> <span class='ocrx_word' id='word_1_349' title='bbox 826 4517 896 4577; x_wconf 77' lang='grc' dir='ltr'>τῶν</span> 
     </span>
     <span class='ocr_line' id='line_1_42' title="bbox 275 4605 814 4737; baseline 0.013 -65"><span class='ocrx_word' id='word_1_350' title='bbox 275 4605 449 4678; x_wconf 63' lang='grc' dir='ltr'><strong><em>ἀκανθῶν</em></strong></span> <span class='ocrx_word' id='word_1_351' title='bbox 470 4613 622 4737; x_wconf 60' lang='grc' dir='ltr'><strong><em>χορταίδη</em></strong></span> <span class='ocrx_word' id='word_1_352' title='bbox 645 4615 814 4698; x_wconf 80' lang='grc' dir='ltr'><strong><em>ποιότητα.</em></strong></span> 
     </span>
    </p>

    <p class='ocr_par' dir='ltr' id='par_1_3' title="bbox 277 4711 1554 5015">
     <span class='ocr_line' id='line_1_43' title="bbox 348 4711 1554 4806; baseline 0.004 -27"><span class='ocrx_word' id='word_1_353' title='bbox 348 4714 379 4779; x_wconf 89' lang='lat'>5.</span> <span class='ocrx_word' id='word_1_354' title='bbox 407 4711 503 4780; x_wconf 78' lang='grc' dir='ltr'><strong><em>Ἔστι</em></strong></span> <span class='ocrx_word' id='word_1_355' title='bbox 534 4717 625 4801; x_wconf 91' lang='grc' dir='ltr'><strong><em>γάρ</em></strong></span> <span class='ocrx_word' id='word_1_356' title='bbox 628 4735 692 4782; x_wconf 91' lang='grc' dir='ltr'>σου</span> <span class='ocrx_word' id='word_1_357' title='bbox 720 4743 776 4782; x_wconf 89' lang='grc' dir='ltr'>και</span> <span class='ocrx_word' id='word_1_358' title='bbox 798 4716 893 4801; x_wconf 77' lang='grc' dir='ltr'><strong><em>ἄλλο,</em></strong></span> <span class='ocrx_word' id='word_1_359' title='bbox 1009 4721 1039 4786; x_wconf 92' lang='lat'>5.</span> <span class='ocrx_word' id='word_1_360' title='bbox 1063 4720 1162 4787; x_wconf 80' lang='lat' dir='ltr'>Este</span> <span class='ocrx_word' id='word_1_361' title='bbox 1164 4721 1322 4786; x_wconf 88' lang='lat' dir='ltr'>taliudt</span> <span class='ocrx_word' id='word_1_362' title='bbox 1308 4720 1378 4805; x_wconf 89' lang='lat' dir='ltr'>tibi,</span> <span class='ocrx_word' id='word_1_363' title='bbox 1402 4742 1465 4806; x_wconf 87' lang='lat' dir='ltr'>quo</span> <span class='ocrx_word' id='word_1_364' title='bbox 1487 4719 1554 4806; x_wconf 82' lang='lat' dir='ltr'>glo·</span> 
     </span>
     <span class='ocr_line' id='line_1_44' title="bbox 277 4804 1554 4908; baseline 0.006 -27"><span class='ocrx_word' id='word_1_365' title='bbox 277 4807 367 4901; x_wconf 76' lang='lat' dir='ltr'>‘op&#39;</span> <span class='ocrx_word' id='word_1_366' title='bbox 356 4841 382 4881; x_wconf 90' lang='grc' dir='ltr'><strong><em>ω</em></strong></span> <span class='ocrx_word' id='word_1_367' title='bbox 371 4804 548 4904; x_wconf 79' lang='grc' dir='ltr'><strong><em>κομπάζη</em></strong></span> <span class='ocrx_word' id='word_1_368' title='bbox 562 4821 617 4884; x_wconf 80' lang='grc' dir='ltr'>καί</span> <span class='ocrx_word' id='word_1_369' title='bbox 629 4839 777 4907; x_wconf 81' lang='grc' dir='ltr'><strong><em>σκιρτας,</em></strong></span> <span class='ocrx_word' id='word_1_370' title='bbox 787 4823 895 4906; x_wconf 75' lang='grc' dir='ltr'><strong><em>ἔγχει</em></strong></span> <span class='ocrx_word' id='word_1_371' title='bbox 945 4824 1038 4887; x_wconf 87' lang='lat' dir='ltr'>riaris</span> <span class='ocrx_word' id='word_1_372' title='bbox 1074 4830 1107 4889; x_wconf 84' lang='lat' dir='ltr'>et</span> <span class='ocrx_word' id='word_1_373' title='bbox 1143 4825 1246 4889; x_wconf 83' lang='lat' dir='ltr'>cxsult</span> <span class='ocrx_word' id='word_1_374' title='bbox 1232 4829 1296 4908; x_wconf 83' lang='lat' dir='ltr'>tas,</span> <span class='ocrx_word' id='word_1_375' title='bbox 1343 4822 1554 4889; x_wconf 88' lang='lat' dir='ltr'>enchiridium</span> 
     </span>
     <span class='ocr_line' id='line_1_45' title="bbox 285 4920 1553 5015; baseline 0.006 -31"><span class='ocrx_word' id='word_1_376' title='bbox 285 4920 397 5003; x_wconf 73' lang='grc' dir='ltr'><strong><em>ρίδιον</em></strong></span> <span class='ocrx_word' id='word_1_377' title='bbox 419 4923 572 5006; x_wconf 82' lang='grc' dir='ltr'><strong><em>πίστεως,</em></strong></span> <span class='ocrx_word' id='word_1_378' title='bbox 600 4927 659 5009; x_wconf 77' lang='grc' dir='ltr'>τῆς</span> <span class='ocrx_word' id='word_1_379' title='bbox 680 4929 740 5009; x_wconf 80' lang='grc' dir='ltr'>σης</span> <span class='ocrx_word' id='word_1_380' title='bbox 761 4926 895 5010; x_wconf 79' lang='grc' dir='ltr'><strong><em>γνώμης</em></strong></span> <span class='ocrx_word' id='word_1_381' title='bbox 945 4927 1034 5015; x_wconf 84' lang='lat' dir='ltr'>fidei,</span> <span class='ocrx_word' id='word_1_382' title='bbox 1072 4928 1232 5014; x_wconf 88' lang='lat' dir='ltr'>opinionis</span> <span class='ocrx_word' id='word_1_383' title='bbox 1269 4931 1342 4992; x_wconf 86' lang='lat' dir='ltr'>tuae</span> <span class='ocrx_word' id='word_1_384' title='bbox 1379 4930 1475 5013; x_wconf 86' lang='lat' dir='ltr'>atque</span> <span class='ocrx_word' id='word_1_385' title='bbox 1505 4931 1553 5015; x_wconf 84' lang='lat' dir='ltr'>ty-</span> 
     </span>
    </p>
   </div>
   <div class='ocr_carea' id='block_1_3' title="bbox 0 0 1730 5678">
    <p class='ocr_par' dir='ltr' id='par_1_4' title="bbox 0 0 1730 5678">
     <span class='ocr_line' id='line_1_46' title="bbox 0 0 1730 5678; baseline 0 0"><span class='ocrx_word' id='word_1_386' title='bbox 0 0 1730 5678; x_wconf 95' lang='lat' dir='ltr'> </span> 
     </span>
    </p>
   </div>
  </div>
 </body>
</html>
