3450 5678
215 303 274 368 172
690 316 718 362 s.
735 313 858 361 uuam
880 312 994 360 emens

211 482 323 537 Leontii
342 481 535 547 moderantia,
564 477 723 533 Deerrsibas
744 482 847 531 contra
872 474 924 547 sas
950 477 1129 547 episcopam,
1159 477 1270 530 etiamsi
1290 480 1334 530 est
1362 476 1483 531 meritas

212 565 308 639 iuquit,
325 582 382 620 nun
398 566 522 620 timuerit
538 579 723 618 consecrare.
752 559 799 616 Ubi
812 559 955 615 observare
969 558 1042 622 libet,
1060 560 1099 614 uti
1114 568 1142 615 ot
1157 559 1184 614 in
1201 566 1257 615 tota
1272 559 1399 634 epistola,
1412 559 1482 616 nibil

211 650 245 706 de
266 650 290 703 vi
313 647 459 705 lleeusibus
482 649 567 710 illata,
595 647 660 703 nihil
682 646 716 701 de
737 652 866 720 occupata
888 645 979 700 hostili
1000 661 1075 700 more
1102 645 1209 701 civitate
1231 646 1308 718 queri
1328 643 1482 719 praedictae

211 732 308 808 synodi
324 742 424 807 patres.
462 733 551 788 Solam
567 731 696 788 llaruerto
718 730 848 801 objiciunt
868 729 1000 804 praesulis
1020 729 1091 786 baud
1107 729 1214 803 quidem
1230 729 1335 804 indigui
1350 737 1429 787 tauto
1444 730 1481 787 ia·

211 820 295 893 stigio
316 817 364 874 sed
381 818 450 890 juris
472 817 551 873 alieni
567 816 770 880 ordinationem,
793 833 872 890 quam
894 816 965 871 iarte
979 814 1025 871 ille
1040 813 1181 872 obfirmato
1196 816 1284 872 animo
1299 814 1482 873 contendebat

211 904 335 980 dignitati
351 921 415 959 suae
430 921 461 958 err
484 904 596 976 antiquo
616 902 743 958 adnexam
758 900 832 958 nulla
846 901 922 957 avelli
942 902 1137 957 constitutione
1152 902 1284 974 potuisse.
1315 900 1396 957 Certe
1411 899 1482 958 llila·

211 1008 257 1046 rus
273 997 362 1045 notam
376 990 429 1063 ipsi
444 988 533 1044 solum
549 989 673 1062 impingit
695 985 836 1061 superbiae
851 993 879 1042 et
894 985 1057 1041 rebellionis.
1097 987 1150 1043 Cui
1164 1005 1288 1060 empnam
1301 986 1426 1060 profuit,
1443 987 1482 1043 iu·

212 1077 279 1148 quit,
295 1090 373 1130 inens
388 1075 511 1144 rebeliis,
534 1081 584 1129 ant
599 1090 682 1146 paam
704 1073 858 1145 superbiae
878 1089 934 1128 naa
956 1074 1106 1128 inclinarit
1126 1074 1233 1128 elatio?
1268 1069 1301 1127 Et
1321 1071 1481 1145 quibrmdam

212 1158 373 1230 interjectis:
389 1160 512 1216 Factam
527 1162 593 1232 ejas
609 1164 784 1215 cannerrcrat
800 1161 841 1214 sic
857 1159 970 1227 resotai,
993 1162 1024 1213 at
1037 1159 1132 1230 juxta
1153 1174 1260 1227 cortem,
1284 1173 1361 1232 puae
1374 1173 1481 1230 perpe·

212 1252 290 1301 trata
306 1251 381 1314 sarri,
398 1247 565 1317 qualitatem
581 1261 636 1300 aon
653 1248 714 1300 siae
723 1246 849 1316 jactare
862 1246 979 1314 proprii
992 1244 1101 1299 ordinis
1116 1247 1200 1300 etiam
1214 1245 1294 1299 iliam
1309 1262 1328 1299 a
1343 1244 1481 1299 sacerdo-

211 1333 264 1387 tuii
284 1333 426 1387 consortio
449 1331 610 1387 srtbmoaeri
630 1335 774 1399 cerneret,
798 1344 881 1402 quem
902 1332 1011 1385 creavit
1026 1329 1157 1385 innectite.
1182 1328 1339 1402 tamquam
1355 1328 1482 1403 epistola,

213 1415 282 1471 nude
295 1415 529 1489 lraeccolligimus,
547 1412 999 1476 ibiebruariidiea.dillsitdata,
1015 1416 1147 1486 sequitur,
1165 1413 1483 1471 utlittemeillaceodem

212 1518 303 1558 ruruse
316 1500 433 1564 ineunte,
448 1500 488 1557 vel
499 1501 743 1556 exeuntelauuario
754 1501 870 1574 scriptae
882 1500 990 1562 luerint,
998 1499 1130 1573 praedicta
1138 1498 1244 1574 syuodo
1252 1498 1482 1556 uourlurusoluta.

741 1613 747 1619 ⁴
811 1628 866 1693 VI.

211 1761 238 1796 n.
256 1740 317 1796 tot
334 1748 401 1795 eante
416 1742 442 1796 d.
460 1739 500 1796 ‘25
517 1741 602 1796 Febr.
634 1742 663 1797 S.
681 1741 780 1796 Hilari
791 1755 890 1811 papae
905 1741 945 1795 aei
959 1740 1101 1796 Veranium
1116 1741 1151 1796 de
1167 1741 1361 1820 convenienda
1375 1757 1401 1798 s.
1417 1740 1484 1797 tta-

363 1833 451 1882 rnerto
467 1829 616 1900 delepatio.
790 1836 800 1843 “

297 1928 396 1983 limium
414 1937 535 2001 tempore
551 1927 656 1984 llilarus
672 1927 772 2000 scripta
788 1927 819 1982 ad
835 1927 966 1983 Veronam
982 1928 1139 2002 episcopum
1154 1927 1294 2002 dirigebat,
1316 1926 1416 2003 quibus
1432 1930 1486 2004 ipsi

210 2012 393 2076 rlerrrarrrlabat,
419 2021 448 2069 ut
464 2013 619 2069 liaurertum
635 2031 675 2071 ea·
689 2031 743 2069 saa
759 2015 937 2086 delegatione
952 2013 1045 2075 adiret,
1069 2013 1133 2087 quid
1148 2013 1199 2070 sibi
1214 2032 1228 2069 a
1242 2012 1350 2088 syuodo
1364 2014 1487 2071 relatum

174 2154 176 2161 ,
211 2101 307 2155 luisset
329 2098 550 2154 denuntiaturus:
581 2117 641 2156 eum
670 2098 793 2154 videlicet
819 2098 942 2155 ordinato
970 2099 1065 2154 lleeusi
1088 2101 1215 2173 episcopo
1244 2108 1345 2156 temere
1365 2100 1487 2157 violasse

211 2184 284 2258 quod
299 2183 354 2240 Leo
373 2183 522 2245 ‹lebuierat
545 2193 628 2259 utque
644 2203 658 2240 a
673 2185 777 2258 coeptis
793 2183 924 2240 desistere.
940 2184 1020 2241 vellet
1037 2184 1166 2259 lirruaque
1192 2185 1362 2259 professione
1377 2187 1488 2249 testari,

211 2287 242 2327 se
257 2273 394 2342 deinceps
411 2272 546 2342 periculo
565 2273 673 2328 ordinis
688 2274 735 2326 sni
747 2286 861 2342 seraper
875 2276 1113 2327 conservaturam
1129 2273 1306 2343 apostoticae
1319 2271 1398 2328 sedis
1411 2272 1487 2345 defi-

211 2359 352 2424 nitionem,
376 2356 417 2411 sin
433 2356 529 2418 miuus,
547 2358 587 2412 nd
601 2358 799 2413 Arelatensem
815 2360 966 2412 ecetesiam
981 2358 1096 2413 casdem
1112 2359 1392 2430 praeeminentes,
1409 2375 1488 2431 qaa-

211 2459 275 2497 ram
290 2459 345 2514 non
359 2442 466 2513 suisset
482 2443 660 2498 ordinatione
676 2449 834 2511 sordentes,
853 2459 912 2498 esse
928 2441 1090 2498 revocandas
1106 2442 1169 2513 (llil.
1186 2460 1229 2516 ep.
1248 2443 1288 2500 10
1302 2439 1378 2514 ab).
1412 2441 1513 2501 ilaec·

210 2528 310 2600 scripta
325 2526 455 2582 hacteuus
470 2526 665 2582 desiderantur,
698 2526 765 2594 Quid
788 2544 850 2581 verr»
871 2526 932 2582 iude
947 2535 1069 2583 secutum
1085 2528 1129 2591 sit,
1150 2544 1263 2601 prorsus
1279 2527 1353 2584 latet.
1384 2526 1440 2585 snt
1456 2538 1489 2585 ct

212 2620 302 2668 utrum
318 2628 409 2668 revera
425 2612 575 2685 peccaverit
590 2612 743 2676 llaurertus,
760 2629 792 2667 au
809 2614 881 2686 ragis
898 2612 1026 2686 iadsisrpue
1038 2612 1250 2669 :recusationibus
1266 2612 1398 2687 tleceptus
1410 2611 1490 2670 llila·

210 2715 257 2753 rus
272 2706 395 2753 sanctum
411 2698 495 2753 sirum
512 2700 547 2753 ita
563 2698 630 2754 ruale
647 2697 777 2758 insiluerit,
798 2699 930 2754 incertum
946 2706 973 2753 et
988 2697 1075 2754 adhue.
1090 2697 1140 2753 sub
1151 2698 1243 2769 judice
1258 2698 1291 2754 lis
1306 2707 1358 2756 est.
1388 2698 1489 2773 Neque

211 2784 281 2839 euim
298 2785 365 2838 tanti
381 2792 422 2838 est
437 2783 564 2857 ponderis
579 2784 676 2857 syuodl
692 2801 706 2838 a
722 2782 835 2839 beorrtio
852 2784 965 2839 iurlictae
985 2791 1013 2839 et
1028 2791 1210 2859 congregatae
1225 2784 1380 2848 auctoritas,
1404 2782 1489 2856 cujus

211 2869 356 2943 plerosque
371 2878 459 2943 patres
476 2868 581 2925 insum
602 2870 785 2943 sulliagaueos
807 2870 833 2924 in
854 2869 1042 2942 metropolitae
1059 2871 1219 2926 seutentiam
1240 2868 1391 2926 concedere
1406 2878 1435 2925 et
1450 2870 1489 2927 at

209 2954 269 3025 ejus
290 2953 429 3011 arbitrium
450 2963 531 3028 ratque
553 2955 718 3012 voluntatem
739 2955 909 3011 eoulormare
932 2973 962 3010 se
983 2957 1114 3028 potuisse,
1136 2973 1200 3011 raro
1222 2972 1271 3012 uec
1293 2953 1416 3012 absimile
1433 2972 1490 3013 uec

211 3042 299 3115 iniqua
315 3048 355 3097 est
372 3042 499 3116 suspicio.

434 3139 437 3143 ’
805 3135 877 3200 Vll.

211 3264 287 3303 arrrto
303 3245 363 3302 tos
380 3253 430 3302 aret
446 3244 517 3303 tat.
553 3247 678 3320 bipenni
694 3248 909 3303 Ebredunensis
925 3249 1053 3319 episcopi
1067 3248 1107 3302 ad
1125 3263 1148 3302 s.
1167 3247 1302 3304 Heiorum
1318 3264 1433 3321 papum
1448 3248 1488 3305 de

364 3335 552 3402 resnrputione
567 3333 692 3404 qrtrrdarn
708 3335 838 3389 ,tatararii
852 3335 986 3404 episcopi.

297 3433 408 3487 buxauii
424 3434 565 3506 llqueusis,
589 3443 615 3488 ut
634 3442 737 3507 putant,
754 3435 881 3506 episcopi,
905 3449 1010 3488 sarisam
1027 3433 1077 3490 sibi
1100 3433 1169 3489 baud
1186 3434 1270 3491 multo
1286 3442 1349 3510 post
1364 3432 1487 3492 delatam

213 3516 316 3571 llilarrrs
333 3517 435 3573 lucilius
456 3518 599 3591 expedivit.
638 3518 685 3574 llle
706 3520 846 3574 occasione
869 3518 937 3574 baud
959 3518 1039 3574 dubie
1060 3518 1118 3591 ejus
1140 3519 1290 3593 legationis,
1313 3536 1393 3593 quam
1409 3536 1487 3579 auno

210 3602 271 3658 462
287 3619 348 3657 cum
369 3601 468 3657 Fausto
485 3602 609 3677 ltogieusi
632 3605 760 3678 episeopo
776 3603 887 3666 obierat,
910 3614 940 3660 ut
960 3621 1042 3679 supra
1063 3606 1230 3661 meruiuiruus
1246 3603 1292 3678 (ci.
1310 3603 1362 3661 llil.
1378 3622 1423 3679 ep.
1441 3604 1486 3679 8),

211 3687 339 3761 (piraterium
361 3686 392 3741 ab
414 3687 503 3743 llilaro
525 3690 551 3744 iu
574 3688 771 3746 Eluudrrueusis
794 3689 922 3746 ecelesiae
943 3689 1135 3764 praejudicium
1155 3689 1335 3765 subripuerat,
1361 3707 1434 3767 «puae
1456 3700 1485 3749 et

210 3771 384 3846 synodalibus
400 3775 508 3829 statutis
526 3773 556 3828 ab
573 3775 720 3849 apostolica
736 3775 800 3831 sede
816 3774 926 3831 liruratis
942 3784 1033 3850 aperte
1049 3778 1182 3833 contraria
1197 3775 1364 3833 videbantur.
1394 3775 1486 3833 l'urro

212 3943 302 4000 libello
318 3952 345 3999 ut
360 3943 486 4000 subnexis
503 3947 688 4020 ‹pruml’eraui
705 3956 731 4003 et
747 3949 883 4003 sociorum
899 3949 1087 4021 episcoporum
1104 3947 1168 4003 olim
1189 3947 1221 4003 ad
1235 3948 1301 4004 banc
1316 3963 1425 4003 causam
1436 3964 1486 4005 co·

211 4029 393 4105 guascomlaur
414 4029 497 4087 Leoni
519 4031 705 4106 delegatorum
729 4032 904 4089 relationibus
927 4042 982 4090 turn
1003 4034 1087 4106 ipsius
1109 4032 1207 4089 Leonis
1228 4034 1417 4108 responsione.
1436 4031 1486 4104 jus

211 4116 338 4172 err-lasiae
359 4132 423 4171 srme
444 4119 571 4173 acerrime
592 4118 761 4175 deieudebat.
792 4119 860 4187 Quid
883 4129 939 4174 trmr
955 4136 1056 4192 aequus
1073 4118 1213 4192 poutiiexi
1243 4118 1291 4175 llis
1312 4116 1441 4176 omuibus
1455 4120 1485 4177 iu

207 4201 310 4273 judicio
332 4203 470 4259 recensitis
492 4203 518 4258 id
540 4203 626 4260 valere
648 4205 744 4268 uoluit,
767 4205 840 4279 quod
861 4224 874 4259 a
895 4222 925 4260 se
945 4221 994 4278 per
1015 4203 1200 4278 obreptionem
1221 4212 1249 4262 et
1269 4213 1365 4262 contra
1378 4211 1487 4262 statuta

211 4286 348 4362 synodalia
368 4304 398 4343 ac
419 4287 569 4345 ‹leressoris
591 4291 633 4346 sui
653 4289 824 4347 definitiones
841 4291 958 4347 elicitum
980 4289 1092 4352 videbat,
1114 4289 1230 4364 ideoque
1251 4289 1332 4362 lmjus
1353 4290 1486 4364 (puerulas

212 4374 394 4445 rogrrirtannn
415 4373 532 4435 Verauo,
554 4374 667 4431 Leontio
690 4385 717 4432 et
738 4376 848 4433 Virtrrru
869 4377 1003 4450 episeopis
1025 4374 1192 4432 demandavit
1222 4374 1267 4447 (ci.
1284 4375 1337 4432 llil.
1354 4392 1398 4449 ep.
1419 4370 1484 4449 12).

211 4459 285 4515 limle
300 4458 380 4514 simul
396 4459 472 4514 iaeiie
488 4460 635 4533 colligitur,
652 4461 685 4516 de
696 4462 844 4518 tleureleusi
859 4471 885 4518 et
896 4462 1000 4517 b'ieeusi
1016 4461 1135 4518 ecelesiis
1146 4461 1177 4516 ab
1190 4463 1309 4517 tusculo
1321 4462 1486 4535 interceptis

210 4552 390 4619 conquestum
406 4544 489 4600 lrrisse
505 4545 664 4619 ingenuum,
687 4546 734 4602 sed
756 4566 804 4603 ner:
820 4550 907 4622 ipsum
924 4549 994 4603 omui
1011 4564 1123 4621 prorsus
1138 4546 1217 4621 culpa
1232 4563 1338 4603 vacasse
1353 4545 1486 4604 ordinato

211 4633 237 4687 iu
254 4647 345 4686 earum
360 4630 444 4687 tritura
458 4632 586 4704 episeopo
602 4631 812 4705 pr·aeter·beorris
828 4633 975 4695 decretum,
992 4650 1045 4707 rpro
1057 4642 1199 4707 utraruque
1210 4633 1349 4689 eeclesiam
1360 4630 1415 4688 sub
1427 4648 1486 4689 uno

211 4717 331 4772 antistite
347 4716 491 4791 regendam
512 4717 699 4773 consummar.
738 4718 785 4775 Ubi
805 4722 875 4776 euim
891 4718 996 4775 llilarus
1018 4726 1100 4775 totam
1123 4720 1189 4776 baur.
1205 4718 1429 4780 controversiam,
1454 4724 1487 4775 ut

211 4801 292 4858 rrrodo
307 4804 522 4875 perstrinximus,
547 4805 679 4876 exposuit.
701 4807 790 4860 statim
806 4805 938 4861 eleemon:
964 4814 993 4861 ut
1008 4806 1114 4861 babeat
1132 4808 1310 4878 pontificiam
1331 4805 1488 4879 irmeneus

208 4891 377 4961 provinciae
391 4905 472 4961 snae,
496 4892 531 4946 de
543 4892 630 4964 anjam
644 4891 757 4960 diarium,
774 4892 870 4967 arrpuit,
883 4893 920 4947 ab
936 4894 1094 4965 apostolica
1107 4894 1173 4949 sede
1185 4898 1227 4949 est
1237 4893 1337 4947 illicita
1350 4894 1488 4950 cessione
