3412 5664
260 223 301 290 38
627 237 762 286 norum
785 187 937 287 rnanvrn
960 235 1160 287 11111111

259 402 378 460 noluisse
399 398 550 458 credendus
565 408 609 458 est
623 400 744 457 Gelaslus
759 399 890 464 Leonem,
915 401 961 475 qut
982 400 1009 457 in
1030 397 1112 457 rebus
1126 399 1276 474 gravissimi
1291 403 1436 466 momenti,
1460 416 1530 477 quas

156 540 161 558 ,
260 489 347 563 primo
362 487 493 544 dictasset
507 486 622 550 litteras,
638 501 845 561 recognoscere,
862 485 971 542 elimare
982 492 1009 541 et
1020 484 1157 560 perpolire
1169 501 1224 542 uon
1240 485 1409 560 gravabatur,
1425 488 1530 562 quique

260 572 403 647 aliquando
419 573 499 628 etiam
514 570 613 645 duplex
633 571 730 645 legatis
751 571 900 627 litterarum
921 587 1030 627 suarum
1045 569 1167 626 tradebat
1182 570 1349 645 exemplum,
1372 589 1457 628 unum
1472 588 1529 629 am·

261 658 341 734 plius,
356 659 385 714 iu
401 674 455 731 quo
471 656 602 730 quaedam
624 655 852 719 adnectebantur,
869 672 937 730 quae
952 673 1003 730 pro
1020 663 1141 729 tempore
1157 654 1269 712 dicenda
1284 656 1324 712 vel
1340 657 1454 714 tacenda
1468 674 1531 714 cre·

261 744 351 805 deret,
381 742 509 804 alterum,
537 758 552 797 1
572 758 627 815 quo
648 743 714 798 lmec
730 740 854 804 aberant,
880 757 1029 814 eorumque
1044 739 1217 816 permittebat
1232 740 1406 815 prudentiae,
1436 750 1532 801 utrum

261 828 420 890 redderent,
438 826 530 901 quales
545 842 587 883 ex.
605 844 647 901 gr.
664 835 729 882 sunt
743 825 842 882 Leonis
859 825 991 900 epistolae
1005 825 1053 888 12,
1070 824 1111 884 30
1126 833 1153 881 et
1168 818 1250 898 31¹).
1280 824 1399 884 Leonem
1414 843 1490 891 vero,
1506 829 1533 885 si

262 921 355 969 nostru
370 928 421 968 nos
437 928 492 968 uon
508 911 576 967 lallit
596 912 702 986 opinio,
723 913 751 967 in
773 928 806 967 eo
827 912 947 967 imitatus
968 919 1010 967 est
1032 909 1162 973 Gelasius,
1184 925 1218 966 eo
1239 911 1311 985 quod
1332 928 1401 987 opus
1416 911 1533 970 rutilare

261 997 388 1075 penicillo
403 998 518 1071 primum
534 996 697 1052 delineatum
712 995 886 1070 postmodum
901 993 1031 1070 perticere
1046 1003 1127 1070 atque
1143 993 1267 1052 omnibus
1279 999 1398 1054 numeris
1408 999 1469 1055 suis
1483 1014 1533 1055 ex·

260 1083 336 1158 plere
351 1084 426 1139 uisus
442 1089 494 1138 est.
524 1083 561 1138 de
576 1082 664 1155 primo
681 1081 789 1155 quidem
805 1080 911 1137 brevius
926 1082 1057 1156 epistolae
1078 1079 1160 1152 huJus
1175 1081 1326 1156 exemplum
1342 1099 1397 1140 non
1412 1082 1533 1155 alicujus

261 1168 361 1224 librarii
376 1183 459 1242 opera
474 1173 626 1223 truncatum
648 1183 723 1228 esse,
744 1165 792 1222 sed
814 1166 898 1222 veluti
916 1167 1033 1240 primurn
1054 1167 1190 1240 specimen
1212 1163 1244 1221 nb
1265 1167 1325 1241 ipso
1341 1167 1533 1226 (1111111111-

260 1253 392 1326 scriptum
407 1250 497 1308 haberi
513 1249 612 1307 debere
626 1251 689 1307 inde
704 1250 782 1307 nobis
803 1267 962 1325 persuasum
983 1260 1039 1314 est,
1062 1250 1136 1325 quod
1156 1267 1211 1307 uon
1235 1268 1288 1308 unc
1310 1253 1351 1310 vel
1373 1252 1461 1310 altero
1482 1260 1534 1311 aut

261 1338 352 1413 paucis
368 1337 435 1393 locis
451 1343 583 1392 mutatum
600 1336 792 1400 mutilatumre,
808 1337 907 1392 sicum
923 1336 1009 1392 altero
1025 1336 1189 1399 conteratur,
1203 1346 1338 1411 appareat,
1353 1338 1402 1394 sed
1413 1355 1429 1393 1
1441 1339 1533 1413 capite

263 1422 295 1478 ad
311 1421 424 1485 calcem,
440 1422 532 1495 paucis
548 1420 672 1492 adjectis,
689 1420 812 1495 pluribus
829 1422 924 1485 tacitis,
940 1419 1027 1477 verbis
1043 1422 1240 1496 sententiisque
1255 1420 1401 1479 identidem
1417 1424 1533 1481 mutatis

262 1509 360 1582 passim
383 1506 479 1562 abillo
499 1506 643 1580 discrepet.
681 1505 780 1562 beiude
801 1523 864 1563 vero
885 1506 1055 1580 exploratum
1075 1504 1219 1569 trabentes,
1241 1504 1267 1561 id
1289 1524 1384 1571 omne,
1405 1508 1481 1583 quod
1502 1510 1533 1566 iu

263 1592 393 1666 ampliore
408 1590 531 1666 exemplo
547 1590 694 1663 adjectum,
717 1599 867 1647 resecatum
891 1599 1056 1648 mutatumre
1072 1599 1129 1654 cst,
1152 1590 1193 1647 rel
1214 1589 1246 1646 ad
1262 1593 1378 1648 nitorem
1393 1595 1533 1652 sermonis

263 1679 304 1734 rel
319 1677 352 1733 ad
367 1677 561 1751 elegantiorem
577 1677 706 1733 orationis
722 1692 820 1732 nerum
835 1675 928 1732 autad
943 1676 1092 1751 pleniorem
1107 1676 1240 1733 lectorum
1256 1679 1463 1751 expositionem,
1478 1695 1532 1737 seu

262 1762 295 1819 ad
310 1760 476 1818 amoliendos
491 1769 573 1835 atquc
588 1761 751 1817 amovendos
772 1777 869 1818 sensns
890 1761 1050 1826 nonnullos,
1074 1762 1120 1835 qui
1147 1778 1180 1818 ex
1200 1760 1365 1835 simplicibus
1386 1779 1415 1820 ac
1439 1765 1533 1822 minus

262 1849 331 1922 aptis
347 1847 446 1921 prioris
462 1846 577 1920 exempli
593 1845 671 1902 dictis
687 1844 778 1902 subire
793 1848 896 1904 animos
911 1856 1038 1921 possent,
1055 1844 1172 1920 denique
1186 1847 1219 1904 ad
1235 1857 1460 1921 argumentorum
1475 1851 1532 1907 rim

262 1930 413 2007 augendam
429 1931 470 1987 rel
481 1930 666 1988 illustrandam
682 1930 844 1996 conducere,
858 1931 1241 2002 incunctanterjudiearimus,
1255 1933 1307 1990 hoe
1318 1950 1373 1990 uon
1385 1951 1456 2009 opus
1468 1951 1533 1992 esse

263 2015 474 2091 interpolatoris,
490 2016 538 2073 sed
553 2018 638 2092 ipsius
651 2016 757 2081 Gelasii,
774 2018 820 2091 qui
836 2017 902 2073 nibil
918 2016 1111 2092 negligendum
1126 2016 1216 2083 duait,
1233 2026 1264 2075 ut
1274 2019 1404 2094 scriptum
1416 2018 1451 2077 ad
1462 2037 1532 2078 cou-

262 2101 392 2160 ciliaudos
408 2101 523 2158 Graecos
540 2102 581 2158 rel
596 2100 629 2157 ad
644 2110 750 2159 ceteros
767 2101 799 2157 ab
820 2118 914 2158 eorum
929 2103 1073 2159 schismate
1089 2102 1248 2160 avertendos
1264 2118 1278 2158 a
1292 2120 1323 2160 se
1338 2105 1532 2163 concinnatum

262 2188 380 2244 numeris
396 2186 520 2244 omuibus
533 2186 693 2243 absolveret.
724 2186 796 2255 Quae
811 2205 894 2261 quum
909 2188 945 2243 ita
960 2188 1030 2250 sint,
1046 2188 1111 2244 satis
1126 2195 1209 2250 esset,
1225 2188 1338 2262 amplius
1354 2188 1421 2245 illud
1437 2206 1531 2247 exeun·

261 2273 335 2347 plum
352 2272 437 2329 oculis
452 2271 596 2343 subjicere.
634 2271 686 2327 Sed
709 2274 770 2345 quia
786 2273 900 2329 alterum
916 2290 930 2328 1
945 2271 1068 2347 pluribus
1084 2274 1200 2346 antiquis
1217 2274 1328 2329 citatum
1350 2281 1407 2338 est,
1429 2291 1532 2350 operae

262 2359 378 2433 pretium
393 2358 484 2426 inerit,
502 2364 531 2413 et
545 2355 612 2413 illud
628 2373 643 2412 e
658 2358 772 2431 regione
779 2350 801 2428 ²)
817 2374 967 2433 opponere.
991 2357 1058 2414 lliue
1069 2367 1143 2414 corte
1158 2357 1262 2415 ducent
1274 2357 1382 2422 eruditi,
1395 2376 1430 2416 ue
1446 2376 1531 2435 opera

261 2461 310 2501 sua
324 2450 470 2500 retractare
484 2451 512 2498 et
527 2441 559 2497 ad
574 2441 698 2498 incudem
710 2458 836 2498 revocare
851 2459 899 2498 eos
916 2442 956 2498 rel
971 2444 1062 2517 pigeat
1074 2442 1115 2498 rel
1131 2443 1246 2517 pudeat,
1263 2460 1347 2518 quum
1362 2445 1394 2500 iis
1410 2444 1532 2519 clarissij

263 2546 368 2585 urorum
384 2527 705 2601 occupatissimcrumquc
720 2527 875 2602 praesulum
892 2536 944 2583 tam
958 2527 1067 2583 illustre
1082 2527 1254 2602 praefulserit
1268 2528 1430 2604 exemplum.

491 2659 530 2720 Iu
551 2658 669 2720 Galerii
689 2675 790 2737 papae
813 2659 977 2739 epistolem
998 2659 1037 2720 2⁷
1059 2656 1170 2741 (‚‚Qnid
1182 2658 1297 2743 erpd‘).

124 2795 252 2866 11111]
349 2784 376 2840 1.
404 2784 432 2839 ln
448 2781 583 2839 veteribus
600 2792 657 2839 tum
673 2781 774 2839 codicis
795 2782 966 2839 aPascbasio
983 2781 1128 2850 Quesnello
1151 2782 1252 2859 vulgati
1276 2792 1333 2839 tum
1348 2784 1445 2843 Isidori
1461 2786 1529 2844 ller-

262 2871 362 2926 eatoris
375 2867 571 2943 exemplaribus
583 2877 737 2924 asservatur
748 2868 814 2924 hace
825 2865 947 2942 epistola,
964 2875 991 2923 ct
1001 2870 1027 2924 in
1039 2866 1198 2942 quibusdam
1215 2866 1294 2942 (sieut
1306 2868 1433 2927 Vaticano
1447 2872 1531 2931 1340

263 2955 310 3011 iol.
320 2954 390 3017 281,
412 2953 515 3010 Veneto
538 2971 560 3010 s.
578 2952 657 3010 llarci
675 2954 733 3010 169
756 2961 783 3008 et
803 2952 861 3009 aliis
881 2951 1017 3009 codicibus
1039 2952 1255 3009 Pseudo-isidori
1275 2955 1303 3010 iu
1325 2955 1446 3013 editione
1466 2957 1530 3015 llin-

262 3040 330 3097 sclrii
341 3038 506 3095 classilietC
517 3036 709 3110 adnumeratis)
720 3039 778 3094 sine
791 3038 844 3094 ulla
859 3037 1033 3095 distinctione
1048 3038 1219 3112 praecedenti
1233 3046 1298 3113 post
1312 3056 1392 3097 voees
1405 3058 1529 3102 eommu-

262 3129 346 3182 nione
362 3131 520 3180 tractatam
537 3122 698 3179 adnectitur.
728 3123 758 3178 ln
774 3124 823 3179 hae
838 3139 895 3180 earu
913 3123 998 3180 lorma
1013 3124 1092 3180 etiam
1108 3122 1235 3179 lierlinus
1251 3123 1343 3180 edidit.
1380 3125 1481 3185 Deinde
1497 3129 1530 3185 ab

262 3209 308 3265 illa
322 3207 444 3279 sejuncta
459 3224 530 3263 anno
548 3207 644 3270 1551,
668 3208 789 3280 adeoque
810 3216 953 3282 antequam
974 3225 1032 3265 cam
1047 3207 1161 3265 lacobus
1177 3206 1336 3287 Sirmondus
1357 3226 1427 3269 anuo
1445 3214 1527 3272 11131

264 3309 391 3349 unacum
409 3295 571 3364 appendice
587 3294 649 3349 cod.
669 3293 773 3349 Tbeod.
791 3291 922 3367 vulgaret,
939 3293 1114 3351 conciliorum
1130 3292 1285 3350 collectioni
1300 3311 1314 3348 1
1330 3293 1411 3352 Petro
1426 3296 1530 3356 Crabbu

263 3378 438 3434 concinnatae
453 3378 554 3433 inserta
570 3376 680 3450 legitur.
711 3376 886 3433 Postmodum
907 3393 971 3434 vero
987 3395 1001 3433 a
1015 3376 1121 3434 Labbeo
1137 3378 1242 3434 tom.lV
1257 3378 1353 3435 concil.
1370 3388 1398 3436 et
1413 3399 1428 3437 1
1444 3381 1529 3451 Ques·

262 3462 335 3519 ncllo
351 3461 383 3516 ad
399 3461 497 3518 calcem
521 3477 633 3535 operum
654 3479 676 3535 s.
693 3461 791 3518 Leonis
806 3463 887 3518 sicuti
902 3464 929 3519 in
945 3461 1143 3538 posterioribus
1166 3463 1329 3521 editionibus
1350 3466 1529 3526 conciliorum

263 3546 294 3602 ab
309 3545 446 3602 llanluiuo
462 3554 490 3602 et
504 3545 606 3602 Mansio
627 3554 655 3602 et
669 3547 836 3603 collectionis
853 3547 1055 3616 Qucsuellianae
1076 3565 1091 3605 a
1106 3547 1253 3605 Balloriniis
1275 3548 1411 3607 adornatis
1433 3569 1529 3610 recusa

262 3641 313 3689 est.
344 3631 373 3687 ln
388 3633 505 3706 antiquis
518 3638 607 3688 autern
622 3631 761 3689 codicibus
776 3633 906 3706 epistolae
917 3635 1051 3708 superiori
1066 3632 1235 3691 subnectitur
1250 3636 1333 3692 hocce
1349 3636 1429 3693 titulo
1444 3639 1529 3696 inter-

257 3717 347 3788 jecto:
364 3718 536 3790 Expliciant
552 3721 681 3774 rationes
695 3720 872 3781 reddendae,
889 3722 1028 3777 Acacium
1042 3738 1061 3775 a
1073 3722 1140 3777 sede
1155 3723 1314 3790 apostolica
1331 3728 1529 3794 competenter

258 3803 354 3875 faisse
368 3804 534 3859 damnatam
549 3817 603 3859 nec
617 3818 703 3874 passe
717 3808 877 3877 qnempiam
893 3808 953 3861 sinc
968 3805 1134 3861 discrimine
1149 3808 1262 3861 animae
1282 3822 1354 3863 snae
1370 3809 1437 3879 ejas
1452 3826 1528 3866 com·

262 3891 404 3944 munionis
419 3890 595 3960 participem
619 3888 709 3960 effici.
746 3889 853 3961 incipit
867 3891 903 3945 de
918 3891 1016 3946 eadem
1031 3894 1143 3947 ratione
1161 3893 1306 3947 reddenda
1323 3893 1363 3946 ad
1375 3896 1529 3967 episcopos

265 3975 397 4029 Orientis.
425 3971 497 4040 Quae
513 3980 650 4047 postrema
666 3971 746 4028 rerba
760 3974 786 4029 in
802 3974 930 4047 exemplis
946 3974 1107 4031 isidorianae
1122 3975 1291 4032 collectionis
1307 3976 1446 4050 excipiunt
1461 3980 1528 4035 ista:

263 4059 460 4115 Dilectissimis
471 4058 619 4130 fratribus
635 4061 776 4115 ninivensis
798 4063 941 4132 episcopis
960 4062 1149 4117 orientalibus
1164 4060 1306 4117 Gelasins.
1338 4059 1369 4116 Et
1385 4062 1454 4119 hanc
1468 4065 1528 4138 qui·

262 4143 322 4199 ilem
337 4143 549 4217 inscriptionem,
567 4159 635 4217 quae
651 4142 743 4199 stilum
759 4144 931 4219 epistolarem
943 4145 1021 4218 sapit,
1035 4144 1194 4201 Sirnrondus
1207 4146 1328 4201 retinuit.
1352 4145 1423 4203 idem
1437 4157 1528 4207 tamen

262 4229 288 4284 in
312 4227 478 4302 praelatione
493 4225 525 4282 ad
542 4226 671 4284 lectorem
687 4226 809 4284 ‹lrrbitare
825 4246 854 4285 se
870 4238 959 4292 notat,
985 4232 1142 4303 epistolare
1163 4249 1201 4287 an
1220 4235 1318 4303 potins
1329 4233 1529 4306 srapmeritnm

261 4328 313 4370 scu
324 4316 422 4386 portio
437 4315 560 4370 dicenda
576 4317 612 4370 sit
627 4320 786 4384 tractatus,
804 4318 854 4388 qai
868 4334 886 4370 a
903 4314 1022 4372 Nicolaa
1036 4333 1118 4388 papa
1133 4320 1161 4372 in
1178 4317 1287 4389 epistti
1304 4319 1343 4372 ad
1353 4318 1528 4376 Miaiaitam

261 4401 465 4471 imperatorem
485 4400 592 4456 dicitnr
612 4400 738 4469 „Tonans
760 4400 868 4457 Gelasii
887 4402 927 4456 ad
947 4400 1139 4458 Orientales“.
1184 4404 1218 4456 dt
1239 4402 1398 4459 exstimavit
1420 4420 1527 4479 nempe,

332 4595 351 4662 ¹)
368 4595 486 4649 Prorsus
505 4593 603 4648 ererlem
616 4596 759 4672 ‘sententia
776 4595 987 4651 Balleriniorum
1005 4599 1055 4664 est,
1073 4598 1144 4653 sicut
1161 4599 1195 4653 de
1213 4599 1317 4670 duplici
1333 4601 1424 4656 torma
1441 4601 1529 4658 dieta·

260 4678 322 4715 rum
340 4662 520 4731 epistolarum
537 4662 637 4716 Leonis
655 4681 711 4718 non
729 4663 811 4719 aliter
829 4666 950 4720 censent.

329 4730 349 4789 ’i
369 4729 449 4794 Quod
466 4748 517 4785 nos
535 4729 576 4807 ita
593 4731 771 4798 absolvimus,
789 4735 938 4788 attextum
954 4750 987 4788 ex
1000 4735 1160 4791 recensione
1172 4735 1384 4792 Badleriniorum
1396 4744 1454 4793 cod.
1467 4759 1526 4795 can.

261 4803 322 4852 ecci.
342 4806 645 4869 c.5tiepp0suer1mus.
682 4801 760 4871 {Ed}
