3450 5678
304 293 370 358 470
778 305 805 352 s.
823 302 963 350 causan
985 299 1100 349 ruens

208 466 340 528 nectet
362 461 518 542 Bonosus,
543 459 597 544 qui
619 441 714 522 simili
738 478 844 520 errore
867 455 1063 537 ‹lefecemnt,
1088 454 1262 520 Montanus
1285 477 1409 540 quimus
1425 478 1498 520 cum
1514 457 1580 521 suis

307 561 563 629 obscoenissimis
580 560 780 646 sequacibus,
797 558 1220 644 ApollinariS,Vale11tinu3,
1237 558 1581 644 sincipitamenta

308 667 446 731 Faustus
469 665 655 745 Africanus,
680 661 850 743 sabellius,
875 661 983 743 Arius,
1007 660 1227 742 Macedonius,
1251 659 1492 754 Eunomius⁸⁵),
1517 661 1583 727 No·

307 772 412 851 ratus,
437 766 669 852 Sabbatius⁸⁶),
693 763 929 848 malesanae),
953 763 1111 845 Donatus,
1128 761 1357 848 Eustasius⁸⁸),
1374 764 1581 848 Jovinianus,

308 870 475 955 Pelagius,
504 867 655 933 Julianus
681 865 939 952 comessati),
976 864 1218 950 malesuasa),
1249 865 1482 951 MaximianuS,
1512 867 1584 934 Pri·

202 537 293 588 -496,

376 1040 646 1109 titillamenta
665 1042 840 1092 Manichacus.
875 1037 995 1104 Moxque
1018 1036 1088 1091 duas
1105 1051 1186 1090 voees
1205 1040 1314 1090 Fartstns
1333 1039 1490 1103 Africanas,
1510 1056 1585 1106 quae

308 1127 337 1181 in
354 1126 431 1197 prius
448 1124 571 1194 vulgatis
589 1123 698 1193 virgus
715 1123 864 1193 interjecta
886 1124 1064 1193 separantur,
1087 1121 1297 1189 conjungendas
1321 1123 1465 1192 putamus,
1493 1140 1585 1192 ecque

308 1213 392 1283 pacto
410 1211 545 1265 Faustum
562 1208 733 1263 haereticum
746 1207 940 1262 Manichaaunr
957 1206 1120 1260 distinctum
1139 1223 1206 1272 esse,
1224 1206 1272 1275 qui
1290 1224 1324 1261 cx
1335 1207 1431 1262 Africa
1449 1207 1585 1263 oriundus

309 1298 383 1364 erat,
406 1294 544 1351 aFausto
562 1293 656 1360 Gallo,
686 1293 733 1363 qni
761 1292 814 1347 etsi
832 1291 1120 1362 Semipelagianorum
1148 1290 1203 1344 dux
1227 1295 1255 1346 ct
1277 1292 1492 1361 antesignanus,
1515 1312 1585 1350 nun·

310 1400 393 1452 quam
411 1383 507 1436 tamen
525 1379 683 1434 hacreticus
701 1377 815 1432 audivit.

376 1470 410 1535 ⁸⁵)
430 1471 456 1522 Γ
473 1470 616 1528 Geneatae,
640 1464 768 1534 exempla
785 1462 949 1517 Hormisdae
968 1467 1105 1516 Eunomias
1125 1466 1269 1529 conomius,
1299 1456 1448 1519 oscitantia
1465 1464 1585 1531 librarii,

310 1553 358 1622 qui
376 1551 516 1622 duplicem
536 1550 614 1604 unius
633 1549 727 1603 vocius
744 1548 893 1602 lectionem
911 1547 992 1601 simul
1006 1547 1157 1617 spumavit,
1177 1565 1262 1616 quum
1276 1567 1359 1602 anum
1373 1553 1494 1606 Eunonii
1504 1566 1585 1606 voca

310 1638 407 1692 bulum
424 1636 602 1690 retinendum
619 1635 725 1690 lumsct.
738 1665 771 1672 κ
789 1632 895 1687 Deinde
907 1633 936 1687 in
947 1633 1045 1687 iisdem
1059 1633 1192 1704 exemplis
1202 1639 1332 1688 Navalia.
1356 1634 1448 1704 Magis
1459 1636 1587 1705 placeret

312 1728 477 1787 Nasatiaaas,
497 1721 579 1791 hujus
597 1720 670 1775 enim
688 1723 756 1774 ncta
774 1720 839 1773 sunt
855 1717 968 1788 scripta,
987 1733 1043 1771 non
1060 1718 1176 1785 Novati3
1195 1718 1243 1773 sed
1261 1719 1364 1773 Novati
1376 1720 1587 1792 Novatianiqne

311 1807 434 1863 nomime
455 1822 539 1876 saepe
562 1805 636 1876 apud
661 1786 789 1872 aaniros
811 1804 977 1874 praesertim
996 1803 1117 1858 Graecos
1144 1803 1275 1858 confimdi
1298 1804 1511 1860 notatissimum
1534 1808 1585 1861 est.

311 1895 337 1947 ls
356 1893 432 1948 certe
450 1891 494 1946 hic
512 1892 636 1958 notatur,
655 1907 738 1960 quem
751 1889 937 1958 Hieronymus
956 1889 1035 1959 epist.
1050 1896 1082 1942 62
1102 1888 1138 1943 ad
1152 1889 1376 1957 Tranquillinum
1394 1891 1526 1960 designat
1543 1892 1587 1946 his

311 1979 417 2033 verbis:
438 1981 494 2048 Epa
507 1979 639 2044 Ocipenern
654 1987 766 2045 propter
778 1981 944 2028 straditionem
962 1981 1086 2029 interdum
1098 1981 1227 2043 tepentium
1239 1979 1361 2037 arbitror,
1381 1983 1507 2046 quamodo
1523 1981 1586 2031 Ter·

312 2069 448 2125 tullianam,
468 2066 493 2115 N
497 2072 633 2119 enatura:
651 2060 699 2115 ubi
717 2060 803 2115 etiam
823 2065 990 2113 Nccatianam
1007 2059 1158 2113 memorari
1176 2060 1375 2115 existimamus.

379 2151 412 2215 ⁸⁶)
431 2146 462 2202 (3¹
475 2148 634 2212 Sanrbaclas,
652 2146 690 2199 Ηι
701 2146 735 2199 Ρ’
753 2148 782 2199 et
800 2145 846 2199 alii
865 2147 971 2215 septem
985 2147 1119 2198 salassus
1141 2146 1190 2198 a'ut
1201 2149 1359 2200 Sabbastias.
1397 2146 1589 2202 Retinendnm

313 2220 428 2289 cum‘st
439 2232 480 2287 l'·¹¹
491 2232 525 2286 1⁴¹²
536 2232 574 2286 Η8
586 2233 624 2286 Χι
643 2236 672 2286 et
690 2231 771 2286 editis
784 2235 926 2291 Sabostius,
947 2229 1049 2297 dequo
1063 2228 1192 2284 Socrates
1204 2230 1237 2284 ll.
1245 2230 1276 2284 Ε.
1285 2230 1356 2295 V,21
1377 2233 1407 2285 et
1418 2230 1478 2297 vn,
1486 2238 1518 2286 12
1536 2249 1589 2287 nee

313 2336 369 2374 non
386 2318 555 2373 Sczcmenus
572 2317 605 2371 H.
620 2318 650 2371 E.
670 2316 731 2383 VII,
747 2321 778 2370 18
800 2316 882 2386 plura
900 2318 1024 2369 narrant.
1065 2315 1090 2367 ls
1113 2330 1147 2368 cx
1164 2314 1273 2370 iudaea
1295 2317 1385 2370 lactus
1404 2315 1591 2384 Christiania,

313 2407 343 2460 et
354 2423 372 2459 a
382 2403 524 2459 Marciano
537 2402 757 2473 Novatianorqm
776 2401 804 2454 in
816 2400 895 2470 regia
911 2400 978 2454 urbc
991 2399 1122 2469 episeopo
1134 2402 1283 2471 presbyter
1295 2401 1449 2468 ordinatus,
1466 2401 1589 2457 ludaeo-

313 2509 375 2545 rum
397 2488 574 2543 nihilomiuus
596 2488 720 2558 opinioni
742 2486 866 2541 studiose
888 2486 1066 2541 inserviebat.
1112 2485 1202 2550 Quum
1230 2487 1380 2555 praeterea
1408 2484 1591 2557 episcopatus

314 2573 468 2646 cupiditate
485 2573 613 2628 incensus
631 2574 713 2637 essct,
730 2571 868 2642 paschalis
886 2571 949 2627 festi
969 2589 1051 2626 causa
1069 2589 1087 2625 a
1103 2571 1267 2625 Novatianis
1285 2571 1406 2639 secessit,
1426 2587 1591 2640 eorumque,

314 2660 362 2730 qui
379 2660 499 2714 schisma
515 2659 601 2730 ipsius
619 2658 815 2726 sequebantur,
834 2657 980 2727 episcopas
999 2661 1041 2710 cst
1060 2655 1234 2711 constitutus.
1263 2655 1350 2710 Addit
1362 2656 1494 2712 Socrates
1506 2657 1540 2712 H.
1556 2658 1590 2712 li.

269 2730 274 2737 '
313 2746 373 2813 vn,
383 2752 424 2813 as,
442 2763 506 2800 aum
523 2745 552 2799 n
564 2744 683 2798 assam
696 2742 825 2798 anasum
843 2742 1008 2811 relegatum,
1026 2741 1065 2795 tui
1082 2743 1200 2796 martem
1213 2742 1326 2807 asnaa,
1344 2742 1393 2796 aa
1406 2759 1493 2810 qaum
1506 2743 1593 2798 aaa·

315 2830 409 2886 matici
427 2829 513 2901 ipsius
532 2830 625 2884 sectae
644 2827 749 2883 addicti
772 2828 892 2882 cadauer
915 2828 975 2895 ejus
997 2827 1062 2881 inde
1080 2825 1349 2898 Constantinopolim
1372 2815 1595 2896 transtulissent,

314 2933 348 2970 ac
365 2932 449 2986 super
465 2914 602 2968 tumulum
621 2913 680 2984 ejus
699 2929 779 2967 orare
798 2912 932 2977 solerent,
959 2912 1082 2966 Atticum
1102 2928 1216 2982 operam
1234 2910 1355 2979 dedisse,
1378 2913 1456 2967 utin
1474 2912 1531 2969 alic
1549 2931 1595 2970 se

315 3000 412 3070 pulcro
430 3001 514 3054 noctu
532 2999 757 3054 absconderetur.
1098 3028 1101 3033 ·

384 3087 415 3152 ⁸⁷)
435 3084 465 3138 0¹
478 3084 515 3138 11⁸
525 3088 563 3138 c⁸⁰
581 3101 643 3138 cum
662 3084 794 3154 exemplis
812 3083 978 3137 Hormisdac
995 3087 1122 3144 Callistus,
1146 3081 1179 3134 st
1193 3083 1233 3136 Fe
1246 3083 1284 3136 xa
1307 3088 1425 3141 calatas.
1470 3085 1502 3138 ln
1521 3085 1596 3139 anti-

316 3185 371 3240 quo
390 3169 502 3239 quidem
521 3167 767 3222 Pseudo-Silvestri
788 3184 880 3238 papae
904 3168 1067 3232 constitute,
1091 3167 1165 3236 quod
1184 3167 1362 3223 Constantius
1382 3169 1411 3223 in
1434 3169 1596 3241 appendice

316 3255 410 3310 taml
428 3255 508 3325 epist.
523 3254 639 3308 Roman.
653 3253 752 3323 pontif.
766 3252 862 3319 edidit,
880 3259 934 3307 n.5
952 3253 1067 3322 legitur:
1088 3257 1196 3307 Galatas
1214 3260 1250 3307 ita
1268 3259 1354 3308 docuit
1366 3258 1546 3317 Sabellam,
1567 3268 1598 3311 st

262 3340 272 3367 ⁸
317 3344 424 3395 arbitrio
447 3360 492 3394 sac
510 3351 595 3396 ,sumat
617 3359 691 3392 anam
707 3358 843 3407 personam
870 3358 925 3392 esse
948 3341 1089 3395 Trinitatis.
1126 3337 1181 3392 Sed
1199 3339 1355 3407 subjectum
1373 3345 1472 3395 Donati
1488 3358 1597 3396 nomen

318 3442 381 3479 eum
403 3426 449 3480 hic
470 3424 564 3495 potius
586 3423 726 3492 designari
743 3423 906 3493 persuadet,
933 3422 981 3491 qui
1005 3440 1060 3477 una
1084 3441 1147 3477 cnm
1170 3424 1255 3478 Botro
1273 3424 1486 3480 Donatistarum
1508 3426 1597 3481 schis-

318 3511 389 3565 mati
413 3509 550 3579 originem
569 3508 659 3575 dedit,
689 3508 724 3561 dc
743 3524 797 3576 quo
816 3507 936 3579 Optatus
954 3508 989 3561 dc
1007 3507 1115 3563 schism.
1135 3508 1300 3563 Donatistl
1318 3509 1428 3565 scribit:
1450 3514 1551 3566 Bali-ss
1569 3525 1599 3567 et

320 3600 440 3660 Celesias,
459 3608 486 3649 at
504 3601 604 3657 dicitnr,
623 3600 695 3662 apud
705 3598 883 3660 Caritapinera
895 3600 1015 3648 ordinari
1025 3600 1163 3663 eripientes,
1181 3615 1286 3663 operam
1304 3600 1437 3663 dederant,
1457 3607 1486 3650 sl
1501 3600 1598 3652 atsn-

319 3686 385 3735 tibas
397 3685 512 3734 Numidis
530 3685 579 3734 soli
595 3684 672 3733 cicini
688 3685 804 3748 episcopi
816 3691 977 3748 peterentur,
996 3687 1040 3750 qai
1052 3685 1236 3734 ordinationem
1248 3686 1319 3750 apad
1330 3685 1510 3748 carinam
1527 3689 1598 3738 cele·

277 3782 299 3835 j
319 3770 433 3820 brareni.
468 3769 528 3818 ilem
545 3769 670 3833 suffrapia
687 3770 765 3819 lotias
781 3771 872 3834 papali
890 3769 1048 3819 Caeciliana
1065 3770 1174 3834 elipitar.
1204 3768 1302 3819 Batrns
1320 3776 1345 3819 et
1358 3770 1471 3821 Gelestae
1487 3785 1600 3836 spem

319 3858 450 3919 dejectas:
473 3850 546 3904 rmde
564 3849 721 3904 schismatis
739 3867 822 3905 causa
845 3850 977 3917 conflata,
1001 3868 1085 3919 quarn
1107 3849 1212 3904 ibidem
1231 3849 1350 3921 Optatus
1373 3850 1503 3922 cquitat.
1540 3851 1601 3918 Qui

320 3939 415 3991 autem
438 3937 473 3990 ab
492 3936 597 4006 Optato
618 3940 740 3996 celesius,
771 3936 807 3990 ab
826 3936 980 4005 Angirstino
1004 3936 1032 3989 in
1055 3936 1162 4006 psalmo
1185 3936 1358 3991 abecedario
1382 3938 1481 3991 contra
1502 3936 1601 3994 oona·

320 4022 402 4075 tistas
421 4026 544 4076 celestius
566 4023 749 4091 nuncupatur.
798 4020 931 4075 Similiter
954 4021 1051 4091 legunt
1073 4023 1098 4075 c¹
1117 4026 1251 4082 Celestias,
1282 4024 1308 4075 a'
1323 4023 1349 4076 c²
1366 4038 1423 4090 seq.
1444 4026 1601 4087 Caelestius,

321 4105 440 4161 0¹1⁸*ss
456 4111 594 4173 Caelestes,
613 4106 646 4160 F*
659 4108 715 4161 ata
734 4106 781 4161 alii
801 4112 921 4169 Gelestae,
939 4125 1003 4160 mss.
1023 4107 1045 4161 0
1065 4112 1189 4169 Cclcrtas,
1207 4107 1245 4161 II*
1256 4106 1289 4160 F²
1307 4109 1398 4161 lotum
1415 4107 1562 4162 omittunt.

389 4194 422 4260 88)
441 4192 484 4245 lta
505 4191 628 4261 potiores
652 4209 715 4245 mss.
735 4192 831 4259 (etiam
849 4192 901 4260 Ρ).
944 4191 976 4246 Ol
988 4192 1021 4245 Fi
1033 4193 1067 4245 Fv
1079 4192 1115 4246 K⁴
1128 4193 1150 4245 Ιο
1162 4192 1199 4246 Η*
1222 4196 1368 4248 Eustasius.
1408 4192 1502 4247 Unum
1526 4192 1601 4249 Hoc

321 4277 428 4331 mistiae
447 4277 606 4355 011111111Ὀῖ
621 4280 781 4340 Eustaclias,
800 4278 869 4333 Fir*
885 4282 1024 4337 Easlalins.
1044 4278 1123 4332 Μ’
1135 4279 1170 4331 0’
1180 4278 1217 4331 ΧΙι
1227 4280 1252 4332 a'
1267 4294 1297 4331 ec
1315 4281 1474 4332 Eustatltiss.
1510 4278 1602 4335 Poste

322 4363 367 4417 hic
385 4364 498 4416 notatur
517 4360 685 4416 sebastenus
701 4362 748 4416 ille
772 4363 929 4434 episcopus,
948 4364 1025 4433 cujus
1043 4380 1144 4417 nomen
1163 4362 1366 4418 ecclesiasticae
1384 4361 1521 4418 historice
1537 4380 1601 4419 mo

322 4447 452 4502 nimentis
471 4447 690 4516 nominatimque
708 4447 737 4501 in
755 4449 879 4518 epistolis
897 4448 991 4503 Basilii
1010 4449 1105 4519 magni
1123 4449 1189 4503 satis
1209 4448 1318 4503 celebre
1336 4451 1387 4502 est.

391 4536 423 4602 εὓ)
441 4533 475 4586 F·
489 4537 581 4599 Eleae,
599 4533 635 4586 K⁴
648 4531 683 4587 Οο
696 4536 722 4587 a'
737 4551 767 4588 cc
785 4539 938 4600 Celarensis,
957 4534 989 4588 θ’
1004 4539 1168 4595 Celarnensis:
1187 4534 1371 4590 emendantur
1384 4551 1418 4588 cx
1431 4533 1494 4589 aliis
1506 4534 1602 4592 libris.

325 4620 404 4676 Hunc
420 4618 562 4674 lulianum
578 4619 682 4674 Marius
693 4619 834 4674 Mercator
852 4620 917 4674 edit.
932 4620 1025 4674 Baluz.
1045 4638 1108 4691 pag.
1124 4627 1157 4676 to
1175 4623 1257 4675 vocat
1275 4625 1456 4689 exepiscopum
1470 4622 1604 4677 Eclenes-

284 4738 289 4761 t
321 4710 360 4760 sr's
371 4711 470 4775 oppidi,
488 4711 641 4760 haercticam
653 4710 816 4775 Pelapianam
827 4725 872 4760 sea
885 4709 1076 4767 Caelestiaaan,
1097 4707 1126 4760 et
1137 4723 1201 4776 pag.
1215 4712 1263 4760 ito
1275 4711 1444 4775 exepiscopo
1457 4708 1606 4763 Edanessi

205 4831 212 4841 .
324 4795 400 4858 didas
418 4795 533 4845 ltaerest's
549 4796 697 4860 sipiriferam
715 4802 741 4844 et
758 4798 955 4860 cintesipnanatn.
991 4790 1139 4860 August-ini
1157 4790 1267 4862 seriptis
1285 4789 1445 4845 notissmus
1463 4792 1514 4846 est

393 4878 426 4943 οὓ)
444 4877 467 4928 10
481 4879 507 4930 a¹
521 4878 547 4930 c’
565 4894 622 4945 seq.
644 4880 808 4934 Caelestinus.
844 4875 943 4931 Verius
961 4876 1008 4932 alii
1026 4895 1090 4931 mss.
1110 4878 1138 4932 et
1156 4880 1180 4932 c'
1201 4882 1352 4940 Caelestius,
1379 4876 1532 4946 primariam
1549 4880 1605 4934 sci·
