3412 5664
480 324 482 329 ¹
523 315 723 365 sersaonan
746 304 765 362 5
788 315 833 362 er
856 315 1041 364 arrunnrc.
1065 317 1158 366 erus.
1433 304 1474 368 93

247 479 299 538 licto
310 478 419 534 Vaticano
431 474 551 552 Reginae
568 477 649 535 1997
665 476 822 534 inscribitur
837 479 1001 551 praeceptio,
1024 495 1092 551 quae
1112 495 1161 553 per
1175 477 1335 535 Germanum
1351 489 1378 535 et
1394 479 1474 536 Caro·
1534 540 1535 543 Ἴ

249 581 291 622 nn
301 565 369 620 msa
376 571 426 625 est,
445 567 618 636 praeceptio
633 563 721 637 Reyis
736 564 788 620 111
809 567 895 619 missa
911 565 951 618 ad
964 566 1102 636 synodum
1111 589 1119 625 ,·
1141 580 1209 638 quae
1230 567 1355 639 sequitnr
1369 565 1401 620 Vl
1417 564 1471 621 Gal.

250 651 302 725 Sept.
314 649 368 712 data,
385 643 557 721 praeceptio
578 653 656 723 repis
670 649 740 705 llll
759 652 846 705 missu
868 650 908 705 ad
921 650 1076 722 synodum;
1097 666 1164 723 quac
1180 666 1238 705 eam
1254 652 1352 725 excipit
1369 654 1473 707 relatio

250 740 405 809 episcoporum
426 733 492 790 haec
511 733 543 789 ad
565 736 714 808 marginem
737 733 828 789 eadem
849 750 930 789 manu
950 733 1085 808 adscripta
1106 734 1204 790 refert:
1234 736 1331 811 Tertio
1347 737 1474 810 synodus

249 820 438 878 iaiitallomae.
469 815 542 887 Quae
563 820 753 893 inscriptiones
768 819 943 875 vetustissimi
965 819 1065 875 codicis
1088 827 1117 874 nt
1140 821 1332 877 accuratiorem
1351 820 1403 877 sibi
1418 821 1471 877 dis·

249 906 377 982 wionem
402 903 557 979 postulant,
584 905 621 961 ita
643 906 729 979 gestis
752 903 900 960 turbulenti
925 904 998 961 illius
1019 905 1169 961 schismatis
1198 905 1267 961 haud
1287 923 1382 980 parum
1403 906 1471 963 lucis

238 991 336 1071 ‘mna

303 1091 326 1148 l.
350 1090 435 1149 Prima
450 1091 557 1167 synodo
568 1095 833 1164 postconsulatum
847 1093 967 1148 Paulini
981 1090 1062 1164 (anuo
1077 1090 1151 1164 499)
1173 1093 1233 1149 Cat.
1249 1094 1367 1151 Martiis
1383 1093 1470 1151 habita

247 1177 405 1253 (synopi)
420 1195 476 1235 non
491 1179 658 1252 acquievisse
673 1177 824 1252 Symmachi
840 1176 960 1233 aemulos
976 1185 1004 1233 et
1019 1178 1195 1241 adversarios.
1211 1179 1259 1235 sed
1275 1197 1290 1234 a
1306 1196 1372 1254 rege
1383 1179 1471 1236 'lireo-

247 1264 311 1320 unco
325 1279 418 1319 nomm
431 1262 568 1335 judicium
595 1271 623 1319 et
643 1263 810 1319 visitatorem
838 1262 968 1318 ecclesiae
991 1261 1123 1318 Romanae
1144 1265 1265 1338 petiisse,
1294 1281 1325 1320 cr
1353 1266 1470 1338 aequalis

247 1341 360 1424 necyni¹l
375 1364 425 1405 nec
440 1364 497 1405 non
509 1349 641 1410 Anastasii
656 1353 713 1404 uita
724 1347 890 1420 Symmachi
904 1356 932 1403 et
947 1346 1059 1415 Ennodii
1079 1350 1174 1405 libello
1190 1352 1367 1424 apotoyetico
1389 1352 1470 1406 resci-

247 1435 321 1490 remu.
345 1432 438 1490 lisdem
453 1432 609 1489 auctoribus
624 1434 814 1506 comperimus,
829 1433 866 1488 ita
881 1434 1007 1488 annuisse
1022 1449 1124 1507 regem,
1142 1443 1172 1489 ut
1186 1433 1296 1490 Petrum
1313 1437 1468 1509 episcopum

247 1518 350 1574 uinum
360 1536 417 1591 pro
431 1519 532 1575 diebus
547 1520 739 1590 paschalibus
759 1519 924 1574 visitatorem
946 1519 1073 1580 mitteret,
1096 1520 1151 1592 qui,
1173 1519 1237 1575 dum
1253 1519 1285 1575 lis
1299 1518 1372 1576 linita
1387 1529 1469 1583 osset,

247 1603 345 1660 warna
361 1602 506 1660 humanam
526 1602 734 1660 administraret.
771 1602 831 1658 llox
846 1609 915 1674 post
934 1610 1066 1659 sarratam
1084 1604 1270 1675 festivitatem
1291 1607 1417 1678 synodus
1439 1610 1468 1662 in

248 1689 314 1745 irim
324 1688 454 1746 Romam
470 1731 497 1744 ..
509 1690 632 1761 jubente
648 1704 716 1762 repe
732 1731 739 1745 .
756 1731 763 1744 .
780 1731 788 1745 .
803 1690 839 1744 de
854 1687 1020 1760 Symmachi
1032 1691 1201 1746 excessibus
1208 1692 1384 1762 judicaturo
1401 1708 1467 1747 corr-

248 1772 428 1848 rem'tlauonym.
445 1771 605 1846 Blanchin.).
637 1773 708 1830 llaec
729 1775 813 1848 igitur
828 1773 949 1846 synodus
965 1775 993 1829 in
1008 1790 1087 1829 cansa
1103 1774 1254 1848 Symmachi
1270 1777 1397 1832 secunda
1415 1784 1466 1838 est,

248 1858 473 1916 mutuaturum
492 1861 552 1934 ipse
574 1860 602 1914 in
617 1862 824 1932 praeceptione
839 1858 893 1915 ΙΙΙ
909 1857 1034 1932 (append.
1051 1876 1078 1915 n.
1096 1859 1126 1932 2)
1147 1877 1205 1915 cam
1226 1864 1333 1916 iterata
1348 1863 1466 1933 judicia

249 1951 308 1999 aaut
328 1943 362 2000 ld
375 1960 434 2000 eam
449 1961 559 2019 quoque
576 1945 743 2018 computatio
762 1944 983 2018 praeceptionum
998 1945 1142 2017 regiarum,
1164 1962 1244 2018 quam
1259 1945 1402 2002 Vaticanus
1418 1944 1467 2001 lic-

249 2027 362 2103 ylnnprae
374 2046 405 2085 se
419 2027 483 2094 lert,
503 2028 645 2085 referenda
655 2037 712 2110 ¹est.
739 2030 838 2085 Prima
855 2030 954 2102 quippe
970 2027 1103 2100 ejusmodi
1117 2032 1272 2105 praeceptio
1289 2030 1333 2086 illa
1348 2039 1398 2095 est,
1415 2047 1467 2104 qua

248 2124 270 2165 u
279 2111 363 2171 liveris
375 2116 521 2189 provinciis
536 2113 674 2188 adurbem
686 2113 802 2170 llomam·
811 2115 955 2170 convenire
970 2113 1125 2170 sacerdotes
1141 2116 1214 2189 regia
1228 2117 1362 2189 praecepit
1375 2126 1468 2172 aucto·

249 2196 356 2273 tiuiayn.
367 2199 447 2256 Palm.
463 2216 492 2256 n.
507 2198 546 2271 1).
573 2199 699 2274 Synodus
715 2207 805 2255 autem
820 2201 876 2272 ipsa
892 2199 919 2254 in
934 2198 1042 2254 basilica
1053 2192 1145 2272 Jutii²)
1161 2200 1249 2257 habita
1264 2208 1314 2263 est,
1333 2209 1361 2255 ut
1376 2218 1466 2256 rerum

250 2274 404 2349 fflmrmdet,
420 2302 482 2341 mox
498 2292 562 2360 post
576 2284 676 2341 testum
688 2284 815 2358 paschale
830 2286 892 2340 anni
907 2284 978 2341 501.
1009 2284 1038 2340 ln
1054 2302 1106 2358 qna
1118 2303 1201 2358 quum
1217 2285 1392 2359 Symmachus
1407 2288 1467 2360 ipse

249 2371 404 2440 mammet,
419 2387 485 2445 prae
500 2369 625 2427 omnibus
638 2377 668 2425 ut
680 2370 1000 2426 removereturvisitator
1013 2378 1041 2425 et
1055 2386 1120 2426 suae
1135 2372 1218 2444 ipsius
1234 2373 1363 2445 potestati
1379 2373 1467 2427 omnia

250 2448 382 2511 &aba
406 2440 588 2512 redderentub
608 2454 764 2529 postulavit.
799 2453 872 2522 Quae
894 2471 937 2510 res
958 2456 1008 2510 etsi
1029 2456 1115 2529 diyno
1139 2461 1264 2513 inaximo
1282 2459 1466 2514 sircerdotum

249 2546 331 2595 mm
343 2544 397 2596 risa
411 2547 463 2605 est,
481 2550 571 2597 umen
587 2540 758 2603 Theudorici.
782 2556 862 2613 quem
881 2539 971 2596 denuo
992 2540 1188 2597 consulendum
1209 2541 1354 2605 duxerunt,
1375 2558 1464 2614 prae·

249 2623 380 2689 &unnim
392 2629 500 2699 jussus
521 2633 565 2683 est
582 2644 664 2698 papa
680 2626 870 2698 Symmachus
890 2633 958 2681 onte
969 2630 1138 2697 patrimonii
1152 2630 1196 2684 uei
1211 2631 1404 2683 ecclesiarum
1419 2645 1466 2684 re-

250 2708 360 2773 ceptionem
373 2728 437 2768 cum
450 2713 698 2785 impuynatoribus
711 2714 773 2768 suis
785 2714 815 2766 in
830 2712 1040 2782 disceptatione
1055 2715 1211 2786 constiyere
1227 2712 1256 2784 (l.
1272 2730 1296 2769 c.
1314 2731 1340 2769 n.
1354 2713 1394 2784 4).
1419 2712 1465 2769 Est

251 2783 357 2868 btbregis
367 2801 539 2869 praeceptio
559 2798 697 2854 secunda.
737 2794 810 2863 Quae
832 2813 915 2869 quum
935 2797 1057 2869 pontiler
1074 2814 1124 2871 pro
1139 2815 1187 2853 sua
1203 2806 1278 2871 parte
1295 2800 1405 2853 omnino
1421 2815 1464 2854 re·

250 2884 338 2941 Ml.
355 2889 380 2937 et
399 2881 498 2956 synodi
517 2882 717 2957 patrespartim
739 2883 815 2955 quasi
830 2898 860 2936 re
875 2880 1015 2954 desperata
1031 2881 1218 2938 discessissent
1234 2885 1330 2957 partim
1345 2900 1360 2937 a
1376 2883 1463 2938 Theo-

247 2953 312 3016 btbt
322 2980 404 3024 auram
417 2966 554 3041 synodum
569 2966 708 3023 Ravennae
728 2964 948 3041 congregandam
962 2967 1113 3040 petiissent,
1134 2985 1183 3041 per
1197 2968 1358 3023 Germanum
1374 2976 1402 3022 et
1417 2967 1464 3021 Ca-

247 3056 310 3100 mila
322 3052 452 3127 episcopos
468 3053 519 3108 ista
538 3051 570 3107 ab
584 3052 632 3108 illo
643 3055 816 3124 praeceptio
832 3054 918 3107 tertia
940 3050 971 3104 Vl
986 3051 1049 3106 ldus
1065 3052 1181 3126 hugusti
1203 3053 1234 3107 ad
1252 3051 1387 3124 synodum
1403 3051 1464 3106 data

243 3136 282 3191 δί.
295 3139 317 3188 u
331 3138 365 3192 ad
376 3137 569 3195 Calendarum
585 3136 794 3209 Septembrium
812 3137 886 3192 diem
906 3137 978 3191 idem
998 3139 1180 3193 sacerdotnm
1196 3153 1333 3193 rrurnerus
1347 3141 1377 3192 in
1394 3138 1464 3192 urbe

240 3212 309 3270 dm
320 3227 482 3292 eonaeniren
501 3231 534 3279 ’et
549 3224 585 3279 ita
600 3221 707 3277 tandem
724 3223 879 3278 secundum
895 3221 951 3277 Dei
964 3224 1091 3279 timorem
1107 3230 1187 3279 tanta
1206 3238 1297 3277 causa
1314 3225 1463 3278 terminum

235 3304 358 3362 terimur
376 3306 489 3382 (Symm.
511 3324 554 3382 ep.
571 3307 590 3364 5
613 3307 728 3382 append.
751 3325 778 3362 n.
796 3308 814 3363 2
830 3314 857 3362 et
869 3304 909 3378 3).
944 3305 1015 3362 idem
1036 3324 1098 3363 ntox
1119 3325 1189 3363 novo
1214 3305 1338 3362 mandato
1360 3307 1392 3361 Vl
1407 3306 1461 3362 Cal.

231 3386 294 3457 Seri
305 3394 398 3465 repam
417 3391 499 3467 (quae
514 3392 576 3450 ideo
593 3396 767 3465 praeceptio
782 3399 889 3465 quarta
910 3395 996 3448 misso
1012 3395 1052 3449 ad
1064 3387 1221 3467 synodum),
1244 3392 1379 3466 simulque
1406 3393 1461 3448 Gu-

227 3470 298 3530 eiieu
310 3484 334 3532 et
344 3478 542 3549 Bedentphum
556 3481 686 3550 majores
700 3480 800 3534 domus
814 3494 887 3534 suae
902 3494 966 3533 cum
986 3480 1092 3534 illustri
1107 3483 1207 3535 comite
1223 3480 1365 3551 Ariyeruo
1380 3479 1461 3541 misit,

222 3557 269 3633 qli
279 3562 470 3636 satisfacerent
485 3565 632 3638 desiynato
648 3567 791 3635 episcopo,
816 3564 1048 3636 quemadmodum
1063 3564 1200 3638 synodalis
1216 3565 1358 3620 ordinatio
1374 3567 1461 3619 aesti—

218 3652 319 3716 met,
339 3657 366 3705 et
379 3647 479 3724 synodi
494 3650 579 3723 ipsius
594 3650 768 3704 securitatem
784 3650 856 3714 omni
871 3648 952 3704 modo
969 3656 1112 3706 tuerentur
1127 3649 1155 3722 (l.
1171 3667 1195 3705 c.
1213 3668 1240 3705 n.
1258 3648 1297 3721 7).

290 3748 316 3805 5.
341 3748 411 3808 llaec
430 3753 516 3826 igitur
534 3749 656 3824 synodus
676 3751 703 3806 in
725 3767 804 3807 causa
820 3750 969 3824 Symmachi
987 3768 1088 3815 revera.
1111 3761 1141 3808 nt
1162 3754 1188 3808 in
1211 3750 1318 3807 lautlato
1334 3751 1460 3808 Vaticano

205 3835 318 3911 seynae
330 3845 447 3899 notatur.
468 3840 553 3893 tertio
569 3836 680 3893 Romae
694 3837 802 3907 habita,
825 3835 947 3892 Calcrrdis
963 3835 1173 3910 Septembribus,
1190 3846 1220 3892 ut
1241 3838 1372 3910 suspicari
1388 3836 1458 3901 licet.

199 3923 263 3981 nni
278 3920 333 3980 out
356 3922 384 3978 in
398 3921 506 3978 basilica
529 3921 685 3978 Sessoriaua
705 3922 840 3985 convenit,
863 3920 975 3995 ejusque
996 3928 1073 3996 gesta
1093 3924 1120 3978 in
1136 3921 1240 3996 synodo
1256 3920 1367 3978 Palmari
1390 3921 1419 3994 (l.
1435 3941 1458 3979 c.

193 4028 226 4069 ι.
241 4005 337 4079 5-7)
356 4015 383 4064 et
404 4009 431 4064 iu
451 4006 592 4071 relatione.
613 4024 693 4082 quam
716 4009 835 4081 episcopi
851 4024 880 4062 re
896 4007 993 4063 iterum
1008 4024 1103 4082 parum
1119 4007 1233 4064 feliciter
1247 4007 1411 4063 succedente
1426 4008 1458 4063 ad

191 4108 292 4171 regen
305 4093 436 4150 miserum
450 4109 585 4168 quamque
600 4092 652 4149 hoc
667 4094 727 4167 ipso
742 4092 889 4167 appendice
904 4109 931 4147 n.
944 4079 1229 4157 8—12'enltibemus,
1246 4091 1352 4166 plenius
1368 4109 1459 4149 recen·

191 4189 302 4238 ventur.
332 4176 516 4251 Symmachus.
533 4179 577 4252 qui
594 4179 671 4235 initio
686 4180 727 4235 od
740 4185 910 4235 conuentum
926 4181 987 4234 sine
1002 4181 1101 4252 aliqua
1123 4180 1298 4235 dubitatione
1314 4195 1458 4250 propera·

191 4270 229 4324 n't
244 4270 281 4321 et
288 4266 444 4339 pririleyia
465 4278 521 4321 sua
537 4266 677 4321 voluntati
690 4268 789 4337 reyiae
804 4265 942 4334 submisit,
964 4265 991 4319 in
1013 4266 1054 4319 via
1074 4262 1107 4319 ab
1122 4264 1280 4320 adversariis
1295 4265 1352 4319 suis
1368 4273 1459 4319 trucu-

191 4359 284 4410 nter
297 4346 464 4413 vulneratus,
487 4348 557 4405 ultra
577 4365 734 4424 comparere
754 4351 854 4406 renuit.
885 4347 1055 4423 Quapropter
1077 4349 1198 4424 synodus
1222 4358 1249 4406 et
1264 4349 1297 4404 de
1313 4349 1415 4405 absenti
1431 4357 1458 4403 et

258 4548 282 4613 ¹)
300 4544 344 4598 Ex
360 4546 521 4615 pervetusto
539 4544 633 4600 codice
644 4544 805 4625 ‘Veronensi
822 4547 927 4618 primus
944 4545 1033 4602 edidit
1049 4546 1216 4603 Blanchinns
1234 4548 1261 4601 in
1276 4553 1397 4602 Amostae.
1415 4551 1457 4605 rit.
1516 4599 1520 4607 ,

191 4619 285 4681 ⁸⁸5!-
304 4616 372 4668 tom
386 4613 424 4667 tv
442 4632 507 4685 pag.
521 4614 619 4705 Uilli,
642 4615 707 4670 inde
724 4617 859 4670 Minnioni
876 4623 967 4686 script.
984 4637 1037 4671 rer.
1053 4622 1112 4672 ltot.
1132 4619 1150 4671 t.
1166 4617 1204 4670 lll
1223 4635 1248 4686 p.
1264 4623 1279 4670 ἓ
1298 4634 1362 4686 pag.
1376 4622 1409 4670 lb
1430 4618 1458 4670 et

191 4687 285 4807 Ἦ
298 4686 388 4805 5:3⁸
397 4683 749 4830 ἱῖᾒυῗῗῂξξιχξιιιοῗίἶξ
759 4691 892 4831 &fruaris
911 4752 1025 4822 (Symm.
1039 4755 1147 4825 epirhh
1165 4773 1190 4808 n.
1203 4758 1287 4832 ¹‘.4b
1306 4771 1459 4822 anonymus

191 4818 438 4958 &pampas
448 4821 610 4943 {pampus
638 4823 666 4874 et
688 4821 756 4876 haec
783 4839 844 4890 ipsu
866 4826 1047 4877 monumenta
1068 4822 1182 4892 tSymm.
1203 4825 1313 4892 epistt
1336 4821 1455 4892 append.
