3412 5664
679 309 874 359 nrisroaau
900 302 946 357 11.
973 300 1020 356 12.
1433 298 1495 363 257
1580 324 1581 327 ¹

196 460 373 529 catholici
400 463 556 529 cesserint
583 463 703 529 relictis
732 464 798 527 suis
825 463 951 527 sedibus
980 462 1177 544 sacerdoteS,
1208 467 1240 526 et
1268 467 1396 528 nostrae
1424 489 1494 548 pro·
1508 483 1602 530 acea

197 566 334 648 jactae
359 565 424 630 sint
451 566 558 650 porcis
585 568 618 629 et
651 566 784 630 canibus
818 566 1023 650 margaritae.
1075 564 1306 628 Verumtamen
1334 567 1497 631 neminem

203 672 355 751 terreat,
375 667 458 752 quod
481 667 652 731 damnatus
675 667 813 732 Aeacius
836 689 902 731 non
925 666 1118 751 quiescit²¹).
1165 666 1271 730 Elisus
1294 671 1343 760 est
1365 672 1496 732 satanas

207 772 244 831 et
275 772 392 835 tamen
421 774 581 854 operat-ur.
627 768 716 833 Vicit
738 768 884 835 Christus
908 774 940 833 et
962 769 1073 849 vincit,
1102 790 1163 832 nec
1190 768 1294 835 adhuc
1316 769 1418 834 hostis
1442 771 1496 834 ab·

209 869 322 936 sistit.
363 871 407 936 Et
434 872 510 956 quia
532 875 654 937 certum
676 874 725 936 est
747 871 850 952 nobis,
880 872 1064 935 meminisse
1091 892 1146 934 vos
1170 872 1267 935 etiam
1289 872 1496 956 propheticae

210 971 372 1039 lectionis
400 995 460 1038 nec
489 973 610 1058 aliquid
636 973 755 1038 habere
783 978 896 1038 contra
931 972 1141 1037 consistentia
1170 975 1274 1036 castra
1303 974 1494 1057 formidinis,

210 1076 494 1158 opportunissime
532 1075 734 1139 cohortamur
781 1078 963 1159 spectantes
1000 1075 1191 1139 Dominum:
1234 1076 1317 1139 sicut
1354 1079 1386 1138 et
1425 1098 1494 1156 nos,

208 1177 432 1261 perseveretis
460 1176 499 1240 in·
528 1178 635 1260 finem,
671 1182 704 1241 et
731 1174 942 1260 senteutiam,
977 1200 1072 1261 cluam
1106 1177 1253 1261 reperitis
1286 1178 1320 1240 iu
1349 1178 1494 1260 subditis,

206 1277 334 1344 animo
355 1279 518 1345 constanti
540 1280 722 1344 retineatis!

1509 847 1610 900 Psalm.

1527 920 1598 981 aaa.

306 1400 339 1463 6.
381 1397 432 1463 Ne
460 1398 537 1483 quid
565 1405 672 1463 autem
698 1400 841 1485 maligne
849 1400 889 1485 ²²)
918 1400 952 1464 in
981 1399 1097 1463 litteris
1127 1400 1246 1464 nostris
1272 1400 1389 1464 mutari
1411 1401 1496 1484 apud

202 1500 429 1585 pravissimas
450 1504 575 1566 mentes
598 1504 655 1565 aut
676 1501 769 1565 aliter
791 1501 997 1584 interpretari
1020 1502 1131 1585 possit,
1156 1503 1293 1586 primum
1317 1503 1495 1566 elementis·

202 1603 303 1667 sium
331 1590 481 1686 principi,
510 1603 595 1693 sicut
616 1604 769 1687 oportuit,
798 1603 1027 1689 supplicantes,
1056 1603 1115 1667 has
1143 1604 1269 1667 easdem
1293 1605 1417 1667 litteras
1440 1627 1495 1668 no-

202 1703 308 1769 stras
334 1703 376 1768 ad
402 1704 607 1769 dilectionem
635 1710 791 1788 vestram,
827 1707 946 1770 clerum
979 1706 1169 1789 plebemque
1201 1709 1234 1768 et
1263 1706 1496 1789 amplissimum

202 1819 373 1872 senatum
385 1806 570 1890 direximus,
594 1807 707 1891 quibus
720 1807 840 1892 singuli
855 1807 1057 1891 universique
1073 1807 1328 1891 subscripsimus
1352 1807 1496 1871 divinum

204 1911 370 1996 petentes
392 1909 557 1992 auxilium,
581 1912 617 1973 ut
636 1909 747 1973 vitatis
768 1908 894 1973 insidiis
917 1909 996 1974 haee
1020 1908 1059 1972 ad
1082 1930 1137 1973 vos
1161 1910 1281 1992 scripta
1302 1909 1404 1973 faciat
1426 1932 1495 1993 per-

206 2010 345 2077 venire.
362 2048 399 2058 -
422 2010 518 2098 Ine)
534 2009 646 2075 Nonas
662 2011 810 2076 Octobris
826 2010 1017 2095 Symmacho
1032 2035 1061 2075 v.
1080 2034 1105 2075 e.
1124 2033 1211 2076 cons.
1249 2016 1289 2077 Et
1310 2016 1375 2076 alia
1396 2033 1496 2077 mann.

209 2114 317 2181 Deus
336 2135 389 2178 vos
410 2113 586 2178 incolumes
608 2090 777 2196 custodiit,
802 2112 860 2176 filii
882 2113 979 2177 dilect
980 2114 1095 2178 issimi!

220 2278 232 2303 0
313 2234 352 2298 nt
375 2237 617 2315 subscriptiones
650 2237 871 2331 cpiscoporum.
928 2208 1089 2297 Candidus
1126 2233 1314 2297 Tiburtinae
1356 2234 1496 2297 civitatis

222 2336 392 2420 episeopus
419 2333 516 2399 Petro
530 2316 784 2400 Alexandrinae
819 2334 973 2398 ecclesiae
1001 2335 1162 2418 pervasori
1193 2337 1225 2398 et
1247 2335 1367 2398 Acacio
1397 2357 1496 2419 quon-

231 2437 308 2501 dam
330 2436 472 2501 ecclesiae
492 2436 872 2521 Constantinopolitanae
904 2457 1031 2501 necnon
1054 2437 1151 2500 etiam
1174 2435 1234 2499 Pet
1220 2439 1269 2500 tro
1293 2436 1497 2501 Antiocheno

240 2538 276 2603 ab
305 2537 496 2623 episcopatus
528 2543 560 2604 et
589 2538 845 2605 Christianorum
878 2559 1021 2602 numero·
1041 2538 1117 2602 olim
1142 2539 1215 2622 jure
1245 2542 1278 2601 et
1306 2540 1420 2602 merito
1450 2560 1496 2603 se-

249 2639 373 2722 gregatis
398 2642 608 2726 omnibusque
638 2642 826 2727 sequacibus
861 2651 985 2723 eorum,
1005 2660 1155 2732 ,sequens
1190 2641 1415 2704 auctoritatem
1450 2663 1497 2704 sc-

256 2738 293 2801 d'a
324 2744 516 2826 apostolieae,
554 2744 728 2808 seeundum
761 2743 999 2828 desideriumll)
1036 2745 1181 2805 nostruin
1211 2742 1304 2823 juxta
1332 2742 1496 2806 Ecclesiae

263 2840 357 2905 cletum
386 2843 541 2910 catholica
588 2845 816 2910 deliberatione
853 2846 1027 2929 prolatam,
1071 2845 1242 2908 anathema
1278 2843 1388 2908 dicens
1425 2845 1496 2906 sub-

268 2957 360 3023 anm.

331 3059 534 3150 Quadraginta
555 3067 617 3131 duo
639 3067 780 3151 episcopi
803 3067 950 3131 similiter
972 3064 1238 3148 subscripserunt.

726 3305 909 3410 Epistola
935 3305 987 3389 12.

648 3634 653 3643 ,
757 3498 986 3642 Bithyniae.l

283 3696 404 3759 Patefacto
418 3705 640 3767 maenaricnlicae
662 3702 749 3752 Tutum
772 3702 932 3764 defensorem
955 3703 1079 3751 eeclesiae
1103 3703 1244 3765 depositum
1262 3709 1288 3750 et
1303 3717 1382 3750 sacra
1399 3716 1463 3751 com-

275 3782 383 3834 ·Mee
396 3792 518 3850 praem
536 3802 592 3838 esce
610 3786 646 3851 (u.
660 3788 693 3850 l).
732 3787 766 3837 c'c
784 3789 834 3850 ipsi
856 3788 880 3835 in
902 3786 1052 3851 tranasuqas
1069 3785 1203 3836 monachos
1220 3788 1334 3836 simililer
1352 3788 1461 3835 animad-

432 3880 540 3929 vertunt,
553 3874 629 3935 justa
647 3879 730 3922 lamen
747 3874 837 3936 culpae
856 3872 968 3934 cujusvis
986 3873 1087 3921 ratione
1105 3870 1190 3920 lubitu
1210 3869 1244 3933 (n.
1258 3870 1294 3933 2),

192 3746 230 3799 u.

387 4003 493 4071 l'elix
514 4004 678 4089 Rufino,
703 4004 910 4086 Thalasio,
938 4004 1188 4089 presbyteris
1211 4003 1251 4066 et'
1272 4004 1497 4068 archiman-

231 4178 506 4194 ‘unffi-*-

301 4278 335 4345 ²¹)
353 4274 461 4349 Vulgati
483 4285 597 4349 pabeant
625 4280 654 4332 et
675 4294 740 4332 mox
764 4289 945 4347 exapeclanles
971 4281 1098 4331 Dominam
1126 4289 1153 4330 nt
1174 4283 1247 4331 sicat.
1292 4277 1384 4331 Etiam
1405 4277 1433 4329 in
1456 4275 1498 4327 his

222 4362 415 4432 nchetypum
432 4362 580 4419 reddimus.

300 4448 333 4515 ¹¹¹
351 4464 381 4501 cc
397 4454 502 4519 metipsi,
521 4447 624 4503 rectius
641 4452 668 4504 a¹
686 4455 806 4519 malique,
830 4451 862 4502 ut
878 4448 1019 4517 postulare
1041 4447 1150 4502 videtur
1169 4448 1244 4516 quod
1267 4466 1330 4503 mox
1352 4446 1497 4513 subjicitur

217 4548 271 4595 at
291 4468 378 4587 ἀίειν.
412 4533 498 4589 Porro
515 4534 632 4589 verbum
648 4539 817 4603 interpretari
836 4532 944 4602 passive
961 4532 1105 4587 sumitur.-

297 4620 331 4683 ὓ)
350 4616 449 4673 Natam
467 4618 539 4674 hauc
555 4618 736 4684 consularem,
754 4635 839 4686 quam
857 4622 920 4672 0⁷0⁰
934 4620 971 4672 c'⁰
989 4636 1004 4674 c
1021 4618 1110 4673 veteri
1129 4618 1223 4674 codice
1242 4618 1351 4671 erutam
1369 4616 1435 4669 satis
1452 4615 1498 4666 ha-

218 4712 317 4765 buere
335 4702 372 4757 ad
389 4703 542 4774 marginem
559 4703 715 4770 adnotasae,
739 4720 787 4758 suo
805 4704 867 4758 loco
876 4684 1062 4757 restituimus
1079 4704 1178 4773 utpote
1197 4720 1260 4757 curn
1282 4698 1409 4770 gestiso
1393 4698 1498 4768 optimc

217 4789 448 4851 convenientem.

297 4876 330 4935 ⁸⁴)
351 4872 389 4928 Ex
406 4874 439 4929 sl*
459 4891 624 4930 revocamus
642 4882 802 4935 desiderium,
822 4875 896 4944 quod
915 4875 988 4943 vulg.
1009 4874 1149 4928 omittunt.

258 4980 537 5019 aristotelicorum
552 4980 663 5015 rosere.
684 4966 705 5015 l.
1261 4968 1295 5024 Ῑῖ
