3412 5664
353 319 417 384 200
817 330 1027 381 sementen
1049 328 1163 377 ruens

248 505 342 555 a.tte.
355 491 465 577 ord02)
486 492 644 571 constare,
674 487 801 573 longius
825 509 844 550 a
865 492 933 551 tam
955 485 1121 570 praeclara
1144 485 1275 549 civitate
1297 485 1447 570 relegari,
1472 506 1515 549 ne
1546 483 1638 549 infir-

356 592 500 678 mioris³)
523 591 596 655 fidei
619 591 742 675 aliquos
765 589 848 653 forte
871 588 1012 671 seducat,
1037 591 1069 653 et
1085 588 1119 651 in
1135 588 1246 652 eadem
1261 586 1407 671 eeclesia,
1430 586 1519 673 quod
1535 586 1637 670 absit,

356 719 437 782 quae
460 696 589 779 sopistis
617 692 769 757 scandala
797 713 904 759 rursus
932 691 1085 777 exagitet.
1131 690 1297 756 Probastis
1324 690 1359 755 in
1382 711 1518 776 corpore
1543 689 1637 755 illum

358 799 447 864 vobis
470 798 619 861 dexterae
641 817 715 860 suae.
738 793 861 857 dedisse
883 793 1088 878 praesidium,
1113 795 1166 880 qui
1189 794 1231 858 ad
1252 792 1352 859 totius
1374 793 1462 857 orbis
1477 791 1640 879 gaudium

358 906 390 965 et
412 903 445 965 in
469 899 632 964 Ecclesiae
655 897 845 962 universalis
867 897 1114 963 exsultationem
1136 898 1170 961 in
1194 901 1300 962 vestra
1322 896 1494 962 clementia
1516 894 1641 960 Rome-

358 1026 434 1069 num
462 1005 568 1067 servat
595 1001 773 1085 imperium.
825 1000 945 1085 Data⁴)
968 999 1045 1065 XVI
1069 999 1227 1067 &alendas
1254 997 1445 1065 Novembris
1479 998 1547 1063 Illo
1570 998 1643 1063 viro

358 1105 532 1172 clarissimo
555 1103 695 1169 consule.

854 1290 1037 1396 Epistola
1065 1291 1119 1375 13.

223 1428 305 1477 atta
318 1421 343 1475 d.

230 1490 332 1546 nott.
471 1444 650 1529 Simplicii
675 1462 785 1529 papae
808 1444 855 1545 ad
875 1443 1042 1511 Acacium
1066 1444 1522 1528 Constantinopolitanum.

411 1589 444 1640 Ut
464 1589 574 1637 Aeacius
593 1587 696 1637 Petram
714 1586 833 1651 cllonpum
849 1590 941 1651 procul
959 1586 990 1637 ao
1010 1588 1191 1637 Alexandrina
1209 1588 1314 1651 cepione
1330 1602 1379 1652 per
1396 1588 1587 1651 impactoren
1656 1618 1683 1673 p·

878 1672 1013 1722 amandari
1029 1679 1110 1721 curet.

404 1816 409 1825 '
513 1806 752 1891 Simplicius
785 1771 998 1890 episcopus
1027 1805 1175 1870 Acacio
1208 1806 1395 1891 episcopo
1430 1806 1648 1873 Constan-

604 1908 893 1993 tinopolitano.
1655 1922 1663 1931 ·

447 2028 753 2113 Proxime-quidam
782 2028 945 2093 dilectioni
974 2032 1059 2112 tuae,
1093 2029 1277 2114 petentibus
1299 2028 1361 2113 his,
1389 2030 1442 2114 qui
1472 2029 1515 2095 ad
1541 2052 1606 2096 nos
1630 2054 1650 2095 a

360 2135 462 2198 fratre
484 2136 517 2197 et
541 2133 727 2216 coepiscopo
750 2135 860 2196 nostro
880 2130 1048 2196 Timotheo
1064 2132 1304 2197 Alexandrinae
1319 2132 1472 2198 ecclesiae
1488 2133 1650 2199 antistite

361 2236 476 2300 directi
503 2235 649 2319 fuerant,
687 2256 853 2329 comnnme
881 2233 1033 2319 gaudium
1062 2233 1180 2298 litteris
1208 2233 1365 2319 indicavi,
1400 2239 1434 2300 et
1460 2234 1503 2300 tle
1532 2236 1649 2309 fructu

361 2337 495 2423 piissimi
526 2337 647 2422 operis,
687 2336 771 2422 quod
799 2336 974 2401 catholicus
1004 2341 1198 2401 memoratae
1232 2337 1385 2402 ecclesiae
1411 2340 1568 2403 sacerdos
1596 2344 1649 2405 est

363 2439 542 2523 restitutus,
578 2439 701 2524 pariter
723 2461 781 2504 nos
804 2438 943 2525 gaudere
965 2439 1153 2522 memoravi3
1176 2440 1257 2524 quod
1281 2461 1368 2505 rrunc
1389 2462 1518 2525 quoque
1541 2442 1646 2529 signi·

362 2543 458 2607 ficare
486 2542 743 2626 properavimus,
778 2546 814 2606 ut
842 2562 1034 2625 agnosceres
1065 2542 1183 2627 gaudia
1216 2543 1381 2607 silentium
1412 2564 1479 2609 non
1518 2566 1644 2611 amare.

362 2644 456 2710 Unde
479 2667 605 2729 semper
632 2645 796 2709 exsultans
828 2648 861 2708 et
888 2644 1070 2708 orationum
1099 2645 1313 2709 communium
1336 2644 1469 2731 cupiens
1492 2650 1573 2712 vota
1595 2670 1645 2713 so

364 2747 451 2832 cieri,
476 2747 596 2831 hortor,
620 2748 722 2811 frater
745 2748 918 2832 carissime,
942 2751 979 2812 ut
1000 2748 1095 2811 rebus
1117 2769 1175 2832 per
1198 2748 1484 2827 clementissimum
1500 2754 1536 2815 et
1550 2748 1645 2817 Chu-

364 2850 600 2916 stianissimum
628 2849 807 2935 principem
836 2848 905 2914 Deo
933 2854 1062 2915 auctore
1091 2851 1274 2934 compositis
1306 2850 1497 2937 diligentiae
1526 2852 1646 2919 sollici-

363 2952 440 3017 tudo
462 2975 528 3017 non
550 2951 646 3035 desit,
670 2951 724 3016 sed
747 2951 862 3017 Petrus
885 2954 927 3017 ab
949 2953 1093 3018 indebito
1116 2953 1177 3017 sibi
1199 2952 1319 3017 honore
1335 2952 1491 3038 dejectus,
1515 2954 1553 3021 in
1567 2954 1645 3023 Ate-

363 3054 521 3119 xandrina
550 3055 680 3141 regione
710 3076 775 3119 non
805 3056 931 3119 sinatur
952 3054 1116 3140 habitare,
1146 3055 1202 3120 sed
1229 3055 1340 3140 procul
1368 3058 1461 3121 extre
1484 3058 1646 3125 terminos

363 3157 498 3242 patriae,
523 3157 606 3221 sicut
629 3158 727 3223 etiam
749 3180 808 3221 nos
830 3159 1043 3242 poposcimus,
1073 3158 1235 3243 frequenti
1262 3179 1333 3222 eum
1355 3158 1501 3243 postules
1525 3182 1647 3251 sugge-

363 3260 469 3324 stione
496 3260 643 3345 relegari,
673 3282 714 3324 ne
742 3282 820 3345 quos
850 3261 1105 3349 imperitorum¹)
1133 3261 1305 3346 pravitatis
1333 3283 1409 3326 suae
1431 3264 1650 3349 persuasione

364 3362 497 3427 seducat
530 3367 563 3427 et
590 3384 609 3426 a
638 3362 815 3428 catholicae
843 3363 974 3429 tramite
996 3364 1143 3429 ueritatis
1166 3367 1302 3429 avertat.
1348 3362 1514 3451 Quidquid
1537 3372 1650 3435 autern

395 3506 471 3512 --.-
483 3504 578 3511 --ι..--.
609 3505 671 3511 .-.-

432 3551 453 3615 ἢ
472 3549 547 3604 Haec
570 3551 657 3604 verba
679 3550 815 3605 Baronius
842 3550 884 3605 ita
909 3551 1123 3621 iuterpretatur:
1151 3555 1226 3606 Inter
1249 3558 1300 3606 atta
1323 3558 1386 3608 tttcrt
1400 3552 1596 3625 (Simplicius)
1619 3564 1653 3613 ds

364 3643 472 3691 scelesto
490 3641 587 3689 lemine
605 3642 705 3704 prodit,
730 3642 798 3706 estod
815 3648 971 3706 orroqantcr
988 3643 1133 3706 episcopam
1155 3650 1245 3708 speret
1264 3642 1484 3707 Alexandrinum,
1509 3662 1588 3713 qm
1606 3664 1655 3700 nee

300 3778 306 3787 ‚
364 3733 483 3776 constare
500 3733 588 3789 posset
606 3728 750 3776 vultuatum
767 3728 905 3791 aliquunde
922 3728 1003 3786 fuisse
1021 3728 1161 3779 diaconum.
1181 3722 1235 3777 Sed
1249 3741 1282 3778 ex
1293 3729 1373 3791 pestis
1384 3728 1418 3778 de
1430 3732 1537 3783 nomae
1548 3734 1654 3791 Amat.

365 3805 393 3860 in
412 3806 511 3875 quibus
529 3808 558 3861 et
575 3806 648 3861 lumc
659 3807 782 3872 Petrum,
802 3808 867 3862 dum
880 3807 971 3861 adhuc
984 3806 1059 3863 esset
1070 3808 1212 3875 diaconus,
1231 3825 1287 3864 una
1299 3825 1361 3863 cum
1373 3808 1533 3868 Timotheo
1544 3814 1655 3871 Aelnro

365 3910 383 3945 a
394 3892 520 3947 Proterio
539 3893 702 3947 damnatum
720 3909 779 3949 esse
797 3892 927 3955 traditur,
945 3893 1037 3948 verior
1056 3893 1161 3948 eruitur
1180 3894 1342 3949 eorumdem
1360 3895 1520 3953 verborum
1539 3916 1655 3957 semus:

365 3994 466 4047 nempe
485 3985 608 4031 suumin
628 3984 765 4032 diaconatu
783 3985 897 4033 irretirent
914 3979 998 4034 Petro
1022 4000 1071 4034 nou
1094 3985 1245 4043 constitisse,
1268 3995 1324 4034 non
1346 3980 1424 4050 quod
1441 3980 1561 4041 incerta
1578 3988 1657 4043 ones

366 4062 426 4130 ejus
444 4062 591 4129 ordinatio,
615 4063 663 4116 sed
682 4064 756 4132 quod
775 4064 923 4118 damnatus
947 4082 962 4117 c
980 4065 1071 4133 gradu
1089 4081 1138 4118 suo
1157 4065 1308 4137 deciderat.
1344 4066 1389 4121 Ita
1405 4065 1555 4125 intellexit
1571 4070 1657 4127 Libe

366 4151 443 4201 ratus
459 4147 579 4202 breviar.
600 4166 614 4201 c
635 4154 673 4212 to,
693 4148 740 4202 ubi
759 4148 929 4219 Simplicirun
948 4149 1118 4220 significasse
1136 4150 1184 4216 ait,
1204 4156 1307 4205 Petrum
1320 4156 1440 4221 diruptus
1456 4157 1490 4207 is
1509 4160 1656 4213 diseo-stu

367 4253 423 4287 esse
442 4239 593 4288 dmunutum.

434 4320 455 4377 ³)
474 4319 507 4371 tt·
528 4321 557 4372 et
574 4318 647 4386 vulg¹
662 4325 819 4386 tufirvuiores.
846 4321 1007 4389 legendum
1025 4339 1083 4377 esse
1102 4328 1255 4390 infirmioris,
1272 4322 1361 4391 liquet
1377 4340 1412 4377 ex
1430 4325 1579 4395 superiori
1598 4328 1656 4401 epi·
1689 4344 1698 4355 ·

367 4403 440 4457 stola
461 4409 499 4469 tt,
519 4403 567 4456 ubi
584 4403 659 4457 idem
677 4404 834 4459 haereticus
846 4406 1030 4461 Alexandriae
1048 4415 1147 4478 aliquos
1163 4413 1277 4463 modicae
1291 4414 1356 4474 fidet
1372 4407 1489 4466 inficere
1508 4413 1655 4469 scribitur.

434 4490 455 4553 ⁴)
475 4488 508 4539 il¹
528 4494 591 4543 dato
610 4494 684 4546 icil
706 4495 763 4547 tto.
783 4490 901 4548 ll'uccnrd.
925 4498 981 4546 illus
999 4495 1031 4548 oti
1049 4496 1105 4561 cis,
1127 4492 1233 4563 vulgati
1252 4499 1315 4548 dota
1335 4498 1359 4547 Χ
1378 4498 1467 4549 Cal...
1506 4496 1655 4555 Ominum

368 4573 451 4628 irrisae
473 4578 515 4627 t'r
532 4574 618 4629 suasit
636 4576 757 4629 subnexa
778 4576 898 4646 epistola
918 4584 961 4639 13;
981 4581 1127 4647 utramque
1146 4579 1220 4633 enim
1238 4578 1318 4633 simul
1338 4579 1498 4649 eodemque
1516 4584 1654 4657 tempore

368 4659 463 4713 datarn
482 4676 541 4713 esse
559 4659 655 4729 liquet.
693 4660 773 4716 Certe
792 4661 814 4714 si
833 4663 1007 4718 retinendtun
1031 4666 1103 4718 esset
1122 4670 1159 4727 Χ,
1186 4665 1257 4720 haec
1278 4664 1398 4734 epistola
1419 4669 1557 4735 sequenti
1574 4674 1654 4743 post-

368 4745 499 4813 ponenda
517 4748 598 4800 esset.

437 4834 455 4895 1)
475 4831 500 4883 lr.
515 4848 538 4885 e.
558 4853 589 4887 nc
607 4855 669 4903 quos·
685 4840 870 4904 strnpttctoram.
898 4851 945 4890 scu
964 4837 1040 4891 utin
1058 4836 1186 4907 proxima
1203 4836 1322 4908 epistola
1339 4836 1510 4907 legebamus
1534 4862 1569 4897 se
1587 4864 1653 4915 quos

369 4920 514 4983 infirmioris
528 4924 598 4987 fidel.
