3450 5678
656 331 683 378 S.
701 329 908 377 noaousbau
931 327 1044 376 Paene

722 482 904 586 Epistola
929 483 984 565 19.

75 637 202 761 affigi
375 636 585 703 Hormisdou
608 654 719 720 papae
741 636 786 702 od
807 634 1007 702 iohannem
1030 635 1328 720 Nicopolitooum.

266 776 388 828 Libellum
405 779 430 827 ei
441 794 462 840 ¹c
479 793 507 826 se
525 778 600 839 mitti,
624 779 665 827 cui
681 779 798 842 episcopi
816 777 892 841 Epiri
908 775 1083 832 eubecribcnif
1109 784 1136 827 ni
1152 780 1301 842 suppleant,
1322 781 1394 844 quod
1411 781 1439 829 iu
1499 791 1524 843 p.
1535 781 1559 828 19

693 879 778 913 eorum
796 863 887 911 litteris
905 862 1003 911 deeras

367 995 579 1063 Hormisda
599 994 776 1059 iohanni
799 994 1290 1079 episcopoNicopolitano
1313 996 1491 1082 perPul·

459 1098 605 1162 lionem
627 1096 923 1162 subdiaconum.

300 1217 494 1282 litterarum
521 1239 599 1301 quas
627 1216 772 1280 direxisti
794 1216 892 1280 series
920 1219 953 1280 et
974 1216 1130 1302 expositio
1151 1220 1226 1281 tuac
1247 1218 1337 1302 fidei,
1373 1241 1489 1285 conve

215 1319 308 1384 niens
331 1320 415 1383 sedis
438 1319 631 1404 apostolicae
651 1319 791 1402 judiciis,
816 1321 943 1382 nostros
965 1319 1089 1383 animos
1111 1318 1275 1385 relevavit.
1322 1320 1388 1386 Tot
1410 1321 1488 1387 inci-

214 1424 275 1485 tati
298 1422 425 1506 gaudiis
448 1421 592 1485 contenti
614 1442 680 1485 non
704 1422 835 1504 luimus,
869 1421 931 1485 nisi
960 1444 1017 1505 per
1043 1421 1224 1486 Pollionem
1253 1422 1489 1488 subdiaconum

214 1523 367 1587 eeclesiae
382 1523 558 1606 Romanae,
582 1523 657 1607 quid
680 1523 806 1608 plenius
822 1525 907 1588 circa
928 1546 983 1588 vos
999 1528 1158 1609 ageretur,
1183 1545 1371 1609 cuperemus
1388 1547 1489 1611 sgrro

214 1647 317 1708 soere3
353 1648 548 1711 magnopere
576 1627 651 1710 quia
684 1627 720 1690 in
753 1626 908 1690 relatione
937 1626 1157 1711 episcoporum
1189 1627 1249 1690 sub
1282 1627 1489 1693 ordinatione

214 1728 358 1792 caritatis
381 1732 455 1792 tuae
478 1728 664 1813 degentium
685 1751 752 1792 non
774 1728 934 1812 universa,
962 1750 1043 1814 quae
1065 1728 1105 1793 ad
1128 1728 1346 1794 ecclesiastico
1368 1731 1488 1795 consfi-

213 1832 284 1893 tuta
305 1831 486 1914 pertinent,
510 1831 594 1894 sicut
613 1831 648 1894 in
670 1839 793 1913 vestra,
822 1831 976 1916 leguntur
997 1831 1162 1895 evidenter
1183 1852 1345 1915 expressa.
1392 1831 1488 1897 Unde

214 1935 246 1995 et
268 1953 326 2015 pro
348 1935 459 1996 nostra
481 1933 696 1997 sollicitudine
719 1936 751 1998 et
772 1932 899 1997 illorum
920 1933 1049 2018 integra
1066 1933 1234 1998 nobiseum
1256 1934 1488 2018 conjunctione

213 2033 389 2118 libellum¹)
413 2034 595 2118 direximus,
620 2035 654 2099 in
677 2058 739 2118 quo
761 2057 814 2099 eos
837 2037 964 2119 oportet
986 2034 1101 2099 debere
1124 2035 1337 2119 subscribere,
1362 2037 1441 2122 quia
1456 2041 1487 2101 et

213 2157 323 2200 omnes
346 2136 524 2200 sacerdotes
548 2140 726 2201 vestrorum
748 2137 931 2224 poartiuffl),
956 2137 1009 2222 qni
1032 2137 1072 2201 ad
1090 2137 1387 2223 sedisapostolicae
1404 2161 1486 2204 eom-

213 2238 398 2302 munionem
420 2239 538 2302 reversi
561 2243 652 2322 sunt,
682 2240 716 2303 in
744 2240 853 2303 eodem
875 2239 1074 2323 professione
1102 2239 1372 2324 subscripserunt.
1419 2240 1486 2305 Ista

214 2340 347 2423 caritas,
371 2340 435 2404 ista
458 2341 633 2406 communis
656 2341 769 2405 salutis
792 2341 945 2405 excitavit
966 2341 1114 2425 ambitio,
1142 2341 1226 2427 quod
1250 2342 1344 2406 eredo
1366 2347 1399 2407 et
1423 2344 1483 2408 fro·

212 2441 399 2506 ternitatem
423 2446 561 2507 vestram
584 2446 753 2527 gratanter
775 2443 935 2527 accipere:
958 2442 1033 2528 quia
1055 2443 1110 2506 ubi
1127 2442 1166 2507 de
1182 2444 1365 2508 animarum
1382 2445 1483 2511 salute

212 2566 262 2607 res
285 2545 423 2628 geritur,
452 2544 547 2608 studii
570 2545 690 2609 tuive]
714 2545 903 2609 intentionis
926 2545 1021 2610 debes
1037 2567 1173 2629 operam
1201 2547 1405 2610 commodare
1412 2597 1420 2630 ,
1448 2552 1481 2611 ut

213 2645 430 2709 antecedendo
452 2646 592 2710 fructum
614 2647 652 2710 dc
675 2645 732 2710 tali
755 2648 858 2730 possis
880 2647 973 2711 laude
989 2647 1163 2731 percipere.
1197 2647 1380 2713 Pollionem
1395 2671 1479 2733 pirae

212 2747 334 2811 dictum
356 2770 428 2812 erun
450 2749 613 2833 rescriptis
636 2749 779 2813 caritatis
802 2753 926 2814 vestrae
949 2751 990 2813 ad
1012 2771 1070 2814 nos
1089 2750 1225 2833 juvante
1241 2749 1311 2814 Deo
1329 2751 1390 2814 sub
1406 2750 1477 2815 cele

212 2850 309 2914 ritate
336 2851 508 2934 remittite,
542 2854 700 2935 quatenus
727 2851 884 2916 desideria
917 2856 1028 2916 nostra
1056 2851 1110 2915 diu
1136 2873 1293 2937 suspensa
1321 2875 1392 2918 esse
1418 2875 1477 2918 non

213 2953 347 3037 possint.
394 2953 479 3017 Data
501 2953 580 3017 Xlll
604 2954 671 3020 Cal.
695 2953 903 3037 Decembres,
933 2953 1028 3018 Petro
1051 2954 1119 3018 viro
1141 2953 1321 3020 clarissimo
1343 2955 1475 3020 consule.

720 3140 902 3244 Epistola
928 3141 974 3223 20

823 3293 872 3330 seu

59 3336 156 3403 (ww
171 3360 197 3413 ‘¹'
449 3389 629 3444 Indieulus
651 3402 712 3456 per
722 3381 745 3465 ¹)
767 3387 959 3444 Pullionem
982 3387 1241 3444 subdiaconum.

76 3452 106 3501 19
118 3443 200 3511 Nov.)

527 3519 592 3580 Quid
609 3523 633 3569 iu
652 3521 833 3584 Nicopolitana
852 3521 959 3569 ecclesio
977 3521 1100 3583 rependum
1117 3521 1158 3568 rit.

296 3654 375 3718 (lum
397 3651 457 3716 Dei
480 3652 639 3735 adjutorio
668 3652 921 3717 stertitionibus
948 3655 1132 3716 sanctorum
1154 3652 1373 3737 apostolorum
1395 3655 1479 3720 Petri
1495 3636 1559 3713 i

211 3758 244 3819 et
259 3755 351 3820 Pauli
369 3755 501 3818 veniens
524 3756 563 3819 ad
578 3754 770 3838 Nicopolim,
794 3754 840 3818 sic
863 3755 959 3817 debes
976 3757 1087 3837 agere,
1110 3757 1147 3817 ut
1169 3758 1341 3839 postquam
1363 3757 1479 3842 episco
1492 3776 1559 3799 κ

211 3880 269 3941 pus
293 3856 537 3939 Nicopolitanus
560 3856 720 3940 acceperit
742 3856 867 3919 litteras
889 3858 1028 3940 nostras,
1057 3856 1234 3940 episcopos,
1265 3879 1348 3941 quos
1369 3860 1403 3923 iu
1425 3881 1479 3923 sus
1499 3861 1559 3915 Ε

212 4050 243 4097 19
280 4046 298 4110 1)
317 4043 454 4097 Videlicet
478 4043 586 4097 duabus
609 4041 734 4113 epistolis
756 4042 945 4112 superioribus
967 4043 1063 4096 subter
1086 4059 1237 4107 annexum,
1260 4043 1292 4096 ut
1313 4042 1344 4098 in
1365 4043 1479 4115 epistole
1507 4040 1559 4088 Ἀ

209 4128 337 4197 sequenti
349 4129 458 4198 planius
472 4129 641 4193 declaratur,
660 4128 762 4197 quique
780 4127 809 4180 in
822 4126 991 4180 editionibus
1003 4126 1182 4181 conciliorum
1195 4126 1331 4197 epistolae
1345 4128 1409 4185 hnic
1420 4129 1478 4183 sub
1517 4138 1559 4157 ἶ

206 4214 304 4282 Jicitur
320 4213 407 4268 veluti
425 4220 487 4266 datu
507 4219 568 4267 XV.
588 4219 648 4270 lici.
668 4218 768 4281 Aprilis
787 4210 900 4282 Apupiio
919 4234 941 4267 u.
960 4232 982 4269 c.
1000 4233 1072 4274 corre,
1091 4212 1158 4266 licet
1175 4211 1314 4282 Agspitm
1331 4230 1406 4267 mmo
1422 4215 1478 4267 aa
1517 4224 1554 4240 ‘

210 4299 269 4351 tum
288 4304 337 4352 oli
356 4299 528 4353 consulatum
546 4298 665 4368 adeptus
684 4298 727 4352 sit.
764 4298 821 4351 Nos
839 4314 916 4361 eum,
934 4297 1053 4364 vestigia
1071 4298 1105 4349 (11
1124 4297 1225 4362 secuti,
1243 4297 1478 4367 epistolicam
1523 4285 1559 4331 ε

117 4396 124 4411 ·
209 4382 389 4452 subjecimus;
409 4383 536 4438 cumdem
555 4382 634 4436 nobis
652 4382 771 4453 epistola
787 4388 820 4435 ‘26
839 4380 1030 4451 suspeditabit.

276 4469 298 4531 ¹)
316 4467 488 4522 Nominatim
500 4468 610 4538 lllyrici,
623 4468 659 4522 ad
671 4467 747 4536 quod
759 4466 836 4537 Epiri
849 4466 951 4520 veteris
962 4466 1106 4536 provincia
1116 4466 1287 4537 pertinebat
1300 4484 1375 4537 pene
1386 4484 1477 4523 omncs
1538 4460 1559 4497 ¹

209 4553 369 4607 secerdotes
385 4552 459 4607 inter
477 4571 535 4621 cos,
553 4553 601 4622 qui
618 4552 655 4608 ad
673 4551 896 4607 communionem
908 4551 983 4606 sedis
996 4551 1165 4621 apostolicae
1178 4567 1212 4607 eo
1229 4555 1315 4623 pacto
1331 4552 1476 4615 redium
1545 4570 1559 4589 ⁴

210 4638 319 4708 epistii
337 4655 363 4691 n.
382 4644 393 4690 1
412 4640 609 4693 momorantur.

210 4731 242 4777 20
279 4726 298 4791 ¹)
316 4722 371 4777 Seu
389 4723 483 4793 potius
500 4729 574 4777 dorus
589 4729 698 4777 Psillioni
712 4727 880 4784 uiridiororro,
900 4725 1027 4792 utsupra
1038 4721 1118 4792 epist.
1133 4729 1148 4777 'i
1161 4729 1286 4778 indiculus
1298 4729 1343 4793 qui
1354 4730 1429 4779 dam
1439 4732 1475 4776 eu

212 4812 342 4874 Ennodio,
360 4823 416 4861 non
433 4829 482 4876 per
496 4811 636 4862 Ennodiom
648 4808 757 4878 legitur.
794 4808 873 4862 llune
891 4807 1042 4863 indiculum
1059 4826 1117 4863 una
1133 4827 1197 4864 cum
1214 4807 1351 4880 superiori
1363 4806 1475 4879 epistole

210 4891 397 4964 couscriptum
415 4909 448 4947 ac
466 4893 563 4948 datum
581 4893 680 4980 sune,
696 4910 729 4947 cx
748 4893 846 4949 eadem
865 4892 984 4965 epistola
1001 4892 1097 4962 liquet.
