3412 5664
373 304 433 368 180
830 317 858 363 s.
877 314 1042 364 smenon
1064 314 1179 395 rapas

260 510 284 545 a..
297 496 356 545 476.
371 473 454 536 ratio
477 472 555 536 mihi
580 470 702 555 negotii
724 470 856 553 potioris
878 468 1047 553 incumbit,
1076 473 1113 534 nt
1134 467 1228 531 simul
1251 465 1535 531 honorificentiam
1558 462 1654 528 vobis

299 598 302 603 ’
370 597 472 659 prona
493 578 601 638 mente
623 571 812 658 persolvam,
837 575 869 635 et
885 571 1030 656 carasas2)
1053 571 1127 635 fidei
1143 570 1280 635 fidenter
1299 569 1479 635 insinuem:
1504 568 1585 653 quia
1601 588 1654 631 me

370 678 411 742 ad
441 681 610 761 utramque
639 675 687 739 vel
716 675 823 738 dicata
850 673 952 738 trahit
981 673 1169 738 elementiae
1197 676 1323 737 vestrae
1349 694 1477 756 semper
1506 670 1651 753 affectio,

371 780 420 844 vel
463 784 626 865 respectus
662 777 783 841 ordinis
816 777 878 841 mei
917 779 950 841 ct
984 776 1152 862 apostolici
1193 775 1420 840 moderaminis
1460 764 1652 839 sollicitudo

371 884 542 968 compellit.

453 988 484 1049 2.
522 984 664 1048 Functus
686 983 797 1067 igitur,
821 983 1048 1069 gloriosissime
1070 1004 1109 1046 aa
1131 981 1378 1047 clementissime
1400 980 1447 1045 fili
1467 980 1648 1065 imperator

370 1090 525 1173 Auguste,
549 1107 681 1150 munere
702 1085 875 1167 salutandi,
899 1085 1034 1170 quaein
1058 1084 1201 1149 ecclesiis
1224 1084 1366 1149 Orientis
1388 1105 1446 1169 per
1468 1082 1645 1148 haeretico

368 1212 438 1254 rum
461 1188 629 1253 latrocinia
651 1187 791 1252 recidiva
813 1209 921 1251 rursus
942 1187 1093 1252 dicuntur
1108 1186 1261 1252 scandala
1276 1187 1443 1270 concitari,
1468 1207 1532 1252 neo
1547 1184 1641 1250 debeo

368 1292 461 1356 silere
483 1314 543 1356 nec
565 1313 704 1376 possum.
744 1289 829 1355 Nam
851 1291 934 1355 sient
956 1291 990 1353 in
1013 1312 1118 1355 meam
1132 1290 1282 1354 notitiam
1297 1290 1494 1355 ferventium
1509 1310 1570 1374 pro
1583 1287 1637 1353 fide

368 1393 526 1458 catholica
549 1395 731 1458 detnlcrrmt
758 1394 879 1478 scripta
907 1392 1146 1477 monachorum,
1171 1394 1321 1479 comperi,
1346 1391 1553 1457 'timotheum
1574 1412 1633 1477 par·

284 1499 352 1553 (ten.
368 1497 510 1579 rieidam,
535 1498 588 1581 qni
610 1496 792 1581 Aegyptiae
814 1495 937 1580 pridem
953 1498 1095 1560 vastator
1117 1494 1271 1560 ecelesiae
1291 1495 1328 1560 in
1348 1516 1469 1561 morem
1491 1494 1584 1579 (lain,
1605 1500 1641 1565 ut

282 1574 353 1633 ψ’
367 1600 462 1663 lectio
485 1599 594 1663 divina
615 1602 764 1683 testatur,
788 1598 909 1683 ejectus
932 1620 951 1662 a
973 1598 1057 1663 faeie
1072 1598 1143 1683 Dei,
1165 1600 1226 1663 hoe
1240 1602 1290 1663 est
1305 1600 1347 1664 ab
1361 1596 1529 1663 Ecclesiae
1538 1596 1668 1683 digni-

367 1706 435 1767 tate
458 1702 609 1785 seclusus,
634 1702 698 1787 etl)
718 1701 788 1785 jam
803 1723 860 1786 per
874 1701 1000 1765 deserta
1022 1722 1134 1787 vagus,
1158 1700 1334 1766 sceleratae
1356 1699 1574 1781 conscientiae
1585 1700 1676 1785 (liu

367 1807 530 1869 tonnenta
551 1826 713 1889 passurus,
736 1805 770 1868 in
787 1803 934 1868 exsilium
948 1803 1069 1887 proprii
1085 1804 1201 1868 erroris
1216 1803 1373 1869 abductus
1388 1806 1448 1889 est,
1472 1814 1680 1891 resumpti„

367 1906 497 1990 pristini
525 1906 642 1971 suroris
669 1906 827 1972 incendiis
861 1906 1016 1970 conflasse
1044 1905 1253 1971 nihilominus
1285 1907 1419 1993 agmina
1445 1904 1678 1992 perditorum

368 2012 400 2073 et
423 2008 662 2073 Alexandrinae
690 2009 778 2073 urbis
811 2008 995 2093 ecclesiam,
1024 2031 1120 2092 qnam
1148 2008 1339 2075 sacerdotali
1364 2009 1454 2094 prius
1481 2016 1676 2095 sanguim

369 2112 564 2196 cruentavit,
604 2113 708 2196 ipsum
740 2112 845 2176 denuo
878 2134 965 2176 nimo
997 2116 1163 2176 cruentum
1191 2112 1377 2198 depulsione
1405 2110 1542 2197 legitimi
1568 2134 1673 2201 per·

368 2214 488 2278 vasisse
510 2214 689 2298 pontificis:
712 2218 748 2278 ut
770 2214 820 2280 aui
843 2214 899 2278 illa
921 2214 1129 2299 relegationis
1151 2215 1317 2280 humilitas
1339 2214 1474 2300 injicere
1495 2214 1672 2283 debuerit

368 2337 407 2380 ex
429 2316 479 2400 iis,
509 2339 591 2402 quae
613 2318 710 2401 impie
737 2321 893 2403 gesserat,
922 2317 1067 2382 aculeum
1094 2318 1292 2403 poenitendi,
1320 2317 1512 2383 nutriendae
1531 2318 1670 2403 potius

367 2419 435 2483 otia
467 2420 617 2483 tribuisse
645 2420 792 2484 videatur
818 2420 985 2485 atrocioris
1013 2419 1170 2485 insaniae.
1205 2420 1274 2498 Quo
1296 2421 1407 2506 procul
1434 2420 1530 2486 dubio
1555 2418 1671 2485 Cain

367 2521 437 2606 ipso
461 2521 558 2607 longe
580 2522 799 2588 detestabilior
820 2523 1026 2608 approbatur.
1056 2523 1115 2588 llle
1137 2524 1293 2609 siquidem
1307 2547 1327 2588 a
1342 2526 1528 2609 perpetrato
1541 2508 1674 2588 semel

367 2624 511 2688 facinore
540 2626 710 2690 damnatus
738 2625 909 2710 abstinuit,
939 2626 992 2691 hio
1019 2625 1157 2710 profecit
1183 2626 1224 2691 ad
1253 2626 1388 2692 erimina
1416 2628 1540 2712 majora
1563 2604 1683 2713 ροεέι

367 2749 515 2811 poenam.

454 2832 482 2895 3.
519 2829 588 2896 Nee
611 2853 648 2895 eo
669 2834 778 2897 tamen
795 2832 950 2897 scelerum
965 2832 1029 2897 fine
1045 2836 1226 2918 contentus,
1250 2832 1530 2919 (bustantinopoli
1552 2821 1681 2890 :ss
1689 2815 1706 2930 ἰ

369 2932 499 3016 insuper
527 2934 646 3017 urbem,
675 2934 755 2999 recti
783 2956 908 3019 semper
935 2934 1095 3020 dogmatis
1124 2956 1231 3000 amore
1259 2936 1469 3022 flagrantem,
1499 2958 1540 3003 ne
1561 2936 1663 3023 q‘r‘
1697 3007 1706 3027 ,

368 3036 593 3101 intemeratum
621 3038 791 3121 populator
818 3038 976 3101 humanae
1007 3038 1120 3102 salutis
1147 3038 1326 3123 omitteret,
1359 3038 1463 3104 fert-ru
1489 3060 1560 3104 aru:
1594 3071 1615 3097 o

368 3140 548 3222 ingressus,
583 3142 615 3203 et
648 3162 667 3204 a
696 3162 773 3204 suae
807 3139 1008 3205 consortibus
1042 3141 1211 3226 pravitatis
1246 3140 1386 3206 libenter
1418 3142 1547 3209 audisse
1578 3144 1631 3211 soli

368 3240 499 3305 Christo
521 3241 662 3306 debitam
685 3264 804 3325 vocem,
828 3265 891 3327 qua
913 3243 1039 3329 plane⁸)
1062 3266 1127 3308 non
1150 3251 1181 3310 in
1199 3251 1318 3309 nonirre
1331 3248 1458 3311 Domini
1476 3252 1636 3315 mirebe-

368 3350 512 3415 ncdictns,
536 3344 590 3408 sed
613 3346 714 3410 divini
737 3345 885 3410 culminis
907 3349 1077 3431 usurpator
1091 3346 1256 3411 evidenter
1271 3350 1321 3411 est
1334 3350 1639 3419 monstratusmri-

369 3447 520 3511 christus:
549 3448 603 3532 qui
631 3471 727 3532 quum
756 3449 853 3512 etiarn
880 3471 899 3511 a
922 3450 1143 3514 communione
1166 3450 1414 3515 catholicatum
1436 3450 1645 3523 laudabiliter

368 3554 452 3613 esset
479 3550 638 3634 exclusus,
675 3572 732 3633 per
760 3551 969 3635 quorumdam
1000 3551 1143 3637 privatas
1171 3551 1281 3618 domos
1313 3552 1470 3639 respersis
1504 3554 1647 3625 humano

434 3791 456 3857 ¹)
474 3791 501 3842 e⁷
518 3809 609 3844 correns
623 3796 736 3858 fideliter
758 3796 886 3845 insinuem.
922 3790 982 3845 Hoe
999 3791 1143 3861 prooemio
1166 3792 1207 3846 ita
1228 3792 1404 3848 salutationis
1426 3792 1560 3851 officium
1577 3814 1653 3855 novo

366 3874 529 3943 imperatori
547 3875 692 3945 persolvit,
711 3876 742 3928 nt
759 3875 827 3935 satis
844 3877 1028 3946 pmdcntibns
1046 3876 1178 3943 insinuet,
1201 3896 1230 3932 se
1246 3877 1322 3933 haud
1340 3894 1390 3933 sua
1408 3883 1519 3949 sponte
1538 3898 1576 3939 oo
1595 3896 1654 3943 mia

369 3975 436 4013 nero
453 3961 590 4030 perfungi.

436 4048 456 4111 ³)
475 4045 508 4099 G'
523 4048 559 4099 a²
577 4053 652 4100 eliam
670 4067 741 4115 quern
759 4068 815 4115 per.
850 4048 958 4102 Deinde
977 4048 1044 4103 editi
1062 4056 1199 4107 cestriendi.

435 4132 456 4187 ⁴)
474 4132 500 4184 n¹
518 4137 601 4199 plene.
637 4131 681 4185 Ad
698 4131 838 4201 integram
855 4133 937 4203 hujus
955 4133 1008 4191 loei
1026 4134 1241 4205 intelligentiam
1259 4134 1363 4191 addere
1377 4134 1493 4205 juverit
1505 4138 1657 4201 Theodori

367 4213 478 4269 lectoris
495 4215 581 4270 verba
598 4217 649 4269 snb
668 4217 750 4271 linem
768 4218 832 4272 libri
845 4219 859 4273 l
874 4219 928 4287 (ed.
942 4218 1033 4275 Voles.
1046 4238 1112 4291 pag.
1126 4224 1199 4290 boob
1217 4227 1303 4276 Porro
1316 4226 1430 4277 Artem
1446 4244 1531 4295 φιωιι
1548 4236 1656 4289 aedom

366 4322 419 4355 snm
437 4314 513 4372 nrqne
531 4309 719 4371 incompositam
734 4309 970 4360 Alexandrinorum
987 4311 1085 4361 trvrdrnn
1102 4314 1253 4376 collegisset,
1272 4327 1323 4361 rna
1339 4326 1394 4361 cunr
1412 4314 1468 4364 civis
1486 4330 1529 4367 ea·
1545 4322 1657 4373 aedita

247 4428 265 4453 x
368 4390 489 4441 ltnsr'lr'ser'
504 4394 651 4457 svrpplicnnr
669 4394 705 4443 nd
721 4395 851 4444 ecelesiam
867 4396 1005 4460 processit.
1029 4398 1084 4463 ipre
1102 4398 1176 4449 anino
1192 4404 1285 4451 aedas.
1321 4392 1360 4447 Ut
1382 4393 1477 4465 igitur
1497 4396 1557 4455 hae
1576 4418 1655 4459 oam-

367 4472 444 4526 sionc
463 4472 551 4543 ipsnrn
565 4474 674 4527 Domini
693 4474 864 4545 triumphum
882 4476 989 4546 plenius
1008 4477 1173 4546 imitaretur,
1191 4479 1418 4534 acironmstante
1433 4482 1531 4539 turbu
1542 4488 1654 4543 concini

363 4558 445 4625 jussit
463 4564 609 4614 benedicens·
627 4567 670 4630 pm·
687 4567 754 4614 verri!
772 4568 796 4614 r‘n
815 4568 912 4616 tremine
932 4568 1037 4618 Dnnn‘nr'.
1074 4564 1132 4619 Nec
1150 4582 1216 4620 vcro
1234 4564 1347 4635 impune
1365 4582 1452 4620 avrsue
1469 4572 1522 4625 est
1539 4572 1654 4629 tantm

368 4644 444 4698 nolas
462 4645 608 4715 impudens
626 4646 779 4716 parricida,
802 4665 888 4715 (prum
905 4649 1030 4717 graviter
1045 4656 1184 4719 prolapsus
1202 4670 1252 4705 non
1274 4658 1330 4705 sine
1353 4653 1501 4719 ipnoarr'nr'a
1524 4664 1654 4717 neem

367 4734 478 4783 coaetus
496 4730 539 4795 sit,
559 4733 588 4784 ut
606 4731 685 4785 addit
703 4731 873 4799 'l'lrcodorua
892 4733 997 4789 Simoni
1009 4734 1093 4802 Mago
1112 4753 1196 4803 ‹prin-m
1209 4736 1318 4791 Christo
1336 4735 1467 4793 similior.
1504 4738 1593 4807 Quod
1609 4744 1653 4801 vel

367 4812 507 4879 igrioravit
524 4816 681 4885 Simplicius
703 4818 745 4871 vel
769 4818 996 4874 dissimulandum
1021 4821 1107 4875 duxit.
1143 4824 1180 4875 at
1203 4822 1307 4877 diserte
1329 4822 1456 4889 notarit,
1482 4826 1511 4881 ei
1535 4826 1652 4887 domurn

367 4896 418 4951 Dei
437 4900 540 4955 intrare
558 4919 613 4956 non
631 4903 740 4957 licuisse
758 4910 885 4959 nnuman
903 4910 1080 4961 obsistentibus
1098 4908 1220 4978 (epistt
1238 4926 1264 4963 n.
1275 4912 1310 4977 3).
