3412 5664
330 298 391 365 948
768 319 797 368 s.
814 318 1022 367 noanrsnsa
1045 317 1161 365 rasas

220 482 314 531 aoso.
574 470 929 536 comministratori
972 474 1109 536 nostro
1149 469 1386 536 Hormisdae
1421 471 1546 559 Epipha-

574 572 664 637 nius
687 573 898 658 episcopus
920 574 962 637 in
983 573 1148 638 Domino
1171 572 1352 638 salutem.

416 696 444 757 l.
478 692 640 768 Quantam
662 691 832 757 habuimus
853 692 1055 757 alacritatem
1081 713 1141 758 nos
1169 713 1295 777 quoque
1321 696 1355 757 et
1380 693 1551 778 piissimuset

330 794 623 861 christianissimus
633 793 658 879 ¹)
681 794 857 879 imperator
878 817 944 859 una
959 816 1032 860 cum
1046 794 1233 859 fidelissima
1248 794 1332 859 etin
1346 795 1476 861 omnibm
1487 797 1551 863 bouis

329 896 463 961 florente
486 897 624 982 conjuge
646 917 704 960 sua
727 896 812 961 circa
833 899 956 961 rectam
982 898 1015 961 et
1040 918 1155 981 puram
1184 899 1370 962 sanctarum
1395 897 1553 965 ecclesiarum

329 998 518 1082 rmitionem,
542 1000 575 1062 et
597 997 861 1082 quemadmodum
884 1020 957 1063 cum
977 998 1113 1063 caritate
1127 997 1199 1082 Dei,
1223 1021 1286 1084 qua
1308 1020 1367 1064 uos
1381 999 1502 1084 decebat,
1518 1000 1554 1066 de

327 1101 465 1165 stinatos
487 1123 507 1164 a
527 1100 617 1164 vobis
640 1103 770 1164 sanctos
792 1100 957 1185 episcopos
980 1104 1013 1165 et
1033 1099 1201 1186 religiosos
1223 1101 1420 1186 suscepimus
1442 1105 1471 1167 et
1490 1124 1555 1167 rcus

327 1203 444 1267 randos
470 1201 642 1267 habuimus
671 1202 853 1290 clericos2),
888 1202 1108 1267 existimamus
1137 1202 1266 1287 quidem
1292 1206 1327 1269 et
1358 1207 1431 1268 ante
1459 1225 1490 1269 er
1513 1203 1556 1286 bis,

328 1327 408 1389 quae
431 1307 504 1369 acta
525 1307 612 1389 sunt,
636 1305 839 1369 satisfactum
861 1307 986 1369 vestrae
1008 1303 1212 1370 beatitudini.
1257 1304 1452 1372 Credidimus
1468 1310 1557 1388 mmm,

327 1408 438 1492 quodsi
460 1407 617 1472 Dominus
647 1409 680 1471 et
701 1405 849 1472 Salvator
861 1406 957 1473 Jesus
973 1405 1119 1472 Christus
1134 1404 1222 1472 Deus
1244 1410 1356 1472 noster
1375 1407 1481 1493 idcm¹)
1498 1408 1560 1494 ipsus

326 1509 606 1575 reverendissimos
629 1509 934 1574 comministratores
956 1512 1083 1574 nostros
1105 1508 1284 1574 incolumes
1305 1510 1420 1574 vestris
1432 1509 1560 1575 obtuhbm

326 1611 556 1696 praesentavit,
583 1611 691 1676 omnia
712 1632 795 1695 quae
817 1611 957 1675 excitata
978 1614 1065 1695 sunt,
1088 1609 1406 1687 vobissanctissimis
1426 1611 1561 1676 manifsta

326 1714 411 1797 fieri,
441 1717 474 1778 et
495 1712 654 1797 laborem,
678 1734 772 1798 quem
795 1712 958 1798 potuimus
980 1714 1149 1778 sustinere.
1193 1711 1258 1779 Per
1278 1712 1338 1778 hos
1359 1713 1443 1797 ipsm
1460 1714 1561 1778 maniis

326 1816 406 1879 atius
429 1816 645 1900 cognoscetis,
674 1815 939 1900 quemadmodum
960 1836 1019 1900 per
1041 1815 1101 1880 Dei
1125 1816 1266 1901 gratiam
1288 1818 1321 1881 ot
1345 1813 1562 1881 fidelissimorum

326 1916 509 2002 principum
538 1921 720 1983 nostrorum
748 1915 1126 2002 Constantinopolitanae
1153 1917 1296 1983 civitatis
1323 1920 1434 1983 nostra
1460 1917 1562 1984 ecclesis

326 2018 460 2103 pacifice
482 2021 533 2083 est
553 2020 745 2104 gubernata,
774 2022 807 2084 et
828 2018 960 2084 nomina
982 2040 1092 2084 eorum
1114 2018 1200 2084 inter
1221 2040 1315 2085 sacra
1336 2040 1403 2084 non
1422 2023 1492 2085 sunt
1507 2019 1562 2084 rec}

325 2124 396 2185 tata
417 2121 585 2205 mysteria,
617 2143 699 2206 quae
721 2120 789 2186 sedi
810 2125 937 2186 vestrae
958 2121 1097 2206 profana
1124 2123 1349 2207 cognorimus,
1380 2120 1435 2186 sed
1458 2126 1563 2207 quatra

327 2222 535 2287 conciliorum
555 2224 650 2308 pr04)
672 2225 762 2288 recta
782 2222 846 2287 fide
869 2224 1081 2288 consonantia
1102 2222 1323 2308 praedicatur,
1353 2228 1387 2288 et
1411 2221 1468 2288 hoo
1485 2223 1561 2308 ipsun

326 2325 476 2389 omnibus
498 2345 663 2389 sacrorum
685 2323 910 2410 diptychorum
932 2325 1122 2390 recitatione
1137 2325 1348 2390 manifestum
1368 2329 1427 2390 est.
1457 2324 1561 2390 Amm-

326 2427 411 2491 ticnt
431 2426 533 2512 igitur
553 2426 655 2511 vobis,
679 2426 755 2511 quia
776 2447 844 2491 non
864 2427 957 2511 parvi
977 2427 1071 2493 nobis
1089 2427 1227 2512 subjecti
1241 2426 1432 2511 sacerdotes,
1452 2446 1560 2493 necrus

326 2550 379 2593 sus
401 2528 460 2593 sub
483 2550 591 2594 eorum
613 2528 814 2594 ordinatione
836 2529 1057 2614 episcoporum
1079 2551 1178 2614 parra
1199 2532 1251 2594 est
1271 2529 1400 2596 subdita
1413 2527 1557 2609 mulb'tuto,

326 2653 408 2715 quae
442 2631 562 2696 bonum
598 2630 695 2714 hujus
728 2634 860 2717 coeptae
898 2630 1055 2696 unitionis
1093 2631 1315 2717 amplectitur:
1357 2635 1457 2697 vestra
1488 2630 1557 2696 eb‘m

326 2733 483 2798 sanctitas
506 2736 690 2818 cognoscat,
713 2733 806 2799 istius
828 2756 863 2798 se
884 2732 1045 2820 generalis
1067 2732 1145 2798 boni
1166 2736 1200 2799 et
1213 2733 1395 2820 principem
1408 2734 1556 2818 etinospb

272 2880 274 2884 -
325 2856 393 2899 rem
415 2833 624 2907 nihilomiuus
647 2835 902 2921 eonstitutnm5).

409 2937 440 3001 2.
474 2935 569 3002 Unde
594 2936 724 3001 fortiter
750 2937 791 3002 ad
818 2936 1018 3022 vigilandum
1045 2936 1211 3002 beatitudo
1238 2941 1347 3003 vestra
1374 2937 1503 3004 laudibus
1522 2940 1556 2999 cst

325 3038 462 3103 stimulis
484 3039 671 3123 excitanda,
700 3061 757 3123 ne,
786 3039 820 3104 id
842 3039 925 3124 quod
947 3039 1056 3104 divina
1078 3038 1114 3103 in
1139 3037 1296 3105 honorem
1323 3041 1419 3105 vestri
1444 3044 1555 3123 coeperit

325 3141 473 3205 ordinare
495 3139 729 3224 misericordia,
759 3163 825 3207 uon
854 3140 895 3205 ad
916 3141 1048 3227 plenum
1069 3142 1131 3225 ita,
1160 3145 1197 3207 ut
1219 3142 1389 3227 condecet,
1417 3138 1555 3207 communis

324 3243 433 3307 unitas
459 3242 627 3327 pervenire
653 3241 808 3308 videatur.
853 3241 1051 3328 Diligentius
1078 3246 1187 3309 autem
1213 3244 1253 3309 de
1280 3243 1333 3310 his
1360 3240 1556 3310 fidelissimis

207 3461 251 3565 elg-
263 3451 311 3500 116
325 3347 779 3532 {gffiianzsffideffielffis
791 3344 1557 3537 vigtrfficffiwlgffingffiffigffffl

211 3529 226 3566 θ
255 3519 309 3567 ¹²⁹¹
325 3550 467 3614 cationes
490 3571 509 3612 a
523 3547 669 3633 plurimis
690 3549 812 3613 sanctis
827 3549 1046 3615 sacerdotibus
1065 3550 1277 3636 suscipientes
1299 3554 1368 3616 tarn
1381 3548 1471 3615 Ponti
1486 3566 1556 3633 quen

325 3651 422 3714 Asiae
444 3650 629 3735 provinciae
651 3653 684 3715 et
708 3651 847 3715 maxime
869 3650 1027 3735 Orientis,
1056 3652 1141 3736 apud
1169 3674 1248 3737 quos
1275 3652 1408 3718 nomina
1429 3647 1557 3737 quondsn

219 3770 222 3775 ·
324 3752 525 3817 sacerdotum
547 3774 675 3817 suorum
696 3756 804 3818 tacere
826 3752 958 3818 difficile
980 3756 1013 3817 et
1035 3753 1231 3840 impossibile
1259 3776 1330 3821 esse
1355 3753 1486 3837 ridetur,
1505 3755 1558 3816 aa

325 3945 373 3993 130
410 3939 465 4008 ¹)b
490 3942 590 3994 Christo
616 3945 808 3996 maurusium.
852 3938 929 3993 Idem
955 3939 1110 4011 imperator
1136 3941 1173 3996 ab
1201 3941 1302 3997 eodem
1323 3939 1474 4014 Epiphanio
1495 3950 1559 4008 m

323 4022 404 4093 epist.
425 4029 473 4077 121
494 4027 720 4079 obstupescimus
736 4023 806 4079 item
824 4024 990 4094 appellatur.

390 4111 411 4177 ²)
428 4106 501 4163 Puta
518 4109 688 4164 Germanum
706 4110 735 4165 et
751 4108 908 4164 iohannem
926 4108 1084 4181 episcopos,
1103 4110 1321 4180 etDioscorum,
1339 4108 1561 4169 heliconem

323 4192 389 4247 dum
407 4192 533 4260 clericos,
551 4196 688 4261 quatenus
705 4193 758 4248 hac
775 4193 901 4263 generali
917 4211 986 4251 voce
1004 4194 1090 4251 etiam
1106 4196 1266 4267 presbyteri
1285 4200 1439 4254 cementur.

390 4280 411 4347 ³)
428 4277 574 4333 Mallemus
595 4285 695 4334 cosdem
716 4285 798 4348 ipsos,
816 4278 872 4334 scil
895 4278 1004 4351 legatos
1020 4280 1193 4351 praedictos,
1217 4283 1266 4351 qui
1283 4282 1386 4340 iuliis
1406 4283 1450 4341 dis
1469 4298 1500 4339 ax
1512 4277 1564 4335 ut·

251 4408 255 4417 .
321 4362 401 4433 regia
418 4361 523 4418 dimissi
544 4365 666 4431 fueraut,
689 4365 721 4418 ut
742 4380 775 4419 ex
798 4364 918 4435 epistola
942 4369 990 4419 116
1011 4364 1152 4433 discimm,
1174 4366 1204 4423 st
1225 4383 1298 4438 quos
1319 4367 1414 4425 medio
1435 4361 1568 4439 Septnld

320 4447 440 4503 Romam
456 4447 615 4519 pervenisse
633 4465 666 4503 ex
685 4448 818 4519 epistolae
838 4455 886 4504 120
904 4449 1028 4505 clausula
1045 4450 1193 4521 colligitur.

387 4534 410 4602 ⁴)
429 4534 463 4588 G¹
480 4555 530 4603 pro
548 4546 635 4589 rectae
649 4539 724 4601 fidei,
743 4533 761 4588 b
778 4555 829 4604 pro
846 4545 920 4590 recta
933 4540 1002 4602 fider
1018 4537 1048 4590 a*
1063 4556 1116 4605 pro
1132 4546 1224 4592 emta
1240 4539 1379 4608 praefert.
1408 4534 1572 4596 Tm&

320 4616 503 4688 Epiphanius,
526 4620 648 4688 quatuor
670 4618 840 4688 synodorum
860 4619 890 4674 in
911 4636 1054 4676 sacrorum
1076 4620 1274 4692 diptychorum
1297 4624 1465 4682 recitatim
1481 4621 1576 4680 uuas

320 4718 384 4756 nem
402 4702 469 4757 fieri.
504 4704 569 4759 Mox
587 4705 655 4758 bco
669 4709 748 4772 pauci
764 4704 837 4770 (loco
853 4709 948 4774 paror).

387 4788 408 4855 ⁵)
427 4789 445 4841 b
464 4795 631 4844 coustitutum.
666 4788 731 4842 Mox
749 4789 909 4846 odlandum
927 4802 967 4844 cst
1039 4796 1076 4846 od
1090 4802 1177 4847 aestro
1188 4800 1379 4852 nunciaverunt
1454 4818 1533 4854 auses
1546 4816 1582 4869 pt·

320 4878 431 4925 siculum.
