3412 5664
352 316 416 379 594
823 329 851 377 s.
868 327 1010 377 aunssn
1031 326 1146 375 eursu

352 486 393 549 ad
414 506 513 548 unum
535 504 637 568 genus
659 482 824 545 hominum
846 504 945 545 unam
967 481 1105 566 speciem
1127 480 1258 545 seminis
1281 480 1389 563 gratia
1413 480 1634 564 eomparalffi

352 588 403 650 nis
426 584 586 667 adhibere,
610 606 667 668 per
689 606 785 668 <luam
807 587 839 648 et
860 605 926 647 non
949 585 1036 667 prius
1059 562 1213 648 vivificari
1233 604 1331 667 quam
1352 582 1445 665 mori,
1468 586 1502 647 et
1521 580 1634 668 hor-

352 688 483 752 rabilius
507 708 620 771 corpus
636 708 731 770 quam
744 687 956 750 seminaretur
971 707 1142 772 exsurgere
1156 684 1359 770 perdoceret:
1381 685 1438 749 sed
1452 688 1488 748 ut
1503 684 1634 772 dive-3

353 812 445 854 sexus
467 790 629 873 proprium
652 811 765 873 corpus
793 791 949 853 assereret
975 788 1212 871 innovandum,
1249 786 1334 871 qnod
1362 786 1399 851 in
1426 808 1491 851 una
1516 808 1634 873 spe,

353 891 493 972 seminis,
518 894 672 975 quantum
696 891 736 955 ad
758 892 1002 955 similitudinem
1022 890 1208 973 respiceret,
1232 911 1299 953 non
1322 888 1481 971 habebat,
1502 910 1543 953 ne
1574 918 1634 993 F

352 993 413 1057 hoc
436 997 468 1057 et
489 1015 586 1057 unam
609 994 830 1058 tantummodo
852 993 991 1077 speciem
1020 991 1315 1057 resuscitandorum
1345 1012 1511 1075 corporum
1535 990 1634 1077 int

352 1096 469 1171 ran1⁷⁵l
507 1095 706 1180 significasse
739 1099 924 1179 putaretur,
958 1096 1193 1179 proprietatum
1225 1093 1434 1158 distinctione
1465 1092 1634 1181 subrues,

353 1198 491 1261 discreta
513 1219 719 1283 quaecunque
742 1198 900 1261 seminum
922 1218 1044 1283 genera
1067 1195 1316 1281 comparationis
1338 1216 1415 1261 suae
1437 1198 1526 1260 caute
1548 1222 1634 1282 001,

353 1299 580 1383 venienterque
595 1300 686 1364 duxit
702 1299 899 1364 adhibenda:
914 1302 952 1362 ut
966 1299 1198 1383 proprietatem
1214 1319 1393 1382 corporum,
1406 1298 1489 1361 sicut
1501 1296 1627 1381 dictum

355 1405 418 1483 est,
448 1424 543 1485 quam
564 1425 630 1465 una
652 1402 774 1486 species
796 1402 976 1466 discernere
1004 1423 1071 1465 non
1092 1400 1236 1484 valebat,
1271 1401 1431 1465 seminum
1456 1398 1618 1479 divortia,

354 1504 525 1587 iudicaret,
556 1505 837 1590 suppeditaretque
863 1504 978 1588 plenae
1002 1502 1234 1586 comparationi
1261 1501 1417 1586 facultas,
1444 1524 1501 1587 per
1521 1524 1607 1591 qum

355 1605 394 1669 ad
417 1605 649 1690 specialitatem
672 1629 839 1691 corporum
862 1606 1096 1692 designandam
1124 1605 1427 1670 convenientissime
1453 1603 1596 1689 diceretur,

355 1720 383 1771 er
399 1715 557 1787 unicuique
578 1717 721 1773 seminum
738 1720 902 1790 proprium
923 1730 1053 1789 corpus;
1075 1710 1112 1772 ut
1132 1707 1216 1793 quod
1237 1730 1303 1772 una
1318 1707 1441 1792 speeies
1454 1706 1592 1791 cujuslibet

355 1810 450 1894 grani
471 1810 608 1875 &screto
636 1833 729 1894 sexu,
758 1812 860 1897 quiw)
889 1811 918 1876 ei
946 1810 1071 1893 nullus,
1100 1810 1264 1875 aestimari
1292 1830 1360 1874 non
1386 1812 1490 1894 posset
1511 1812 1585 1895 expri-

357 1912 492 1976 mendae
514 1934 681 1997 eorporum
704 1914 906 1999 proprietati,
930 1912 1014 1977 sicut
1035 1934 1131 1998 saepe
1149 1913 1219 1996 jam
1241 1912 1364 1976 dictum
1386 1916 1444 1995 est,
1464 1911 1578 1975 semin·

358 2014 526 2078 diversitas
548 2014 801 2100 intelligentiam
822 2016 1033 2080 ministraret.

439 2116 491 2179 24.
536 2116 666 2200 Triplex
688 2119 790 2203 igitur
811 2119 845 2181 in
868 2118 928 2182 hae
951 2118 1190 2202 comparatione
1215 2115 1411 2201 propositio,
1437 2110 1571 2199 displffib

355 2217 500 2281 delinitio
523 2222 581 2283 est.
620 2219 664 2284 Et
686 2223 842 2304 quantum
865 2221 905 2285 ad
927 2220 1171 2306 intelligendam
1194 2218 1459 2283 resurrectionem
1476 2214 1570 2301 perfluet

357 2320 569 2405 corporalem,
599 2343 637 2385 ex
660 2322 868 2387 similitudine
891 2324 987 2408 grani
1008 2344 1074 2387 non
1102 2322 1191 2406 prius
1212 2320 1369 2386 vivificati
1390 2340 1479 2406 quam
1494 2309 1568 2381 mu

357 2426 540 2506 competens
562 2424 737 2489 similitudo
760 2425 985 2510 sufficiensque
1007 2425 1197 2509 deprompta
1220 2427 1278 2488 est.
1318 2422 1474 2500 Quantum
1484 2408 1568 2482 remi

357 2524 389 2587 id
412 2525 541 2609 attinet,
565 2526 640 2610 quia
662 2549 722 2592 nou
745 2534 779 2591 id
799 2549 911 2608 corpus
933 2533 1100 2591 seminatur
1122 2532 1204 2605 qum]
1220 2530 1365 2603 futurum
1387 2536 1443 2605 est,
1463 2526 1506 2589 red
1517 2522 1568 2581 W

357 2632 412 2691 dot
433 2634 480 2692 ille·
499 2650 609 2708 corpus
625 2640 720 2709 prout
742 2636 821 2703 volu
844 2631 879 2694 in
900 2629 1042 2711 ejusdem
1058 2629 1259 2693 continentia
1282 2627 1429 2693 lectionis
1441 2613 1567 2691 aemil

358 2751 453 2793 creusa
475 2734 645 2814 reseratur,
670 2754 766 2816 quum
789 2732 995 2816 corruptibile
1019 2752 1133 2815 corpus
1155 2731 1351 2797 seminatum
1372 2716 1568 2815 perhin

357 2832 563 2915 corruptibile
585 2833 798 2917 redditurum,
828 2837 860 2897 et
884 2837 1005 2918 cetera,
1035 2854 1116 2917 quae
1143 2833 1218 2898 huic
1240 2832 1351 2897 sensui
1373 2830 1522 2917 prorsum
1535 2812 1568 2882 ἦ·

357 2933 497 2998 haerere.
534 2934 697 3010 Quantum
720 2941 827 3000 autem
849 2936 888 3000 ad
911 2936 1142 3021 proprietatem
1157 2956 1325 3021 corporum
1348 2934 1473 3019 respicit
1481 2926 1569 2995 slot!

357 3035 441 3119 dam,
465 3037 651 3122 plenissime
673 3038 864 3121 declaratur,
888 3039 971 3123 quod
993 3039 1107 3104 beatus
1130 3037 1295 3123 apostolus
1317 3040 1570 3124 nequaquanffl

357 3139 407 3201 nis
431 3140 525 3203 unius
548 3140 786 3224 comparatione
809 3144 996 3225 contentus,
1020 3163 1078 3225 per
1100 3140 1182 3225 quod
1204 3141 1435 3225 proprietatem
1455 3138 1571 3221 cupam*

336 3262 422 3303 non
437 3245 546 3324 posset
560 3243 744 3326 ostendere„
761 3264 859 3327 quum
881 3242 913 3307 id
936 3264 1001 3307 una
1016 3243 1148 3327 species,
1172 3246 1324 3327 utsupra
1338 3244 1525 3307 memorum
1535 3228 1572 3301 *l

357 3344 488 3407 seminis
511 3366 574 3408 non
598 3344 746 3429 haberet,
770 3344 892 3409 studuit
915 3367 953 3409 err
975 3346 1132 3410 seminum
1154 3345 1342 3411 diversitate
1364 3326 1575 3410 moneant

358 3446 469 3529 cuique
491 3448 707 3531 surgentium,
731 3448 786 3533 qui
808 3452 884 3512 sunt
905 3449 1014 3533 utique
1037 3448 1211 3513 seminibus
1237 3448 1433 3534 comparati,
1460 3440 1580 3533 proprlss

358 3568 471 3629 eorpus
501 3570 569 3612 esse
596 3549 801 3614 reddendum.
846 3550 891 3614 Et
912 3554 1083 3636 resurgent
1104 3572 1179 3636 ergo
1206 3549 1355 3615 homines
1376 3546 1518 3615 vivificati
1536 3540 1584 3631 pfl
1632 3560 1634 3605 :

357 3653 501 3732 mortem,
525 3652 580 3735 qui
603 3652 712 3737 utique
733 3653 822 3735 prius
844 3653 1052 3717 morientibus
1075 3658 1108 3718 ot
1130 3653 1335 3737 postmodum
1356 3648 1544 3717 vivificandis
1558 3664 1590 3711 se·

357 3750 495 3815 minibus
518 3755 694 3836 comparati
717 3758 802 3818 smrt.
841 3754 885 3818 Et
907 3778 973 3819 non
995 3755 1071 3833 hoc,
1095 3755 1178 3839 quod
1199 3755 1398 3839 moriuntur,
1421 3754 1521 3821 idest
1536 3758 1595 3817 un

357 3874 450 3935 qruuu
474 3857 689 3939 seminantur,
714 3860 903 3942 resurgrmt,
927 3864 981 3921 sed
994 3864 1075 3923 Deus
1095 3864 1138 3922 eis
1159 3864 1215 3922 dat
1235 3880 1350 3938 corpus
1370 3870 1407 3923 ut
1428 3864 1506 3924 eall:
1524 3852 1604 3923 utril

357 3954 395 4016 de
420 3957 617 4041 corruptibili
645 3959 951 4045 incorruptibileffl,
982 3960 1020 4024 de
1047 3958 1176 4023 mortali
1203 3959 1405 4043 immortale,
1435 3960 1475 4027 de
1496 3956 1609 4026 sninsl

356 4057 537 4143 spirituale,
561 4064 597 4123 ut·
611 4061 693 4145 quod
708 4063 820 4126 mortis
834 4062 941 4127 fuerat
956 4063 1138 4127 conditione
1152 4060 1384 4149 decoloratum,
1407 4062 1615 4145 immoratio)

423 4299 455 4365 76)
473 4300 517 4351 lta
534 4298 695 4365 legendum,
713 4316 769 4354 non
783 4306 928 4369 futurorum
948 4302 1020 4356 ultro
1039 4301 1184 4372 concedet,
1203 4301 1251 4369 qui
1262 4318 1339 4356 num.
1351 4308 1390 4359 20
1407 4302 1493 4361 initio
1510 4302 1624 4377 proped-

355 4383 414 4435 tarn
432 4383 590 4437 meminerit
607 4385 809 4451 qrraestiouom:
838 4390 907 4451 Quae
921 4398 982 4456 post
1000 4394 1211 4443 resurectionem
1227 4393 1329 4457 speeies
1345 4392 1384 4442 sit
1399 4394 1505 4458 surm.

422 4472 455 4537 π·)
473 4469 548 4521 Haec
567 4470 705 4524 sententia
722 4470 811 4525 nitida
829 4472 883 4527 erit
899 4472 929 4525 in
941 4472 1013 4527 hune
1025 4473 1150 4527 modum:
1169 4478 1213 4543 qiu*
1223 4478 1249 4526 ei
1259 4480 1344 4528 nudus
1354 4485 1413 4539 eet,
1433 4486 1570 4533 marines-r·
1585 4498 1627 4533 m

355 4564 440 4619 potest
457 4560 549 4608 idonea
567 4562 750 4623 reprimendae
768 4568 816 4612 etc.

422 4642 454 4705 ⁷⁷)
472 4640 504 4692 In
522 4638 555 4693 G¹
575 4639 655 4693 <least
672 4648 874 4711 incorruptibile,
894 4643 969 4713 quod
987 4660 1082 4699 sensus
1099 4644 1256 4699 necessario
1280 4644 1424 4715 postulat.
1460 4646 1584 4723 Moxque
1599 4650 1630 4705 θ’

356 4729 387 4775 de
399 4730 511 4787 ruinani,
530 4724 578 4777 ubi
589 4725 653 4779 vat.
668 4730 717 4795 (ab
735 4734 767 4781 cle
784 4735 925 4791 insultanti,
944 4729 1012 4785 editi
1030 4736 1062 4785 de
1079 4736 1243 4800 inspirituali.
1280 4729 1425 4789 Similiter
1445 4736 1542 4793 10⁰1.
1555 4742 1631 4801 15,ss

354 4814 491 4861 aerrriuouu·
508 4830 602 4878 eorpus
620 4818 737 4875 (inimum,
756 4825 844 4880 surget
861 4834 954 4883 corpus
971 4822 1097 4884 spiritale.

422 4898 454 4963 ῖθ)
473 4898 511 4948 c¹⁰
528 4902 665 4951 immortale
683 4910 708 4951 rt
725 4904 851 4957 decurram.
887 4900 921 4954 G¹
941 4902 970 4955 et
981 4900 1050 4967 yut.
1071 4902 1120 4970 (θ’)
1137 4906 1273 4957 {amurcali
1289 4906 1322 4957 de
1335 4900 1457 4973 'quom
1474 4914 1634 4981 indefinite
