3450 5678
261 308 325 373 418
735 320 762 369 s.
779 320 918 368 canaan
940 321 1054 367 erran

158 496 248 545 axes.
261 476 339 552 Quis
367 479 475 541 autem
502 496 567 539 non
596 474 769 559 perspiciat
790 473 1003 557 Christianus,
1027 473 1111 557 quod
1132 473 1297 539 catholicis
1320 475 1527 560 pontificibus

262 602 282 643 a
315 578 444 664 propria
481 578 554 642 sede
591 577 722 660 dejectis
755 598 821 640 non
853 576 917 641 nisi
949 576 1103 641 haeretici
1136 581 1312 661 potuerunt
1344 578 1529 643 introduci?

260 680 380 756 Quibus
402 685 511 745 tamen
533 679 657 744 cmrctis
680 679 730 742 vel
759 684 870 744 auctor
891 679 954 743 fuit
973 679 1110 743 Aeacius
1133 679 1356 765 subrogandis,
1381 680 1431 744 vel
1452 681 1527 744 sub-

260 784 383 869 rogatis
406 784 656 847 communicator
677 781 822 863 accessit,
846 781 896 845 his
918 781 1038 865 utique,
1062 782 1116 865 qui
1139 805 1159 845 a
1181 783 1402 847 communione
1424 783 1528 847 nulla-

260 890 355 949 tenus
376 885 611 970 discrepabant.
640 883 703 949 Gur
725 905 802 969 ergo
825 885 874 947 vel
896 906 993 968 quum
1015 885 1094 948 haec
1116 884 1185 948 fieri
1206 885 1339 969 videret,
1362 908 1429 950 non
1444 885 1531 950 sicut

261 987 319 1051 sub
342 986 498 1053 Basilisco
516 989 586 1071 jam
606 987 738 1070 fecerat,
762 986 802 1049 ad
825 986 1034 1070 apostolicam
1056 986 1163 1051 sedem
1180 986 1300 1051 referre
1319 987 1457 1051 curarit:
1480 991 1528 1071 nt,

261 1089 289 1152 si
310 1089 395 1154 solus
417 1093 486 1175 ipse
509 1113 574 1155 non
597 1092 733 1173 poterat,
753 1088 876 1171 junctis
905 1110 978 1152 cum
1000 1089 1109 1153 eadem
1132 1090 1274 1154 consiliis
1290 1093 1387 1175 atque
1408 1092 1529 1154 tracta-

259 1191 346 1255 tibus
368 1192 453 1277 apud
480 1192 706 1275 imperatorem
731 1194 872 1274 possent,
901 1213 982 1275 quae
1009 1191 1158 1276 religioni
1188 1194 1423 1277 competerent,
1451 1191 1529 1256 alle-

149 1378 153 1389 ,
259 1292 358 1379 gari?
385 1292 471 1358 Nam
492 1295 520 1357 si
543 1292 726 1375 Basiliscus,
751 1297 787 1357 ut
800 1293 919 1357 dictum
936 1297 994 1377 est,
1018 1298 1176 1378 tyrannus
1191 1293 1370 1358 haereticus
1398 1294 1530 1378 scriptis

260 1396 453 1481 apostelicae
483 1396 566 1460 sedis
594 1395 799 1459 vehementer
825 1395 983 1460 infractus
1010 1404 1059 1460 est
1087 1401 1120 1460 et
1140 1419 1174 1459 a.
1187 1397 1333 1480 plurimis
1359 1401 1529 1460 revocatus

261 1498 453 1581 excessibus,
481 1503 603 1582 quanto
631 1499 735 1581 magis
769 1497 932 1582 legitimus
965 1499 1149 1583 imperator,
1184 1499 1238 1582 qui
1265 1520 1299 1562 se
1335 1497 1529 1563 catholicum

260 1600 360 1665 videri
384 1600 520 1683 volebat,
544 1601 649 1684 potuit
672 1623 744 1664 cum
766 1600 942 1684 apostolica
964 1601 1037 1665 sede
1061 1605 1249 1666 cunctorum
1276 1622 1399 1685 quoque
1423 1602 1530 1685 ponti-

260 1703 356 1769 ficum
369 1703 535 1767 moderata
550 1703 757 1788 suggestione
772 1702 930 1788 mitigari:
952 1704 1124 1787 praecipue
1145 1725 1241 1787 quum
1258 1703 1399 1786 ejusdem
1415 1702 1529 1768 Aeacii

261 1809 344 1870 esset
365 1805 512 1889 specialis
534 1805 643 1869 fautor
664 1809 697 1869 et
719 1808 852 1887 amator,
870 1809 909 1869 'et
930 1806 985 1890 qui
1006 1805 1123 1869 litteris
1146 1807 1212 1869 suis
1233 1810 1302 1868 tam
1323 1807 1430 1889 ipsum
1446 1805 1528 1870 Aca-

261 1908 344 1973 cium
365 1929 461 1992 quam
484 1911 631 1972 sanctum
652 1929 770 1991 papam
797 1906 995 1991 Simplicium
1022 1908 1150 1991 magnis
1174 1906 1321 1971 laudibus
1347 1907 1527 1988 extulisset,

260 2009 343 2095 quod
366 2009 529 2074 haeretico
552 2009 810 2073 constantissime
838 2008 1058 2074 restitissent?
1079 2010 1143 2074 Gur
1164 2013 1256 2073 tanto
1277 2012 1423 2093 tempore
1447 2010 1529 2074 Ace·

261 2113 327 2177 eius
349 2112 435 2176 inter
449 2112 512 2176 ista
535 2112 700 2193 conticuit,
723 2111 787 2174 nisi
803 2112 878 2195 quia
898 2112 1078 2196 praepediri
1100 2112 1233 2176 nolebat
1246 2111 1419 2193 ullatenus,
1446 2133 1530 2196 quae

260 2213 462 2279 desiderabat
483 2214 628 2298 expleri?

345 2317 375 2381 9.
420 2315 581 2380 Ponamus
602 2319 723 2399 tamen,
747 2317 873 2380 etiamsi
896 2316 986 2380 nulla
1007 2317 1145 2401 synodus
1168 2316 1404 2400 praecessisset,
1436 2316 1530 2400 eujus

260 2419 435 2504 apostolica
457 2419 547 2483 sedes
570 2422 654 2483 recte
677 2418 768 2482 fieret
790 2420 978 2501 exsecutrix,
1015 2441 1085 2483 cunr
1107 2418 1222 2503 quibus
1244 2422 1314 2483 erat
1345 2416 1384 2481 de
1405 2418 1531 2483 Aeacio

260 2522 400 2606 synodus
422 2520 587 2585 ineunda?
609 2519 769 2605 Numquid
794 2542 865 2584 cum
888 2520 948 2603 his,
972 2521 1027 2606 qui
1045 2522 1114 2605 jam
1136 2521 1310 2605 participes
1332 2521 1532 2585 tenebantur

261 2624 389 2706 Acacic,
421 2626 453 2687 et
474 2645 532 2708 per
554 2624 719 2687 Orientem
741 2624 843 2687 totum
867 2623 1033 2687 catholicis
1057 2623 1273 2688 sacerdotibus
1295 2623 1453 2687 violenter
1475 2645 1529 2688 ex·

261 2726 356 2790 clusis
389 2729 422 2791 et
448 2747 505 2809 per
533 2725 646 2789 exsilia
675 2725 800 2788 diversa
828 2725 1001 2809 relegatis,
1033 2726 1111 2789 socii
1142 2725 1307 2790 evidenter
1328 2725 1528 2790 exsistebant

261 2826 491 2893 communionis
524 2830 692 2909 externae,
728 2828 815 2911 prius
847 2850 881 2890 se
913 2828 953 2891 ad
988 2828 1068 2891 haec
1098 2828 1259 2892 consortia
1280 2826 1524 2909 transferentes,

260 2952 356 3016 quam
370 2930 454 2995 sedis
469 2930 663 3015 apostolicae
678 2930 759 2993 scita
776 2928 1002 2994 consulerent?
1025 2929 1103 2994 (him
1119 2931 1234 3014 quibus
1249 2950 1326 3014 ergo
1347 2934 1418 2994 erat
1432 2952 1527 3014 syno

259 3033 317 3097 dus
339 3032 504 3097 ineunda?
529 3030 687 3096 Catholici
702 3032 870 3116 pontifices
891 3031 1022 3096 fuerant
1043 3032 1182 3116 undique
1201 3033 1270 3115 jam
1292 3030 1428 3116 depulsi,
1451 3033 1526 3097 soli·

259 3157 320 3219 que
342 3138 563 3200 remanserant
585 3134 664 3198 socii
685 3133 888 3218 perfidorum,
920 3156 991 3197 cum
1014 3134 1128 3218 quibus
1151 3135 1221 3216 jam
1248 3155 1309 3199 nec
1330 3133 1450 3199 licebat
1471 3133 1526 3199 ha·

144 3239 245 3294 Psalm.
259 3236 333 3300 bere
357 3240 565 3319 conventum,
595 3235 721 3301 dicente
750 3237 890 3320 psalmo:
919 3240 987 3300 Non
1009 3242 1076 3300 sedi
1096 3243 1127 3300 in
1155 3243 1283 3302 escaio
1309 3243 1470 3315 sanitate,
1497 3250 1527 3301 et

164 3314 234 3375 aaa.

259 3359 327 3404 cren
349 3347 455 3419 inqua
474 3343 645 3418 percolatur
667 3358 726 3403 non
748 3343 885 3404 introibo.
930 3336 1000 3402 Nec
1021 3335 1229 3402 ecelesiastici
1250 3339 1348 3402 moris
1370 3341 1430 3420 est,
1455 3358 1523 3402 cnm

259 3440 320 3522 his,
344 3441 397 3524 qui
420 3439 574 3524 pollutam
594 3439 717 3505 habeut
738 3441 993 3505 communionem
1015 3441 1267 3525 permixtamque
1290 3461 1362 3504 cum
1383 3439 1523 3524 perfidis,

260 3542 393 3606 miscere
416 3543 595 3607 concilium.
639 3541 740 3607 Recte
762 3543 862 3628 igitur
882 3564 940 3628 per
962 3542 1231 3608 Calchedonensis
1253 3541 1367 3626 synodi
1389 3542 1524 3607 formam

260 3643 440 3727 hujusmodi
462 3645 694 3729 praevaricatio
709 3645 836 3729 repulsa
858 3648 907 3708 est
927 3645 1044 3729 potius,
1067 3668 1163 3729 quam
1178 3644 1218 3708 ad
1236 3644 1419 3729 concilium,
1442 3644 1526 3731 qnod

260 3767 320 3810 nec
341 3767 419 3831 opus
441 3751 511 3810 erat
532 3752 606 3831 post
619 3747 755 3831 primam
771 3747 927 3831 synodum
954 3769 1014 3811 nec
1036 3769 1107 3811 cum
1121 3747 1240 3812 talibus
1257 3746 1370 3811 haberi
1393 3746 1524 3827 licebat,

260 3849 396 3915 adducta
418 3853 476 3914 est.
514 3849 598 3915 Nam
626 3850 755 3935 etquid
777 3854 928 3935 ageretur
949 3849 988 3913 de
1010 3848 1072 3913 fide
1095 3849 1264 3932 catholica,
1292 3848 1477 3935 intelligere
1498 3848 1526 3913 si

260 3952 394 4031 vellent,
420 3953 570 4037 ignorare
598 3974 664 4018 non
686 3957 845 4037 poterant,
869 3974 964 4037 quum
988 3952 1133 4017 viderent
1155 3952 1328 4018 catholicos
1356 3952 1526 4037 pontifices

259 4055 348 4119 nulla
363 4053 476 4139 synodi
490 4055 697 4138 discussione,
720 4055 809 4120 nullo
825 4054 970 4135 concilio,
994 4055 1164 4139 praecipue
1178 4077 1274 4139 quum
1289 4077 1390 4121 noras
1412 4076 1526 4121 causae

260 4178 328 4221 esse
360 4157 614 4240 perpenderent,
642 4162 712 4221 toto
740 4158 873 4222 Oriente
901 4157 1038 4241 depelli3
1071 4160 1104 4222 et
1132 4158 1230 4222 ceteri
1257 4158 1333 4243 quid
1360 4161 1524 4241 carerent,

259 4281 298 4323 ex
326 4258 452 4322 illorum
480 4258 634 4342 qualitate
656 4259 836 4325 discernere
857 4259 1045 4344 potuissent.
1091 4259 1207 4324 Restat
1234 4259 1345 4345 igitur,
1374 4265 1413 4326 ut
1439 4261 1527 4326 illius

258 4361 360 4444 partis
383 4382 435 4424 eos
455 4360 555 4424 fuisse
577 4361 620 4425 sit
642 4362 773 4446 clarum,
804 4363 855 4426 cui
885 4384 919 4425 se
941 4366 1015 4446 post
1034 4365 1085 4426 tot
1111 4362 1329 4447 experimenta
1356 4361 1525 4445 dedenmt,

258 4463 434 4547 meritoque
457 4463 498 4526 ab
525 4462 701 4545 apostolica
727 4464 801 4528 sede
829 4464 1005 4550 ceterisque
1034 4465 1198 4530 catholicis
1226 4487 1291 4529 non
1314 4464 1385 4548 jam
1412 4486 1528 4531 consu·

259 4565 345 4629 leudi
368 4567 471 4649 erant,
495 4565 550 4628 sed
572 4565 678 4650 potius
700 4566 844 4631 notandi.

346 4668 394 4733 10.
425 4667 567 4732 Risimus
589 4672 708 4753 autem,
732 4670 815 4754 quod
837 4670 1094 4755 praerogativam
1116 4671 1228 4735 volunt
1250 4669 1370 4735 Aeacio
1399 4691 1528 4755 compe·

259 4770 334 4850 rari,
357 4770 432 4854 quia
454 4771 621 4855 episcopus
643 4772 741 4836 fuerit
763 4773 870 4857 regiae
894 4773 1043 4837 civitatis.
1079 4771 1242 4858 Numquid
1264 4772 1349 4857 apud
1372 4772 1528 4838 Medioln·

259 4893 346 4948 num,
369 4873 453 4955 apud
477 4872 675 4959 Ravennam,
699 4875 782 4958 apud
806 4876 967 4959 Sinnium,
996 4874 1080 4959 apud
1102 4874 1249 4940 Treviros
1270 4875 1382 4940 multis
1402 4878 1529 4961 tempo-
