3412 5664
143 282 151 301 ’
213 308 255 373 52
582 321 718 369 nonem
741 320 893 368 enanvm
917 319 952 367 nv
975 318 1117 368 nunnsn

215 485 320 559 aliquot
334 484 450 557 scriptos
466 481 573 539 codices
589 483 687 538 Asterii
703 490 730 536 ct
746 478 873 537 l‘raesidil
888 479 1032 536 consulum
1047 481 1155 535 nomina
1170 495 1234 553 prae
1249 495 1279 535 se
1294 479 1365 536 lerre
1381 482 1433 543 ait,
1451 499 1486 539 ex

215 568 396 643 praejudicata
418 569 545 641 opinione
567 575 648 642 atquc
671 566 785 622 alioruin
807 565 859 621 lule
880 565 934 621 laco
953 563 1086 620 affirmare
1111 563 1183 621 baud
1210 572 1311 621 temere
1333 564 1483 636 judicetur.

215 654 324 710 Nullum
340 654 440 727 qnippe
455 669 488 708 ex
504 652 545 708 his
562 669 625 707 mss.
643 659 786 712 memorat,
808 651 860 706 nisi
881 666 962 723 quem
977 648 1142 705 baniranons
1157 666 1173 705 e
1187 649 1314 706 beccemi
1337 649 1487 723 exemplari

215 739 380 812 descriptum
396 739 424 793 in
439 737 563 811 dagliam
579 735 686 792 detulit.
718 736 800 809 dtqni
814 735 948 791 liecceose
959 733 1027 790 illud
1042 733 1178 808 exemplar
1192 735 1346 791 etiamnunc
1360 732 1487 797 babetur,

216 822 289 896 qnod
312 824 384 878 omrai
406 831 470 878 nota
491 820 626 877 consulari
647 828 689 877 est
709 821 879 876 «institutum.
920 819 1062 875 Praeterea
1083 813 1156 875 istud
1177 818 1314 892 exemplar
1334 834 1367 874 ex
1388 818 1487 876 Isidori

151 952 155 957 .
215 907 371 963 mercatoris
386 906 576 980 compilatione
591 904 756 980 descriptum
772 922 832 961 csse
847 911 963 960 constat.
1001 903 1030 960 ln
1052 904 1102 960 bac
1121 910 1211 960 antem
1227 903 1419 978 compilatione
1434 903 1488 960 lie·

215 992 272 1047 lasii
288 991 427 1048 decretum
443 990 533 1047 nullos
548 990 675 1046 consules
698 989 848 1064 adscriptos
864 989 953 1045 babet.

302 1076 350 1132 12.
381 1073 592 1150 inpendentium
618 1074 696 1131 nobis
722 1081 806 1131 restat
835 1075 1021 1130 testimonium
1046 1073 1181 1135 Gbiilletii,
1209 1074 1281 1130 notis
1306 1074 1335 1130 in
1356 1072 1487 1149 vigilium

215 1161 378 1235 lapsensem
393 1160 525 1234 pagii?
547 1159 704 1222 scribentis,
726 1176 786 1216 sese
806 1158 951 1234 aliquando
967 1157 1127 1215 titubantem
1141 1157 1392 1233 ambigentemque,
1415 1176 1488 1216 nura

215 1262 283 1303 aere
299 1246 459 1303 Gratianus
473 1248 528 1303 boe
542 1247 691 1302 decretum
707 1246 822 1302 Gelasio
837 1246 1031 1314 adscriberet,
1048 1241 1183 1300 firmatum
1199 1242 1283 1300 inisse
1295 1251 1352 1300 tum
1363 1242 1487 1301 Nicolail

215 1332 377 1387 auctoritate
393 1339 451 1386 tum
466 1331 584 1404 antiquis
599 1329 746 1391 codicibus,
762 1334 791 1386 in
807 1331 910 1403 quibus
922 1330 1028 1385 editum
1042 1336 1161 1387 notatur
1172 1348 1190 1384 a
1203 1329 1318 1386 Gelasio
1327 1332 1359 1385 in
1373 1331 1486 1403 syuodo

215 1417 348 1473 Romana
364 1416 451 1472 LXX
468 1419 670 1488 episcoporum
684 1416 797 1472 Asteria
813 1422 840 1471 et
855 1416 1006 1471 &cendio
1021 1415 1196 1472 consulibus.
1226 1413 1284 1469 lino
1300 1414 1371 1469 enim
1385 1430 1486 1469 sonare

216 1500 322 1557 videtur
336 1501 389 1556 hoc
403 1502 603 1557 testimoninm:
626 1501 696 1556 idem
716 1499 819 1556 scilieet
840 1499 979 1556 tlccretum
999 1501 1026 1555 in
1046 1499 1141 1555 iisdem
1163 1499 1280 1573 antiquis
1300 1496 1441 1554 codicibus
1456 1506 1485 1555 et

215 1605 233 1642 a
251 1586 365 1643 Gelasio
380 1589 410 1642 in
432 1588 541 1659 synodo
556 1586 690 1643 Romano
705 1586 791 1641 LXX
803 1589 1003 1658 episcoporum
1023 1584 1139 1646 editum,
1161 1593 1189 1641 et
1208 1587 1322 1641 Asteria
1336 1600 1376 1640 ac
1388 1584 1485 1641 Prae·

216 1673 287 1728 sidio
302 1672 467 1728 consulebas
482 1678 605 1726 notatum
621 1686 691 1727 esse.
724 1671 820 1726 Verum
835 1670 907 1726 istnd
923 1677 1091 1744 postremum
1106 1686 1121 1723 a
1136 1670 1185 1725 viri
1199 1669 1298 1725 sinceri
1312 1676 1405 1724 mente
1419 1668 1485 1725 alle·

215 1772 280 1812 num
295 1772 357 1812 esse
371 1772 422 1829 pro
444 1764 520 1812 certo
536 1755 674 1811 bellemus.
712 1754 800 1822 Quum
821 1756 890 1811 eninr
913 1756 1001 1810 varios
1022 1771 1073 1811 nec
1086 1770 1187 1828 paucos
1203 1753 1384 1828 nullequaqne
1398 1752 1483 1811 colle·

215 1842 336 1915 gerimus
357 1841 478 1902 codices.
499 1847 582 1914 atque
606 1840 659 1896 boc
679 1841 817 1896 ‹lecretum
837 1842 864 1895 in
884 1840 1022 1914 plerisque
1043 1839 1151 1914 quidem
1171 1843 1311 1910 scripturn
1330 1858 1349 1895 a
1366 1839 1484 1897 Gelasio

212 1944 294 1999 papa
314 1942 378 1982 cum
398 1926 484 1982 lXX
501 1927 700 1982 eruditissimis
720 1929 789 1982 airis
809 1929 966 1997 episcopis,
988 1922 1036 1980 sed
1057 1926 1084 1980 in
1106 1923 1181 1980 nullo
1203 1925 1307 1981 editum
1321 1925 1483 1982 deteriori

214 2011 365 2068 Praesidio
386 2011 552 2067 consulibus
573 2011 708 2084 legamus,
736 2010 898 2084 persuadere
919 2008 997 2065 nobis
1013 2026 1068 2065 non
1090 2025 1251 2082 possumus,
1272 2007 1440 2065 chiffletium
1454 2009 1482 2065 iu

215 2095 323 2151 codices
344 2094 471 2151 incidisse
491 2094 558 2150 adeo
574 2095 738 2170 singulares,
761 2096 808 2168 qni
827 2095 996 2151 consularem
1020 2103 1110 2150 notam
1130 2110 1194 2168 prae
1216 2110 1245 2150 se
1266 2090 1379 2150 iemeut.
1409 2092 1483 2150 Pieri

216 2189 304 2236 tamen
320 2181 418 2254 potuit,
435 2187 466 2236 ut
482 2181 521 2236 vir
537 2188 656 2236 veterum
668 2178 892 2237 bibliothecarum
907 2181 1031 2236 curiosus
1043 2178 1185 2254 indagator
1196 2179 1236 2235 vel
1248 2180 1337 2253 ipsum
1348 2178 1482 2241 codicem

215 2266 261 2339 qui
276 2273 400 2321 servatur
416 2267 442 2320 in
457 2264 619 2328 Colbertina,
637 2266 677 2322 vel
694 2265 806 2321 similem
822 2267 846 2321 ei
862 2264 1013 2328 ollanderit,
1029 2263 1147 2337 indeque
1162 2263 1294 2320 abductus
1308 2264 1346 2320 sit
1360 2265 1390 2320 in
1404 2279 1482 2320 erro·

215 2366 281 2406 rem.
317 2349 346 2406 ln
366 2350 420 2406 hoc
438 2365 523 2424 porro
544 2349 635 2408 codice
655 2352 772 2424 primum
793 2350 890 2407 Gelasii
906 2351 975 2406 circa
990 2348 1095 2405 diversa
1110 2349 1305 2406 ecclesiasticae
1323 2346 1482 2423 disciplinae

215 2436 302 2509 capita
317 2435 470 2498 demetam,
487 2436 539 2492 boc
553 2443 597 2490 est
611 2437 737 2509 superior
751 2433 867 2508 epistola
876 2434 915 2491 14
931 2437 971 2491 ad
984 2438 1134 2506 episcopos
1146 2450 1203 2506 per
1212 2436 1384 2505 Lucaniam,
1402 2435 1483 2491 Bru·

216 2524 269 2577 lios
284 2528 312 2577 et
328 2521 455 2577 Siciliam
471 2524 640 2578 constitutos
654 2519 816 2576 describitur
831 2519 864 2575 ad
879 2527 960 2594 capnt
977 2521 1028 2581 10:
1045 2536 1076 2575 ac
1089 2519 1187 2575 ‹ieindc
1202 2521 1295 2576 nescio
1309 2535 1363 2594 qna
1379 2517 1482 2576 librarii

215 2605 356 2661 oscitantia
372 2612 460 2661 totum
475 2605 527 2661 lroc
543 2604 584 2660 do*
592 2605 667 2661 libris
678 2605 817 2660 decretum
829 2612 1004 2679 praepostere
1020 2605 1150 2661 inseritur
1163 2621 1225 2660 cnm
1241 2621 1312 2661 novo
1329 2603 1428 2661 titulo:
1443 2604 1482 2662 lu

215 2690 321 2747 Christi
334 2694 446 2748 nomine
460 2694 561 2763 incipit
575 2691 731 2747 Decretnle
746 2693 850 2746 editum
865 2693 900 2747 de
916 2692 1091 2762 recipiendis
1106 2698 1159 2746 etc.
1181 2690 1258 2746 Tunc
1273 2690 1335 2745 hnic
1349 2688 1481 2747 decretali

213 2774 330 2849 reliqna,
347 2792 416 2850 qnae
431 2774 463 2831 ad
478 2775 641 2849 praedictam
656 2775 797 2849 epistolam
815 2775 854 2831 14
869 2776 1022 2849 pertinent,
1038 2774 1141 2831 scilicet
1155 2791 1170 2830 a
1184 2776 1272 2849 capite
1289 2775 1327 2831 ll
1349 2774 1383 2830 ad
1398 2773 1481 2831 ῆιιοιιι

214 2877 310 2935 usque,
328 2877 382 2917 uno
397 2869 493 2917 tenore
508 2859 702 2936 adjunguntur,
718 2859 859 2934 adscriptis
874 2861 963 2922 etiam,
980 2859 1077 2934 quibus
1093 2859 1185 2916 eaclcm
1201 2859 1315 2935 epistola
1331 2860 1414 2915 missa
1428 2867 1480 2922 est,

213 2947 327 3003 Asteria
339 2954 367 3002 el
381 2946 532 3003 Praesidio
553 2947 727 3003 consulibus.
757 2947 792 3002 dt
813 2946 935 3020 quisquis
951 2944 1022 3001 hune
1037 2944 1135 3001 librum
1151 2961 1205 3001 noa
1221 2944 1310 3001 obiter
1324 2953 1353 3002 et
1367 2943 1481 3020 periun-

214 3033 309 3095 ctorie‚
335 3031 383 3087 sed
405 3031 486 3105 paulo
508 3030 665 3106 diligentins
689 3030 912 3093 consideraverit,
927 3038 1020 3087 notam
1034 3028 1106 3086 illam
1123 3029 1294 3086 consularem
1316 3029 1403 3086 solim
1422 3031 1481 3105 epl-

213 3116 301 3173 stolae
309 3115 348 3173 14
363 3118 514 3191 propriam,
537 3133 586 3173 nec
606 3116 716 3173 decreto
738 3124 839 3172 tenuere
859 3118 963 3172 inserto
984 3131 1154 3171 comnmnem
1170 3132 1231 3171 esse
1247 3114 1319 3172 ultro
1335 3114 1478 3191 largiatur.

213 3200 285 3257 ilibil
302 3210 391 3258 tamen
405 3202 540 3258 succurrit
555 3200 632 3258 nobis
648 3200 821 3276 probabilius,
839 3199 910 3257 unde
925 3200 977 3256 hoo
993 3200 1130 3256 decretum
1146 3202 1172 3256 in
1189 3199 1324 3257 veteribus
1337 3198 1479 3257 codicibus

212 3288 326 3343 Asterie
342 3293 370 3342 et
384 3287 534 3343 Praesidio
553 3287 719 3344 concidibus
733 3294 855 3342 notatum
871 3284 923 3341 dici
943 3286 1073 3359 potnerit.
1104 3284 1265 3357 lluJ'nsmodi
1280 3294 1370 3343 antem
1385 3294 1480 3342 ancto-

214 3372 278 3426 ritas
294 3387 377 3444 quum
392 3370 466 3426 nulla
481 3372 531 3434 sit,
554 3372 623 3427 hanc
637 3373 815 3427 assertionem
831 3370 905 3427 nulla
919 3371 1081 3427 auctoritate
1095 3372 1145 3427 alti
1161 3372 1250 3427 verius
1265 3370 1422 3428 cbxcdmue.

301 3455 349 3512 13.
381 3454 552 3529 Quapropter
566 3457 662 3530 quovis
678 3455 759 3512 modo
776 3456 945 3532 intelligatur
959 3464 1037 3520 nota,
1059 3472 1112 3528 qna
1134 3458 1277 3514 exconsul
1292 3458 1416 3513 Asterius
1431 3454 1479 3513 Se·

213 3538 280 3595 dulii
296 3556 365 3614 opus
381 3539 536 3615 divulgasse
550 3540 663 3604 dicitur,
685 3549 774 3597 cessat
793 3558 886 3615 pugna
907 3540 988 3612 bujus
1008 3549 1089 3597 notae
1109 3558 1169 3597 cum
1191 3550 1287 3597 nostro
1302 3541 1429 3606 decreto,
1450 3543 1479 3599 iu

214 3641 268 3698 qno
284 3624 387 3681 Sedulii
403 3641 472 3699 opus
488 3625 570 3681 veluti
582 3624 636 3696 jam
652 3625 818 3700 divulgatum
835 3634 1001 3683 recensetur.
1021 3625 1107 3682 Porro
1120 3626 1200 3697 hujus
1213 3628 1303 3701 operis
1314 3644 1481 3684 commemo·

214 3711 297 3772 ratio,
321 3726 354 3766 ex
376 3726 428 3784 qua
444 3710 612 3766 Gelasianum
633 3710 772 3766 decretum
792 3727 847 3768 non
869 3713 949 3768 citius
970 3710 1118 3768 aoncilii>
1134 3713 1235 3768 editum
1251 3728 1312 3769 csse
1326 3713 1480 3775 coniicitur,

213 3812 270 3858 eos,
282 3796 328 3869 qui
338 3795 508 3852 consularem
520 3796 543 3851 ei
556 3803 647 3851 notam
661 3805 850 3870 apposuerant,
861 3814 915 3853 non
927 3799 1014 3871 ipsum
1025 3795 1164 3852 decretum
1176 3796 1234 3853 lalsi
1246 3799 1391 3854 convincit.
1408 3796 1480 3867 Quid

212 3881 284 3936 enim
300 3879 403 3945 obstat,
426 3881 571 3954 quominus
592 3898 661 3957 opus
677 3899 747 3937 anno
763 3881 825 3938 495
841 3881 873 3937 ab
889 3883 996 3938 Asteria
1011 3881 1157 3938 exconsule
1178 3882 1280 3939 editum
1295 3882 1392 3939 eodem
1406 3899 1480 3939 anno

213 3982 226 4020 a
242 3964 349 4021 Gelasio
365 3965 446 4022 luerit
458 3965 653 4040 approbatum?
688 3965 726 4022 Eo
742 3975 821 4041 pacto
836 3967 1063 4041 prudentissimus
1078 3966 1201 4041 pontifex
1216 3976 1243 4024 et
1258 3967 1292 4023 de
1307 3966 1479 4025 nobilissimo

212 4050 284 4114 viro,
301 4051 347 4124 qni
362 4049 482 4107 studium
498 4052 525 4107 in
542 4067 625 4127 opere
640 4051 785 4109 Seduliano
801 4051 906 4109 edendo
921 4059 1059 4126 posuerat,
1078 4061 1105 4108 et
1120 4051 1153 4107 de
1169 4050 1301 4115 fidelibus,
1317 4053 1479 4129 adquorum

211 4137 339 4208 pietatem
355 4136 548 4193 informandam
564 4144 656 4211 aptum
667 4135 838 4208 judicabatur
854 4137 907 4192 boc
921 4153 1006 4211 opus,
1025 4137 1093 4193 irene
1109 4139 1206 4193 mereri
1221 4137 1366 4194 festinavit.

299 4219 348 4276 14.
377 4220 431 4277 Nec
451 4220 581 4278 dietim
602 4239 652 4279 nos
673 4221 753 4279 debet
773 4222 814 4286 id,
842 4222 913 4279 unde
934 4231 1077 4279 moventur
1096 4222 1233 4286 nonnulli,
1255 4222 1328 4297 quod
1349 4224 1480 4281 nimirum

211 4305 333 4362 Gelaslus
348 4307 376 4362 in
390 4306 527 4381 plerisque
539 4324 603 4363 mss.
621 4307 673 4363 boc
688 4307 827 4364 decretum
842 4324 897 4363 non
913 4315 943 4363 ut
958 4307 1042 4382 vulgo
1057 4308 1129 4364 solet
1143 4308 1301 4382 simpliciter
1314 4312 1344 4366 iu
1356 4311 1478 4383 syuodo,

210 4390 259 4447 sed
279 4398 387 4465 praeter
407 4408 510 4448 morem
531 4409 595 4449 cnm
610 4393 696 4449 LXX
714 4397 783 4450 airis
803 4396 1001 4450 eruditissimis
1021 4391 1138 4449 edidisse
1154 4401 1326 4451 memoratur.
1356 4392 1479 4451 Primum

209 4476 281 4532 enim
297 4493 312 4532 e
328 4477 414 4552 gestis
428 4476 624 4551 integrioribns
639 4478 831 4553 simpliciorem
846 4494 1002 4534 revocamus
1018 4477 1140 4541 titulum,
1163 4480 1190 4535 in
1211 4494 1266 4552 quo
1282 4479 1315 4535 de
1330 4478 1398 4535 Lxx
1412 4480 1478 4537 viris

209 4560 396 4618 eruditissimis
418 4562 552 4636 episcopis
571 4561 645 4618 nulla
665 4560 696 4619 lit
718 4564 829 4620 mentio.
859 4562 926 4631 Ouia
948 4571 1034 4620 umen
1055 4571 1083 4619 et
1101 4563 1175 4619 istud
1196 4564 1277 4620 etiam
1296 4564 1426 4640 permulti
1447 4582 1480 4622 ac

208 4648 362 4721 perantiqui
377 4664 441 4703 nass.
458 4663 522 4721 prae
537 4664 567 4703 se
583 4647 687 4711 icrunt,
704 4665 755 4705 nec
769 4665 881 4722 prorsus
896 4647 1085 4718 rejiciendum,
1103 4666 1152 4705 nec
1167 4649 1268 4705 frustra
1282 4666 1480 4708 commemora·

209 4740 265 4787 turn
280 4748 432 4788 censemus.
463 4732 540 4800 Quod
556 4742 584 4789 ct
601 4733 773 4806 opinaremur
786 4733 960 4808 probabilius,
976 4735 999 4789 si
1015 4736 1042 4790 in
1057 4735 1153 4791 coelem
1169 4734 1284 4791 concilio
1298 4752 1354 4792 non
1370 4744 1480 4793 mnium

207 4815 241 4871 de
256 4817 428 4873 secernendis
444 4816 536 4879 libris,
556 4817 603 4873 sed
625 4819 704 4874 etiam
720 4819 754 4876 de
769 4828 998 4876 sacramentorum
1014 4818 1096 4882 libro,
1119 4837 1229 4895 querna
1245 4820 1350 4877 Gelasio
1362 4820 1480 4878 ariorua·
