3412 5664
168 496 193 534 a..
203 485 261 536 519.

275 290 339 354 904
716 306 744 354 s.
761 303 969 355 nonursnas
989 304 1105 353 raras

276 460 360 525 sedis
382 459 576 544 apostolicae
597 457 868 543 praedicationem
889 462 1082 545 sequuntur,
1112 460 1323 546 negligantur
1342 461 1390 546 qui
1406 461 1433 527 iu
1449 463 1497 548 ejus

275 562 338 628 fide
366 566 398 626 et
426 583 583 627 consensu
610 561 731 646 recepti
758 563 844 626 sunt.
894 561 1034 647 Idcirco,
1069 563 1153 627 sicut
1180 561 1302 627 hortati
1331 584 1435 647 sumus,
1458 587 1498 650 pro

277 687 385 730 eorum
414 663 668 750 communione³)
701 666 797 749 atque
829 663 899 728 loco
931 664 1135 729 serenissimo
1168 663 1309 750 principi
1339 663 1499 732 vehementer

177 802 220 856 ep.
231 791 264 840 93
277 767 463 854 insistito⁴),
488 767 578 852 (nam
599 767 635 830 in
657 765 768 830 eadem
783 787 880 830 causa
895 765 1023 831 domino
1045 769 1078 830 et
1092 765 1159 830 filio
1173 769 1284 831 nostro
1300 765 1522 850 elementarius,

186 889 214 942 et
223 893 263 942 95.

171 1723 214 1776 ep.
226 1710 266 1760 89.

135 2726 171 2791 (a.
182 2734 231 2783 519
247 2726 273 2780 d.

151 2805 167 2852 3
182 2797 258 2862 Dec.)

278 868 416 955 principi
450 871 483 932 et
514 867 582 932 viro
609 866 727 932 illustri
752 866 939 932 Justiniano
967 867 1033 933 filio
1060 871 1173 933 nostro
1200 867 1321 953 scripta
1347 868 1500 954 duanam),

278 971 456 1055 hortantes,
479 973 516 1033 ut
539 990 610 1034 cum
632 972 749 1053 vestra,
773 973 930 1055 quantum
952 971 992 1035 ad
1015 969 1222 1035 ecelesiarum
1244 992 1370 1035 suarum
1389 972 1502 1056 recepto

278 1096 352 1139 nem
373 1072 524 1157 pertinet,
548 1072 687 1137 debeant
709 1072 843 1137 caritate
866 1075 1015 1137 tractare.
1054 1070 1103 1136 De
1125 1094 1163 1137 eo
1185 1094 1241 1138 vos
1264 1071 1392 1138 articulo
1410 1076 1503 1138 nostra

279 1173 489 1241 ordinationis
512 1173 711 1258 suspicamur
726 1196 792 1239 non
814 1175 1025 1240 immemores.
1064 1173 1212 1239 Diximus
1228 1159 1325 1258 enim,
1348 1174 1504 1260 quemsdno

279 1278 354 1341 dum
382 1276 518 1341 exclusis
546 1277 789 1361 occupatoribus
822 1276 873 1360 hi,
906 1276 945 1341 de
976 1277 1090 1361 quibus
1123 1275 1298 1361 loquimur,
1333 1277 1372 1341 ad
1398 1277 1505 1362 propria

280 1382 483 1444 revertantur
504 1379 670 1463 ecclesias,
697 1382 734 1444 ut
755 1379 802 1444 illi
824 1378 914 1463 alibi,
938 1379 965 1442 si
987 1381 1097 1443 tamen
1118 1381 1227 1444 rectae
1249 1381 1326 1444 sunt
1345 1378 1426 1462 fidoi,
1450 1379 1506 1444 ordi·

280 1485 409 1547 nentur.
947 1528 949 1533 -

364 1584 395 1648 3.
430 1582 478 1647 De
500 1584 645 1669 personis
661 1582 852 1669 Scytharum
873 1582 1105 1648 monachorum
1119 1582 1325 1648 Justinianus
1346 1583 1392 1647 vir
1410 1581 1508 1647 illudis

281 1686 374 1751 nobis
400 1685 578 1771 ser-ipsiu),
607 1707 742 1771 quarum
770 1686 967 1771 exemplaria
992 1684 1175 1750 litterarum
1200 1684 1396 1750 fraternitati
1419 1687 1510 1748 restrae

282 1788 469 1871 direximus,
491 1787 546 1872 qui
564 1810 662 1873 quum
684 1788 809 1854 nollent
830 1788 988 1853 sustinere
1011 1789 1136 1852 vestrae
1162 1785 1345 1851 dilectionis
1367 1785 1509 1867 adventum,

282 1894 314 1955 et
341 1890 598 1954 observationum
624 1911 728 1954 moras
756 1912 790 1954 se
819 1890 962 1955 dicerent
987 1889 1073 1954 ferre
1103 1910 1169 1953 non
1200 1909 1311 1973 posse,
1345 1889 1511 1952 tentaverunt

283 1994 365 2057 olam
388 1992 426 2056 de
440 1990 528 2057 Urbe
551 1990 722 2056 discedere.
765 1991 850 2068 Quos
872 1996 941 2056 tum
962 2013 1021 2056 nos
1042 1991 1176 2056 fecimus
1199 1989 1367 2054 sollicitius
1387 1988 1510 2069 motin,

283 2115 423 2180 eaquae
451 2093 489 2157 de
517 2092 606 2157 vobis
635 2093 797 2158 contraria
824 2093 975 2158 dixerunt
1000 2093 1144 2158 volentes
1171 2112 1364 2177 agnoscere,
1390 2094 1511 2175 utquam

283 2196 401 2260 reversi
423 2193 492 2258 Deo
514 2193 653 2279 propitio
673 2195 817 2277 fueritis,
846 2217 955 2260 eorum
983 2195 1104 2281 errorl)
1132 2193 1378 2258 rationabilibus
1402 2190 1511 2257 athon

283 2297 424 2363 tionibus
448 2295 637 2381 corrigatur.
674 2296 760 2362 Data
782 2297 832 2361 Ill
854 2296 965 2361 Nonas
980 2296 1178 2380 Decembris,
1201 2295 1377 2361 Eutharico
1396 2294 1452 2359 viro
1467 2291 1510 2358 da

283 2399 409 2465 rissimo
431 2398 571 2464 consule.
1356 2404 1362 2412 ’

779 2568 961 2672 Epistola
987 2569 1067 2675 194.

485 2721 696 2788 Hormisdou
719 2739 830 2806 papae
852 2721 896 2788 ad
917 2722 1130 2789 lliosoorum
1150 2720 1352 2788 dlaconnm.

322 2864 356 2914 Ut
377 2863 483 2928 cogitet,
507 2862 629 2927 qaorwdo
652 2862 681 2921 ir',
706 2865 750 2928 qut
766 2861 970 2913 Calchedonem
992 2863 1123 2913 conamen
1143 2864 1243 2927 scripto
1266 2862 1445 2915 ammana,
1460 2873 1489 2905 rr·
1519 2862 1559 2927 pl!

321 2949 434 3013 cipiendi
449 2951 508 2997 aar.
543 2945 676 2998 Ecclesiae
693 2946 899 2997 Alexandrinam
916 2954 942 2997 et
959 2947 1152 3012 Antiocheam,
1171 2963 1218 2998 nec
1235 2962 1286 2997 non
1298 2946 1419 3006 Ttam,
1435 2943 1488 2992 tce

549 3038 656 3081 atratum
674 3039 699 3082 et
715 3031 855 3083 Jotannern
873 3032 1077 3098 Nicopolitanurn
1094 3036 1120 3083 el
1135 3034 1300 3085 comentur.

439 3164 648 3229 Hormisda
670 3163 861 3229 Dioscoro
884 3164 1095 3254 diaeon01).

376 3288 403 3349 1.
437 3283 487 3347 De
508 3283 627 3348 laboris
649 3284 708 3367 tui,
732 3305 826 3369 quem
848 3307 920 3349 cum
935 3283 996 3348 Dei
1018 3284 1249 3369 omnipotentis
1268 3282 1425 3369 juvamine
1441 3296 1513 3343 susce

289 3388 374 3473 pisti,
399 3408 457 3471 pro
480 3407 517 3450 ea
538 3389 640 3471 parte,
665 3407 746 3471 quae
768 3389 841 3450 acta
864 3390 923 3470 est,
946 3386 1148 3472 gratulamur
1168 3387 1300 3470 effectu,
1323 3389 1355 3450 et
1368 3383 1514 3457 indicamus,

289 3494 325 3554 ut
347 3487 610 3574 quemadmodum
632 3488 804 3553 revocandi
826 3491 902 3552 sunt
923 3487 975 3572 hi,
1005 3488 1059 3573 qui
1081 3510 1120 3552 ex
1148 3489 1269 3573 scripto
1290 3478 1516 3554 calchedonensi

291 3591 418 3656 concilii
441 3589 616 3656 constituta
639 3589 883 3674 damnavenmt,
907 3590 1022 3654 debeas
1045 3590 1198 3676 cogitare,
1222 3589 1299 3675 ne²)
1321 3589 1447 3653 forsitan
1462 3581 1518 3648 talo

290 3716 356 3758 non
383 3692 580 3758 schismatici
608 3692 664 3756 sed
690 3693 794 3778 magis
822 3691 976 3757 haeretici
1004 3692 1183 3757 rideantur.
1228 3693 1283 3755 An
1313 3693 1395 3756 certe
1421 3681 1520 3752 unsri

291 3818 387 3861 causa
408 3798 477 3860 tam
499 3815 622 3879 eorum,
652 3795 706 3880 qui
728 3793 943 3878 sermonibus,
968 3816 1063 3879 quam
1086 3816 1211 3878 eorum,
1242 3794 1298 3878 qui
1326 3792 1523 3858 convincuntur

359 4020 380 4086 8)
399 4015 470 4082 Quia
487 4016 616 4070 nimirum
634 4017 663 4072 et
680 4033 697 4070 a
715 4014 907 4071 communione
924 4014 1063 4086 suspensi,
1086 4016 1115 4071 et
1135 4032 1153 4070 a
1169 4013 1282 4070 sedibus
1299 4013 1355 4069 suis
1372 4013 1450 4069 eraut
1462 4005 1532 4080 siret

292 4101 333 4157 uti
351 4101 454 4158 diserte
473 4100 588 4157 docetur
606 4099 685 4171 epist.
706 4106 761 4156 106.

360 4190 380 4256 ι)
398 4187 450 4242 Ed.
469 4192 595 4241 trntstere.
630 4185 695 4239 Mox
713 4185 748 4240 G¹
766 4190 898 4240 hortantes
915 4198 953 4249 ut,
974 4185 1024 4239 ubi
1041 4185 1084 4240 ed.
1102 4189 1235 4240 hortantes
1252 4205 1318 4246 eran,
1337 4197 1375 4239 ut.

361 4277 381 4342 ⁵)
400 4272 469 4327 Tres
487 4271 521 4326 de
538 4269 573 4324 iis
590 4272 700 4325 exstant
716 4269 867 4325 Justiniani
883 4269 1027 4340 epistolae,
1047 4269 1104 4324 soil.
1124 4275 1165 4336 78,
1183 4277 1217 4325 89
1235 4272 1265 4325 et
1281 4277 1323 4325 99.
1361 4269 1404 4323 nx
1420 4269 1453 4324 iis
1468 4274 1547 4322 autem

293 4360 337 4415 vel
354 4365 388 4415 89
405 4357 450 4413 vel
468 4364 500 4412 99
518 4354 628 4410 videtur
645 4355 806 4423 memorari,
822 4387 854 4395 —
872 4355 937 4410 Mor
955 4355 998 4410 ed.
1015 4361 1145 4422 sanemus.

360 4447 382 4512 ⁶)
399 4443 463 4497 Non
481 4442 540 4496 tam
558 4457 592 4496 ex
613 4441 751 4495 sententia
768 4458 828 4503 sua,
853 4457 937 4510 qnam
961 4457 994 4495 er
1016 4440 1173 4510 legatorum
1191 4439 1418 4510 nominatimque
1435 4439 1557 4502 Dioaoon.

294 4527 404 4599 Scythis
426 4547 540 4582 errorem
564 4524 611 4580 hic
631 4525 779 4580 Hormisda
806 4525 943 4580 attribuit.
990 4523 1103 4579 Certum
1126 4522 1200 4578 euim
1222 4526 1279 4586 est,
1307 4542 1375 4580 eum
1402 4526 1438 4582 de
1460 4525 1559 4582 illorum

295 4630 378 4669 causa
394 4611 464 4667 nihil
480 4612 614 4666 hactenus
627 4610 756 4679 judicare
773 4609 905 4678 voluisse,
923 4610 971 4666 sed
989 4610 1049 4679 ejus
1068 4609 1256 4679 cognitionem
1275 4609 1314 4665 ad
1324 4609 1492 4680 legatorum
1503 4609 1559 4667 redi

294 4702 355 4753 tum
373 4697 518 4753 distulisse.

297 4791 345 4838 104
379 4786 400 4852 ¹)
417 4781 563 4853 Inscriptio
581 4781 657 4836 nulla
675 4782 767 4836 exstat
783 4781 812 4834 in
831 4781 875 4835 G'.

363 4870 384 4937 ¹)
401 4868 451 4923 Ed.
471 4874 591 4936 ospitare.
627 4872 756 4924 Forsitan.
792 4865 856 4921 Mox
875 4866 909 4920 G¹
928 4871 1117 4936 conjanpuntar
1132 4868 1239 4934 scripto.
1276 4914 1290 4932 ,
