3450 5678
823 351 851 398 S.
869 348 1037 396 SIMPLlCll
1060 348 1173 395 PAPAE

865 539 1047 642 Epistola
1074 540 1128 621 lo.

210 663 360 790 §jffffiacff-
565 691 743 777 Sinisplioii
768 710 878 776 papae
901 693 944 758 ad
968 693 1146 758 Zenonem
1169 693 1436 776 imperatorem.

228 811 335 872 ‘tusi
401 837 556 901 Imperatori
575 837 749 899 preoccupa
772 835 802 884 ob
825 834 974 884 Tisrsollseum
994 835 1190 883 Alexandrinae
1212 835 1334 884 ecclesiae
1357 836 1498 884 restitutum
1517 806 1607 900 (ml),
1652 834 1717 901 pi.

396 938 498 986 errorique
516 928 603 985 copul,
629 929 655 969 ut
674 921 775 969 Petrum
798 921 912 981 ejusdem
930 922 1053 969 ecclesiae
1075 919 1281 983 perturbatorem
1303 921 1361 970 line
1382 922 1482 984 loupiac
1504 923 1607 986 expedi

893 1006 986 1067 jubeat
1005 1003 1040 1068 (u.
1055 1006 1090 1059 2).

515 1140 746 1224 Simplicius
770 1139 981 1222 episcopus
1003 1137 1153 1201 Zenoni
1177 1139 1368 1224 Augusto.
1403 1142 1644 1223 Per¹)Petrum

606 1246 706 1308 virum
721 1245 924 1323 spectabilem
935 1245 1078 1306 comitem
1085 1245 1245 1306 Placidias
1261 1244 1474 1308 nobilissimas
1489 1246 1643 1310 feminae.

449 1368 476 1427 1.
523 1363 608 1427 Olim
635 1362 814 1425 divinorum
844 1361 1057 1425 exsultatione
1086 1382 1253 1424 muitarum
1281 1361 1486 1446 triumphalis
1514 1363 1552 1428 in
1577 1363 1645 1429 Dm

363 1468 448 1531 1111110
471 1466 562 1551 regni
587 1465 683 1528 vestri
705 1464 808 1548 gloria
827 1463 1007 1548 dilatata-’p
1033 1485 1104 1526 cuns
1126 1462 1315 1526 usuversalis
1328 1461 1493 1529 Ecclesiae
1515 1466 1646 1551 gaudio

363 1569 592 1634 mediocritatis
621 1589 709 1630 meae
737 1566 862 1629 litteras
890 1565 1043 1630 obtulisse
1072 1565 1218 1647 inseruisti,
1258 1587 1318 1629 neo
1351 1565 1436 1631 inter
1470 1569 1645 1635 universos

363 1673 539 1738 catholicae
563 1670 635 1734 fidei
659 1669 839 1733 sacerdotes
863 1691 959 1752 opera
971 1668 1101 1732 Domini
1125 1669 1225 1732 nostri
1249 1667 1297 1732 vel
1321 1668 1406 1733 solus
1421 1660 1510 1754 potui
1528 1662 1645 1736 tacere

260 1765 347 1862 ’3οΨ
363 1776 412 1840 vel
437 1776 574 1858 primns:
612 1774 686 1857 spoia
720 1771 894 1836 seeundum
917 1772 1045 1835 beatum
1070 1771 1203 1835 Paulum
1226 1771 1406 1854 apostolum
1428 1773 1643 1839 ecclesiarum

262 1839 504 1941 11’28011111111111
528 1898 637 1939 curam
659 1874 831 1957 sustinens,
856 1874 932 1937 milii
957 1896 1112 1938 summam
1134 1872 1243 1958 gaudii
1267 1875 1305 1936 de
1321 1873 1445 1938 reddita
1459 1876 1553 1961 peri)
1576 1877 1644 1941 cle·

363 1980 517 2043 mentiam
540 1981 679 2041 vestram
702 2000 811 2040 earum
832 1978 939 2061 quiete
964 1977 1146 2061 specialiter
1169 1974 1338 2058 vindicavi,
1363 1977 1445 2060 quod
1469 2000 1525 2043 vos
1549 1977 1645 2044 Dici-

363 2082 477 2144 nitatis
500 2080 617 2144 anaxilio
640 2080 772 2162 dejectis
795 2080 960 2164 religionis
977 2084 1009 2143 et
1025 2080 1115 2164 regni
1133 2078 1278 2143 hostibus
1294 2079 1501 2144 meruerimus
1516 2079 1645 2147 liabere

364 2185 509 2265 victores²
535 2186 567 2246 et
590 2184 622 2246 in
646 2206 709 2246 uno
731 2182 903 2267 eodemque
926 2186 1093 2267 prouentu,
1118 2181 1245 2246 Christo
1268 2183 1301 2245 in
1325 2182 1415 2246 vobis
1434 2183 1552 2269 ubique
1569 2185 1644 2251 vin-

364 2290 466 2361 cente,
497 2290 529 2349 ct
559 2286 661 2350 cultus
690 2309 782 2349 verae
811 2284 885 2349 fidei
912 2291 943 2348 et
971 2289 1073 2348 status
1103 2289 1151 2347 est
1180 2286 1347 2368 reparatus
1374 2284 1517 2370 imperii3
1552 2288 1644 2374 quod

364 2394 532 2472 utrumque
558 2388 629 2452 ideo
656 2389 761 2452 suerent
789 2388 916 2452 ‹liabolo
945 2411 979 2451 se
1002 2388 1040 2451 ad
1065 2390 1190 2471 tempus
1219 2387 1430 2451 interserente
1459 2389 1643 2473 turbatum,

364 2497 399 2555 ut
434 2492 617 2555 alterutrius
644 2490 835 2554 aelvemariis
864 2491 1043 2572 dissipatis,
1073 2490 1245 2573 praeconia
1272 2490 1387 2555 fierent
1414 2490 1540 2576 majora
1570 2492 1643 2559 vin-

364 2595 477 2658 centis.
511 2592 605 2658 Unde
632 2597 699 2656 tam
722 2594 906 2676 piraeclarae
928 2594 1067 2656 i'ructum
1095 2592 1223 2656 virtutis
1246 2592 1391 2676 adeptus,
1416 2615 1487 2658 eum
1511 2595 1644 2663 laetitia

364 2697 553 2761 anniversalis
569 2695 732 2758 Ecclesiae
748 2718 834 2759 iasine
850 2718 983 2780 quoque,
1007 2695 1124 2779 quodi)
1138 2695 1207 2759 sine
1220 2695 1398 2760 cessatione
1414 2697 1509 2780 facio,
1527 2701 1643 2765 tacere

364 2821 428 2862 non
445 2821 572 2882 possum
588 2798 710 2882 gratias
732 2799 802 2862 sisic
825 2798 920 2862 (lisbio
936 2820 1103 2882 percomes,
1127 2797 1211 2882 quod
1224 2799 1374 2883 anitiquae
1392 2821 1549 2885 veraeque
1563 2802 1644 2869 fidei

363 2902 397 2965 in
420 2902 520 2965 fratre
543 2905 576 2965 et
599 2901 786 2985 coepiscopo
812 2924 882 2965 meo
904 2901 1072 2965 Timotheo
1096 2901 1348 2965 Alexandrinam
1377 2902 1545 2967 ecelesiam
1571 2904 1644 2969 red-

364 3005 505 3085 didistis3
530 3005 619 3087 cujus
643 3004 755 3068 adme
778 3028 880 3088 sonipes·
898 3005 1025 3069 litterae
1041 3008 1267 3085 cosnmeantes,
1292 3005 1422 3089 expulsa
1438 2988 1645 3089 protanitate

364 3107 553 3192 Eutychetis
577 3111 671 3192 atque
685 3107 829 3171 Dioscuri
853 3107 1087 3188 damnatorum,
1112 3106 1151 3170 ad
1168 3107 1324 3191 regendos
1340 3106 1534 3172 orthodoxos
1552 3108 1644 3176 beati

364 3210 455 3274 Pauli
484 3215 516 3273 et
544 3210 760 3294 evcangelistae
784 3210 882 3272 Marci
912 3210 1029 3289 sedem,
1059 3208 1142 3293 quod
1171 3214 1247 3273 siste
1277 3213 1474 3294 compertum
1504 3216 1567 3295 est,
1608 3236 1645 3278 se

364 3314 520 3397 recepisse
543 3312 775 3395 inenormis),
804 3311 945 3376 incitans
974 3335 1031 3375 nos
1056 3312 1208 3396 volentes
1238 3317 1274 3376 ut
1301 3312 1380 3376 haec
1407 3311 1479 3396 ipsu
1505 3314 1646 3398 pietatis

365 3420 488 3479 vestrae
511 3416 656 3479 sensibus
679 3416 879 3478 ret'erremus.

367 3573 628 3582 ——-———.—-
652 3576 669 3582 .-

433 3658 451 3721 ¹)
470 3654 542 3707 Male
560 3654 693 3708 hamensis
710 3653 792 3721 hujus
812 3654 945 3722 epistolae
965 3653 1109 3706 exordium
1127 3652 1163 3706 ab
1177 3653 1219 3706 nis
1232 3654 1324 3707 verbis
1337 3653 1451 3708 ductum
1464 3658 1516 3720 est,
1536 3657 1646 3727 quibus

364 3738 437 3792 laud
457 3739 541 3793 sliibie
559 3740 581 3791 is
601 3739 770 3808 designatur,
793 3738 870 3809 cujus
889 3757 975 3808 opera
992 3739 1155 3793 transmissa
1173 3742 1223 3803 est,
1245 3739 1316 3792 sicut
1334 3739 1437 3795 diserte
1454 3741 1538 3810 epist.
1560 3760 1643 3814 sequ,

364 3832 420 3877 nst.)
443 3824 599 3893 Simplicius
622 3827 752 3889 testatur,
783 3828 945 3878 Occasionem
965 3831 1014 3891 filii
1031 3830 1112 3878 posui
1131 3829 1214 3885 Petri,
1244 3823 1384 3892 inquiens,
1411 3830 1461 3879 eici
1486 3833 1645 3895 spectabitis

362 3916 458 3962 coimus
477 3917 550 3978 qccccsi
567 3931 601 3963 cx
618 3917 743 3963 scalentin
760 3917 947 3978 proficiscentis
965 3916 1078 3977 ‹inreplexc'
1095 3912 1146 3962 etc.
1178 3909 1247 3963 Hinc
1257 3912 1287 3962 et
1301 3910 1450 3965 obseruare
1461 3910 1545 3979 libet,
1564 3914 1644 3983 quod

360 3993 420 4059 jam
439 3994 507 4047 adisis
526 3994 651 4060 diximus,
671 3995 829 4062 lissjusmodi
847 3998 927 4049 notas
945 3995 1099 4048 litterarum
1113 3995 1362 4064 subscriptionibus
1375 3995 1476 4062 subjici
1488 4012 1549 4052 non
1560 4017 1646 4070 prae-

364 4079 429 4148 poni
449 4079 545 4132 solere.
581 4080 644 4132 Jam
663 4099 718 4148 quo
735 4084 862 4150 temporo
881 4082 949 4135 haec
967 4081 1071 4150 scripta
1089 4080 1137 4146 sit,
1161 4080 1332 4134 eonnnodins
1351 4080 1378 4134 in
1395 4084 1568 4157 sequentem
1585 4088 1646 4157 epi-

364 4164 465 4216 stolam
484 4163 661 4218 discutiemus
680 4166 724 4218 icf.
744 4185 827 4235 snpra
845 4185 910 4236 pag.
925 4172 951 4236 7)

431 4258 450 4317 ²)
470 4252 497 4303 a³
518 4268 579 4303 eum
593 4250 655 4304 Vnt.
675 4258 791 4313 (tilulum,
812 4254 846 4304 c¹
860 4255 886 4306 a¹
901 4270 931 4306 ec
949 4259 1080 4306 dilatatur,
1115 4253 1178 4306 Mox
1197 4254 1231 4306 G'
1251 4258 1427 4315 mediocritati,
1445 4253 1555 4311 deinde
1573 4256 1647 4313 editi
1712 4316 1717 4333 Ι

363 4342 521 4390 ›trecitini-rim.
558 4335 608 4389 Hic
627 4336 760 4406 Simplicii
780 4337 898 4406 epistola
916 4345 931 4392 6
950 4339 979 4391 et
996 4341 1107 4407 tempus
1125 4338 1192 4391 illud
1212 4340 1390 4395 memoratur.
1409 4354 1465 4405 quo
1479 4338 1560 4396 Zeno
1572 4346 1646 4399 Gon·

363 4421 571 4492 stantinopolim
591 4441 716 4476 resersus
736 4422 897 4477 Basiliscum
917 4441 949 4476 cx
969 4442 1002 4478 ea
1020 4424 1088 4477 sirbe
1108 4428 1136 4477 et
1153 4423 1270 4493 imperio
1289 4424 1405 4495 pepulit.

431 4512 451 4573 ³)
472 4509 514 4562 lta
537 4510 580 4575 (3¹,
602 4507 653 4561 nisi
673 4508 747 4575 quod
770 4510 868 4578 postea
889 4516 1019 4578 relicturis
1047 4516 1072 4562 iu
1098 4516 1171 4577 repsi
1194 4509 1288 4563 balcet.
1333 4509 1408 4563 Editi
1430 4530 1481 4582 pro
1503 4519 1647 4571 clementia

364 4604 448 4646 cestra
521 4601 546 4646 in
566 4599 644 4649 nobis.

430 4682 451 4742 ⁴)
471 4679 544 4732 Editi
563 4679 696 4733 <naitanus
713 4687 788 4749 qccod.
817 4681 900 4735 iidem
920 4698 983 4734 mon
1005 4686 1083 4738 l’elri.
1103 4680 1149 4733 noi
1169 4683 1203 4731 (a
1219 4686 1299 4735 Procli.
1319 4683 1416 4735 eontra
1434 4698 1551 4738 omnem
1571 4687 1646 4742 anti-

364 4763 477 4830 quitatis
496 4765 683 4829 traditionem,
702 4766 723 4817 si
742 4766 780 4818 ibi
800 4767 987 4820 Alexandrina
1005 4766 1120 4820 ecclesia
1139 4769 1258 4820 notetur.

431 4852 452 4899 Ι”1
472 4851 514 4904 lto
533 4852 567 4905 G'
582 4853 631 4916 (3²,
659 4851 709 4904 nisi
733 4852 806 4919 (puod
825 4853 859 4901 ti¹
884 4865 999 4911 orostrae:
1028 4852 1093 4906 editi
1113 4859 1311 4908 cmnmcmorunit
1332 4860 1490 4908 ...uestris
1513 4862 1646 4915 sentitus.

365 4931 450 4986 Paulo
469 4940 534 4989 stante
552 4938 585 4989 G'
606 4936 710 4990 oinittit
728 4944 763 4989 ud
781 4942 856 4991 samo
875 4945 1020 5007 rependes).
