3412 5664
519 120 712 170 mosronia
739 109 806 168 105.
832 111 903 168 106.
1280 106 1341 169 907

49 274 235 359 juvamine
258 274 479 359 disponuntur,
505 280 538 340 et
558 277 682 361 gratius
705 279 763 358 est,
787 278 824 339 ut
846 274 904 338 sub
919 296 1009 339 mora
1031 274 1172 338 omnium
1193 275 1339 339 ecclesia-

55 398 144 441 rum
165 376 331 441 ordinetur
352 380 470 462 status,
500 401 594 463 quarn
616 401 713 464 quum
734 400 792 463 per
813 377 1054 442 festinationem
1080 376 1200 461 aliquid
1227 377 1342 462 imper-

55 478 195 544 fectum
221 483 402 563 remaneat,
430 481 514 545 unde
536 482 652 545 iterum
675 486 707 545 et
728 481 819 544 labor
844 481 936 545 nobis
964 482 1137 566 generetur
1164 483 1197 544 et
1215 480 1342 545 ‘uostris

56 581 226 647 afferatru
246 583 501 648 ordinationibus
524 583 706 647 difficultas.
752 583 871 669 Data⁷)
895 583 1023 648 consule
1045 583 1274 668 suprascripte.

562 771 744 874 Epistola
771 772 851 854 ros.

155 923 367 990 Hormisdae
390 940 500 1008 papae
522 923 566 989 od
589 922 787 990 Jolrsnnern
811 923 1262 1007 consanunopontonmn.

106 1064 206 1116 Thema
223 1071 249 1115 ei
266 1065 414 1116 Nicostrato
434 1065 654 1129 Constantinopoli
671 1067 773 1129 indipne
790 1068 927 1129 susceptis,
946 1079 974 1114 se
992 1066 1072 1129 ipsum
1089 1072 1201 1128 spretum
1219 1065 1309 1113 sideri.

467 1150 507 1199 Iis
525 1166 597 1215 quum
612 1151 718 1214 primnnr
735 1152 871 1199 consultum
889 1152 947 1199 onii.

225 1283 436 1347 Hormisda
451 1282 472 1347 J
478 1280 660 1367 ohanni¹)
677 1280 1341 1367 episcopoConstantinopolitano.

156 1402 345 1487 Reperimus
381 1401 570 1467 Thomatem
603 1406 636 1465 et
670 1400 890 1465 Nicostratum
923 1401 1039 1464 fratres
1073 1404 1106 1465 et
1140 1403 1343 1486 coepiscopos

64 1507 200 1569 nostros
221 1503 500 1588 Constantinopoli
528 1524 594 1567 non
621 1504 667 1567 ita
689 1507 869 1587 susceptos,
900 1503 995 1567 sicuti
1017 1507 1128 1569 nostra
1150 1504 1239 1567 fuere
1263 1504 1343 1570 desi·

66 1606 177 1690 deria,
206 1613 239 1670 et
259 1606 321 1690 ipsi
343 1627 468 1689 semper
490 1606 655 1690 optabant.
700 1605 775 1669 Non
797 1605 898 1669 solum
921 1606 1007 1669 enirn
1029 1606 1099 1669 loca
1127 1605 1172 1670 eis
1201 1606 1309 1672 debita
1317 1607 1342 1694 ²)

65 1709 225 1773 dicuntur
246 1707 370 1791 ablata,
400 1709 453 1772 sed
482 1730 502 1772 a
528 1707 749 1772 communione
776 1730 900 1792 quoque
928 1730 981 1771 eos
1010 1708 1216 1794 eognovimus
1244 1709 1343 1774 fuisse

66 1831 253 1896 suspensos
299 1809 388 1886 Quod
411 1832 507 1894 quarn
530 1809 642 1873 acerbe
665 1809 749 1873 ferat
772 1810 898 1874 animus
920 1813 1045 1892 noster,
1075 1810 1172 1874 etiarn
1193 1811 1342 1876 fraterni·

64 1917 174 1978 tatem
201 1915 234 1977 et
262 1912 466 1977 dilectionem
494 1916 583 1976 tuam
613 1913 771 1976 credimus
798 1913 977 1976 aestimare.
1023 1911 1160 1976 ntideo
1188 1918 1342 1998 quantam

65 2014 275 2101 diligentiam
299 2036 412 2079 causae
440 2014 555 2078 videtis
582 2013 839 2099 magnitudinem
861 2035 1007 2098 poscere,
1037 2017 1165 2078 tantam
1192 2036 1247 2079 vos
1276 2016 1342 2081 elfi-

1353 291 1442 339 0019.

1351 902 1387 964 (a.
1396 907 1444 953 519
1455 900 1480 954 d.

1359 975 1374 1021 3
1384 967 1460 1025 Deci

67 2117 194 2182 eseiam
217 2116 339 2180 debetis
361 2116 431 2180 sine
453 2138 542 2180 mora
565 2119 739 2200 praestare,
763 2118 796 2178 et
818 2137 924 2200 agere,
948 2138 990 2179 ne
1010 2138 1069 2180 nos
1084 2116 1199 2201 magis,
1224 2117 1342 2205 apnd³)
1365 2181 1368 2187 ,

65 2240 149 2304 quos
177 2218 323 2302 fuerunt,
358 2219 523 2282 videamur
551 2240 618 2282 esse
647 2218 837 2301 contempti,
866 2240 963 2302 quum
991 2218 1056 2282 illis
1085 2223 1212 2303 contra,
1247 2241 1343 2305 qnam

65 2320 263 2386 desiderium
286 2341 451 2385 commune
473 2320 598 2402 habuit,
623 2319 846 2384 sollicitudinis
869 2320 1015 2384 molestia
1039 2321 1137 2384 fuerit
1158 2320 1343 2386 indecenter

65 2422 193 2507 injecta
214 2421 414 2507 intantum,
438 2426 476 2486 ut
498 2444 557 2486 nec
580 2422 619 2485 de
640 2421 848 2486 facultatibus
872 2443 995 2504 eorum,
1020 2444 1101 2506 quae
1125 2422 1170 2486 eis
1192 2422 1343 2488 dicuntur

65 2527 217 2608 invasae,
247 2524 387 2589 airatre
417 2528 449 2589 et
477 2525 662 2608 coepiscopo
691 2527 801 2587 nostro
828 2522 993 2607 Johanne,
1024 2524 1150 2588 dicauu
1180 2524 1341 2613 aliquod⁴)

64 2669 200 2678 ——--

67 2742 219 2800 nunqnam,
245 2735 310 2783 sient
335 2734 511 2798 pervideritis,
540 2739 567 2781 ut
593 2738 707 2795 oporiet,
732 2734 867 2792 firmentur
893 2747 924 2780 ea
951 2747 1015 2797 qnae
1042 2731 1104 2781 bene
1133 2733 1259 2798 disposita
1284 2742 1342 2785 suni

67 2818 102 2870 ab
121 2821 168 2870 eis.

137 2902 160 2970 ⁷)
179 2900 214 2954 G¹
234 2905 303 2954 Doto
320 2905 362 2954 dis
379 2902 448 2954 coiis.
466 2901 505 2962 s's,
526 2899 568 2952 ed.
588 2904 657 2951 Dolo
674 2904 824 2967 supradicio
842 2905 952 2951 consule.

69 2990 120 3040 106
157 2987 177 3054 ¹)
194 2985 226 3039 In
244 2985 317 3054 vulg.
336 2989 449 3040 iohanni
464 2991 585 3054 episcopo
604 2989 766 3038 eiDioscoro
785 2989 902 3037 drocone.
939 2981 1074 3037 Addimus
1093 2999 1155 3037 curn
1168 2981 1201 3038 G¹
1217 2988 1342 3041 Constan-

68 3073 246 3136 rinopoiitano.
282 3069 314 3123 ln
332 3070 431 3125 eodem
449 3069 482 3124 G'
503 3068 615 3138 quidem
631 3070 731 3138 postea
747 3067 793 3122 hic
811 3067 943 3136 adjicitur
961 3078 987 3121 et
1007 3072 1131 3122 Dioscoro
1151 3074 1273 3135 diacono,
1292 3070 1342 3124 sed

68 3153 97 3208 in
115 3153 231 3224 praevio
253 3153 326 3209 illius
346 3154 437 3210 indice
461 3153 585 3224 generali
602 3154 672 3208 haec
689 3153 776 3208 verba
794 3153 903 3207 absunt.
945 3152 982 3206 Et
999 3169 1033 3206 ea
1051 3152 1163 3222 quidem
1181 3153 1278 3208 ebena
1296 3154 1340 3209 de·

68 3239 137 3294 bere
160 3238 225 3294 inde
247 3239 327 3293 nobis
349 3256 512 3308 persuasum
535 3242 588 3294 est:
618 3243 644 3292 1⁰
661 3238 736 3307 quod
757 3238 786 3292 in
805 3255 839 3292 ea
856 3237 1005 3292 Hormisda
1022 3254 1106 3291 unum
1124 3240 1154 3292 et
1171 3238 1341 3307 singularem

69 3324 223 3392 alloquitur
238 3323 280 3377 hia
297 3324 388 3378 verbis
403 3331 594 3391 fraternitatem
612 3335 638 3379 et
655 3329 812 3378 dilectionem
830 3336 896 3376 iream
915 3327 981 3389 (non
993 3325 1111 3390 vestram)
1130 3328 1342 3379 0001000000ιί-

68 3429 154 3467 mnre:
177 3412 207 3461 2⁰
224 3408 298 3477 quod
317 3426 379 3463 eam
400 3409 429 3463 in
447 3409 565 3480 epistola
585 3409 755 3463 1041000100
773 3425 807 3463 ac
825 3409 961 3462 memoret
978 3410 1010 3461 ut
1028 3406 1065 3461 ed
1083 3425 1168 3461 unum
1184 3407 1341 3464 iohannem

68 3492 216 3564 scriptam3
239 3496 268 3547 3ο
286 3493 360 3560 quod
378 3509 434 3547 non
452 3493 532 3548 aliter
556 3494 590 3548 de
609 3511 643 3549 ea
664 3494 692 3547 in
711 3494 836 3547 subnexa
854 3492 972 3562 epistola
992 3498 1039 3545 107
1062 3491 1200 3562 loquatur.
1236 3491 1341 3548 Verum

67 3576 258 3649 antiquarius,
275 3577 357 3648 hujus
375 3578 509 3648 epistolae
530 3587 577 3633 107
596 3578 664 3632 illud
683 3579 790 3647 legens:
809 3589 859 3632 inm
877 3584 913 3631 ud
928 3581 1067 3631 Joiannem
1083 3582 1195 3644 fratrem
1212 3589 1237 3631 ei
1254 3587 1339 3648 coepi·

66 3683 172 3734 scopam
184 3675 295 3718 nosirnm
306 3670 405 3732 scripio
424 3669 575 3729 direximus,
595 3685 666 3733 quma
686 3670 846 3718 dilectissimo
861 3669 915 3730 filio
934 3673 1021 3716 nostro
1036 3667 1161 3717 Dioscoro
1174 3668 1281 3719 diacono
1293 3685 1342 3733 per

66 3756 171 3804 lium
188 3754 357 3816 injaznsinns,
376 3748 405 3802 in
424 3766 487 3804 eum
504 3748 632 3803 inductus
646 3751 836 3814 ostentarem,
855 3748 886 3801 ut
903 3765 987 3801 unam
999 3746 1182 3817 eamdemque
1195 3747 1341 3817 epistolam

65 3833 108 3887 ibi
126 3832 281 3904 designari,
300 3832 426 3903 adeoque
444 3834 516 3888 hanc
535 3839 583 3888 100
601 3850 657 3888 non
674 3834 784 3887 tantum
795 3830 916 3887 Johanni
934 3831 1077 3901 episeopo,
1096 3831 1145 3886 sed
1164 3834 1193 3886 et
1208 3833 1340 3888 Dioscoro

66 3918 188 3973 (1100000
205 3916 412 3972 inscribendam
430 3918 610 3973 existimaret.

137 4004 159 4070 ¹)
177 4001 212 4056 H.
226 4018 250 4056 e.
268 4009 343 4056 sedes
361 4015 386 4057 ei
404 4011 526 4057 eeclesiae
543 4011 676 4073 propriae.

137 4085 321 4157 sumptious
339 4088 415 4143 locus
433 4088 473 4142 ita
491 4091 535 4142 est
553 4089 743 4158 explicandus,
763 4089 842 4159 quasi
856 4089 1009 4158 legeretur:
1029 4094 1100 4157 apud
1117 4109 1171 4150 eos,
1191 4094 1263 4158 aprici
1279 4108 1341 4159 qnos

63 4177 188 4239 sumni,
208 4177 292 4240 spreti
308 4178 437 4228 videamur
455 4175 506 4228 ete.

135 4257 159 4325 ⁴)
176 4255 322 4311 Mallemus
345 4265 443 4328 aliquid
460 4265 615 4321 ordinatum,
638 4260 710 4314 unde
733 4259 838 4314 scilieet
860 4258 1016 4314 necessaria
1037 4257 1111 4314 vitae
1134 4257 1258 4312 aalaidis
1279 4275 1341 4327 per-

64 4341 204 4412 ciperent.
240 4341 282 4397 De
301 4360 355 4410 quc
369 4344 496 4398 Johanne
514 4345 559 4399 hic
576 4346 706 4415 loquatur
724 4345 887 4411 Hormisda,
905 4345 1053 4398 obscurum
1072 4347 1121 4398 est.
1152 4343 1274 4397 Tantum
1293 4344 1341 4397 ob·

63 4443 224 4493 servamus,
235 4427 303 4482 tunc
315 4429 449 4499 temporis
460 4429 592 4484 ecelesiae
604 4430 852 4499 ierosolymitanae
865 4447 897 4484 ac
909 4428 998 4483 tribus
1011 4427 1174 4482 Palaestinis
1186 4427 1340 4498 praefuisse

61 4511 239 4579 Jobannem,
261 4511 339 4582 cnjus
357 4513 477 4582 epistola
495 4514 627 4583 synodica
645 4515 681 4569 ad
697 4515 854 4570 iohannem
870 4513 1208 4582 constantinopolitanum
1231 4512 1340 4568 concilii

62 4594 371 4666 Constantinopolitani
384 4599 433 4651 sub
446 4599 529 4653 blena
541 4600 644 4653 actioni
657 4600 680 4653 V
694 4600 789 4667 (Hard.
803 4601 839 4667 ll,
854 4604 930 4667 1342)
942 4598 1046 4653 inserta
1059 4606 1113 4663 est,
1127 4599 1207 4666 eique
1219 4598 1340 4668 primurn

61 4679 244 4738 subscribere
253 4682 408 4738 iohannem
419 4682 571 4739 Caesareae
585 4684 623 4752 (iu
633 4685 801 4754 Palaestina)
814 4685 982 4755 episcopum.
1010 4684 1068 4739 Nec
1081 4684 1160 4740 deest
1171 4683 1339 4753 conjectura,
