3412 5664
529 117 723 167 arrsrorns
748 107 896 166 10—12.
1283 102 1345 166 765

47 280 152 336 elam
171 270 385 337 sanctissimis
408 273 485 336 viris
512 271 610 356 longa
633 270 863 335 deliberatione
886 269 1094 353 contulimus,
1125 274 1159 334 et
1179 269 1254 334 inde
1276 271 1345 335 Deo
1357 298 1382 336 a.
1393 289 1450 338 516.

47 374 207 459 auspice
233 377 302 439 tam
329 377 459 438 nostrae
487 374 653 458 petitionis
680 395 777 457 quam
804 375 929 437 vestrae
957 373 1081 458 gratiae
1113 372 1153 436 ad
1181 373 1345 458 integrum

45 466 132 539 lux
158 497 273 541 serena
300 475 518 561 resplendeat,
557 479 589 538 et
616 477 676 540 toti
705 476 774 539 orbi
807 475 926 560 gaudia
958 476 1143 557 exspectata
1176 474 1343 539 donentur.

50 574 396 643 Commemorationis
412 578 519 662 itaque
533 577 603 641 loco
619 581 651 641 et
666 577 870 641 salutationis
885 576 1039 640 honorem
1053 576 1225 660 reddendo,
1244 576 1345 641 Theo-

52 697 229 764 pompum
258 680 361 744 vimm
388 681 561 763 illustrem,
604 679 752 744 comitem
785 678 1044 760 domesticorum,
1083 681 1234 763 agentem
1261 680 1344 743 sacri

57 781 177 845 nostri
201 781 314 865 palatii
337 782 495 864 scholam,
529 782 655 846 fidelem
684 781 777 844 nobis
806 780 856 844 vel
877 802 935 864 pro
958 781 1024 845 suis
1046 780 1186 844 moribus
1208 781 1258 845 vel
1286 803 1345 864 pro

58 881 146 968 ipsa
168 882 337 947 affectione
360 884 496 969 genitali
518 888 647 949 nostrae
669 883 864 968 provinciae,
888 882 943 946 sed
966 885 997 945 et
1013 881 1218 946 Severianum
1240 882 1343 946 virum

65 984 288 1050 clarissimum
317 986 465 1050 comitem
492 987 574 1050 sacri
603 985 706 1050 nostri
729 984 909 1049 consistorii
937 984 977 1048 ad
1006 988 1144 1048 vestram
1171 984 1345 1048 direximus

65 1087 293 1170 sanctitatem,
317 1088 371 1171 qui
393 1088 537 1152 ordinem
559 1088 739 1152 litterarum
760 1087 890 1170 propria
913 1107 988 1149 voce
1010 1089 1178 1170 testantes
1202 1086 1242 1150 ad
1265 1086 1344 1150 cele·

70 1188 206 1254 ritatem
235 1193 453 1276 exspectatal)
481 1195 672 1275 provocent,
707 1211 787 1273 (puae
815 1189 912 1252 etiam
946 1187 1073 1252 coelesti
1108 1187 1343 1252 misericordiae

72 1291 234 1356 credimus
255 1292 424 1376 placuisse.
459 1291 545 1356 Data
560 1292 654 1357 XVII
670 1290 738 1356 bal.
752 1293 917 1376 Augustas
933 1290 1223 1373 Constantinopoli,
1248 1290 1343 1354 Petro

73 1394 142 1457 riro
165 1393 343 1459 clarissimo
366 1393 503 1459 consule.

577 1580 761 1683 Epistola
788 1582 840 1664 12.

126 1731 309 1799 Anastasii
333 1734 376 1799 ad
399 1735 564 1800 senatum
586 1735 689 1799 urbis
711 1735 843 1799 Ronrac
872 1750 938 1817 per
959 1733 1226 1817 ruoommpum
1249 1736 1287 1799 et
1354 1720 1478 1841 ‘333⁶-

405 1833 637 1903 Severianum
660 1836 758 1902 viros
780 1837 1010 1903 clarissimos.
1453 1831 1458 1842 '

13 1974 57 2023 oe.
108 1976 146 2027 tlt
160 1992 251 2041 pacem
270 1977 402 2026 Ecclesiae
421 1984 469 2025 tam
488 1977 559 2041 apud
574 1992 658 2040 repent
679 1976 859 2026 Theodoriana
878 1985 926 2025 tum
944 1978 1014 2041 (φατὶ
1028 1992 1123 2041 papam
1141 1978 1301 2041 deprecetur.

228 2108 482 2193 lmperat0r¹)
512 2107 659 2173 Caesar
686 2108 848 2173 Flavius
871 2108 1127 2193 Anastasius,
1158 2109 1341 2193 pontifex

319 2211 513 2297 inclytus,
546 2212 805 2275 Germanicus
828 2211 1022 2295 inclytus,
1054 2212 1341 2275 Alamannicus

319 2312 514 2396 inclytus,
544 2312 762 2377 Francicus
790 2313 985 2397 inclytus,
1015 2311 1260 2378 Sarmaticus
1282 2314 1340 2377 in-

319 2415 466 2500 clytus,
511 2414 761 2478 tribuniciae
794 2415 1013 2500 potestatis
1045 2413 1162 2496 XXV,
1202 2416 1340 2481 consul

319 2515 396 2598 III,
420 2518 524 2600 pius,
548 2517 662 2600 felix,
687 2516 830 2600 victor,
860 2537 1013 2601 semper
1035 2520 1243 2602 augustus,
1272 2540 1339 2602 pa-

318 2621 379 2682 ter
399 2618 571 2701 patriae,
595 2618 919 2701 proconsulibus,
950 2619 1197 2701 consulibus,
1228 2641 1339 2703 prae-

318 2719 490 2802 toribus,
520 2720 695 2784 tribunis
721 2720 855 2804 plebis
877 2721 1115 2805 senatuique
1142 2742 1211 2783 suo
1234 2720 1339 2784 salu-

318 2826 393 2886 tem
416 2821 525 2886 dicit.

157 2942 192 3007 Si
215 2964 269 3006 vos
291 2941 446 3026 liberique
467 2941 564 3004 vestri
587 2940 711 3023 valetis,
735 2941 816 3004 bene
839 2944 903 3005 est:
927 2964 987 3027 ego
1008 2942 1229 3027 exercitusque
1249 2964 1339 3006 meus

55 3044 224 3113 valemus.
268 3043 423 3121 Quotiens
445 3043 589 3127 utrisque
610 3043 748 3127 publicis
776 3044 872 3107 rebus
899 3066 1052 3129 prospera
1077 3044 1242 3109 voluntate
1265 3067 1338 3109 con-

55 3316 210 3373 memorat
231 3314 267 3369 de
288 3315 402 3369 Graccis
425 3316 592 3383 generatim,
615 3317 642 3369 in
665 3317 842 3372 Anastasinm
865 3316 1028 3371 nominatim
1051 3318 1243 3371 conveniebat:
1266 3339 1338 3387 quum

53 3423 118 3472 per
137 3404 279 3453 Euuodinm
297 3401 338 3454 ait
357 3406 467 3466 fratrem
489 3413 514 3454 et
536 3408 712 3469 coepiscopum
731 3413 842 3457 nostrum
859 3409 1008 3456 sacerdotes
1025 3408 1094 3455 uiros
1111 3409 1147 3455 cut
1165 3409 1337 3468 corrstrruunda

54 3508 114 3547 ea,
135 3504 202 3554 qaae
218 3492 293 3539 sedes
306 3493 448 3554 apostolica
466 3498 635 3554 poposcerat,
654 3493 798 3541 directuros
815 3507 912 3541 ecesse
929 3493 1116 3554 promisissent,
1136 3508 1185 3541 nou
1196 3494 1275 3541 sotum
1288 3510 1337 3541 aon

54 3576 205 3637 rettpiceor
221 3576 300 3631 uiros,
318 3590 398 3638 penes
416 3589 478 3638 qnos
496 3590 588 3624 carane
604 3577 685 3639 ipsias
701 3580 778 3640 pleno
791 3592 847 3625 esre
863 3583 950 3640 posset
968 3577 1113 3631 instructio,
1131 3580 1266 3627 sectandum
1278 3594 1336 3627 rou·

53 3663 160 3713 stitnta
176 3660 286 3724 propria
304 3675 353 3708 aaa
370 3659 504 3721 mtrmnut,
525 3676 609 3710 verram
626 3666 700 3710 ettam
719 3663 794 3727 quasi
809 3678 852 3711 res
867 3678 950 3726 perna
966 3667 1114 3725 pereretnr.
1136 3664 1214 3711 tatem
1232 3669 1257 3712 et
1275 3665 1335 3712 alie·

54 3760 116 3797 reos
134 3743 168 3793 ab
185 3745 356 3793 eeclesiastico
374 3759 484 3807 corpore
502 3746 670 3798 destinarunt.

138 3826 161 3893 ⁸)
178 3823 223 3878 lta
238 3824 257 3878 b
271 3841 317 3891 θος
336 3823 369 3878 G'
384 3827 410 3879 a¹
429 3835 547 3894 spectata
564 3837 715 3894 provocent.
735 3834 857 3897 precedam
875 3830 913 3894 (πί
932 3827 995 3882 add.
1010 3831 1077 3895 jam)
1096 3834 1209 3882 caelesti.

56 3918 98 3967 12
139 3911 161 3976 ¹)
179 3908 210 3962 In
227 3909 260 3963 0¹
275 3912 301 3963 a¹
321 3909 450 3979 ampliori
470 3910 535 3964 llaic
556 3911 729 3982 inscriptioni
752 3911 863 3966 brevior
880 3912 936 3967 ista
956 3913 1160 3982 praemittiturr
1184 3919 1337 3968 Anastasius

57 4000 202 4063 Anpnrtas
220 4002 322 4048 emanti
337 3999 407 4048 urbis
425 3998 520 4049 Itomae
535 4016 585 4066 per
607 4001 790 4065 Theopompum
811 4009 836 4050 et
856 4000 1020 4051 Severianum
1041 4004 1095 4052 r'V
1109 4020 1147 4056 cc.
1164 4028 1196 4040 -
1215 4000 1233 4052 b
1246 4016 1281 4053 cc
1298 3999 1337 4052 in·

54 4077 261 4148 scriptionem,
287 4079 379 4135 nescio
403 4096 439 4135 an
461 4081 521 4136 sola
547 4081 654 4135 incuria
676 4082 811 4150 quadam,
833 4082 918 4151 paulo
940 4084 1096 4137 mutarunt:
1119 4088 1184 4152 lup.
1205 4088 1278 4141 Caes.
1297 4090 1336 4142 m.

55 4171 165 4221 Anast.
176 4168 246 4232 pius,
262 4169 342 4231 felix,
361 4172 450 4231 ructor,
468 4186 568 4234 semper
579 4178 711 4234 captatus.
731 4171 894 4222 Germanicus
905 4173 975 4228 incl„
995 4173 1152 4223 Atarnaurn'c.
1165 4175 1230 4227 incl..
1243 4173 1335 4226 Fruar.

54 4255 141 4311 incl,
161 4252 316 4304 Sarmaticus
333 4256 452 4317 inclutas,
469 4261 547 4318 puter
564 4255 679 4318 patriar.
697 4256 839 4305 cassidibus
857 4264 905 4307 etc.
932 4252 1019 4306 Porro
1031 4253 1192 4307 Anastasius
1211 4254 1335 4308 consula·

54 4338 130 4391 tum
147 4332 200 4401 Ill,
218 4351 308 4404 aquo
326 4352 385 4390 sese
403 4335 448 4390 hic
466 4336 604 4391 comulcm
622 4334 706 4389 tertio
724 4334 898 4403 ‹leuominat
913 4338 975 4405 jam
992 4339 1028 4393 ab
1047 4355 1120 4393 anno
1133 4343 1181 4392 50⁷
1200 4339 1333 4406 gesserat.

56 4422 225 4490 Imperator
242 4424 335 4475 autem
353 4437 427 4476 enno
444 4427 491 4476 491
512 4438 606 4476 mense
623 4420 711 4490 Aprili
736 4421 826 4475 lucrat
843 4423 1028 4492 renuntiatus,
1047 4423 1172 4491 adeoque
1190 4428 1335 4477 ur'tuur'ttae

53 4513 205 4579 potestatis
223 4510 306 4559 XXV
320 4526 402 4560 uanus
418 4522 474 4560 non
492 4522 510 4560 a
527 4522 629 4571 mense,
648 4520 703 4574 quo
720 4504 867 4575 imperium
885 4507 955 4575 iniit,
972 4509 1009 4562 ad
1027 4525 1149 4562 mensem
1167 4524 1223 4575 quo
1234 4508 1335 4562 scribe·

57 4593 134 4658 bat,
151 4591 200 4646 sed
218 4591 253 4646 ab
272 4607 344 4648 anno
362 4609 417 4660 quo
430 4594 540 4646 creatus
558 4592 611 4645 fuit
628 4590 792 4661 imperator,
811 4592 847 4648 ad
860 4610 961 4646 anmun
974 4610 1029 4661 quo
1042 4594 1110 4648 baec
1120 4593 1239 4662 epistola
1250 4593 1335 4647 missa

55 4680 123 4744 est,
142 4675 243 4731 abillo
261 4680 429 4733 numeratur.
