3450 5678
300 329 364 395 580
774 342 802 392 s.
819 341 960 390 currasn
982 338 1096 387 ranas

300 502 361 566 mis
384 501 424 564 ad
447 501 511 564 ima
533 498 616 561 male
640 498 776 561 confisus
792 497 859 580 ipse
879 496 1050 560 deciderat.
1081 493 1168 558 Hinc
1190 494 1247 557 illa
1268 493 1407 558 felicitas
1430 492 1577 577 paradisi

301 604 413 687 primis
435 601 617 665 hominibus
642 603 788 663 constare
811 623 876 663 non
900 601 1021 683 potuit,
1049 596 1126 661 hinc
1155 597 1211 661 illa
1232 597 1357 682 primae
1379 594 1578 660 conditionis

300 706 489 790 integritare,
524 702 667 767 domita
690 703 728 766 dc
752 726 784 766 se
807 702 892 784 fidit,
924 703 1089 784 tamquam
1111 699 1181 786 ipso
1209 699 1263 783 qui
1293 698 1481 763 condiderat
1509 719 1577 762 non

301 811 421 892 egeret,
446 829 503 870 nec
520 806 559 868 de
575 805 735 890 perceptis
758 805 827 890 agit
849 805 982 889 gratias,
1007 802 1090 887 quod
1112 823 1271 886 nusquam
1290 800 1405 866 lesisse
1419 822 1578 865 memora-

300 913 368 992 tur,
399 932 458 973 nec
480 909 519 972 de
542 907 768 972 conservandis
791 929 873 991 quae
901 909 1082 990 sumpserat
1108 904 1212 990 poscit
1240 904 1409 987 auxilium,
1444 926 1507 968 nec
1536 903 1577 967 ad

301 1035 372 1075 oum
396 1012 492 1075 etiam
519 1010 646 1094 pulsata
675 1010 844 1073 tentatoris
874 1031 1002 1073 accessu
1030 1008 1144 1072 devota
1173 1007 1335 1071 concurrit
1361 1011 1394 1070 et
1422 1006 1576 1085 consulit,

301 1136 438 1198 suaeque
461 1136 494 1175 se
518 1113 618 1176 credit
640 1112 771 1189 intas)
799 1134 953 1195 prospera
981 1110 1155 1192 voluntati,
1188 1109 1284 1173 facile
1315 1109 1386 1173 sine
1413 1107 1579 1193 pracsidio

237 1214 240 1220 ’
302 1215 461 1279 (treatoris
490 1214 595 1299 patuit
624 1214 801 1297 deceptoris
830 1214 970 1293 insidiis,
1007 1216 1039 1276 et
1067 1213 1101 1276 in
1128 1212 1438 1296 praevaricationem
1469 1214 1578 1275 tracta

302 1321 535 1402 consequenter
556 1316 662 1380 illiciti
670 1316 721 1401 ²3),
755 1316 971 1380 conditionem
994 1314 1155 1398 praefixae
1177 1314 1289 1379 mortis
1312 1314 1452 1397 invenit,
1482 1314 1578 1377 meri·

299 1424 396 1504 toque
418 1422 465 1482 est
490 1419 683 1503 competenti
699 1418 844 1501 subjecta
861 1418 1036 1481 vindictae:
1060 1417 1286 1502 quoniamnec
1302 1415 1450 1480 debonis
1467 1416 1577 1479 fuerat

301 1522 415 1586 devota
442 1522 637 1605 retinendis,
672 1544 731 1584 neo
760 1520 880 1583 malum
912 1522 1121 1604 praecaverat
1149 1524 1225 1584 ante
1251 1519 1469 1604 praedictum,
1499 1517 1576 1581 dum

299 1646 356 1707 per
378 1624 508 1707 majoris
536 1623 690 1686 anrbitrun
720 1623 903 1706 potestatis,
942 1622 1046 1686 Deum
1074 1645 1108 1686 se
1137 1622 1260 1686 scilieet
1287 1622 1355 1685 fore
1383 1621 1577 1705 *praesu-

301 1727 444 1790 mentis
451 1777 460 1810 ,
489 1728 597 1789 foveas
620 1724 746 1788 hostilis
768 1725 984 1807 persuasionis
1007 1725 1153 1789 incurrit.
1199 1724 1243 1787 llt
1264 1746 1361 1809 quae,
1391 1724 1419 1787 si
1442 1744 1502 1787 suo
1525 1744 1575 1785 or-

301 1828 375 1892 dine
396 1829 568 1891 mansisset
589 1831 683 1911 grata
704 1827 836 1909 factori,
865 1830 1056 1911 perpetuum
1083 1848 1226 1891 summae
1248 1825 1477 1890 commercium
1499 1823 1576 1889 Dei-

300 1933 378 1995 tatis
400 1917 556 2014 potuisset
579 1928 829 2013 apprehendere,
842 1932 1073 2014 ,competenter
1095 1929 1164 1993 sine
1187 1928 1295 1992 debito
1317 1950 1462 1992 summae
1485 1926 1576 1991 Diri-

301 2034 413 2096 nitatis
441 2032 547 2095 officio
576 2032 703 2115 copiosa
731 2031 942 2115 promissione
963 2032 1120 2096 frustrata
1128 2032 1179 2116 ²⁹),
1204 2030 1244 2095 ad
1267 2029 1484 2095 Divinitatcm
1506 2052 1573 2094 non

299 2134 406 2218 potuit
427 2135 604 2217 pervenire.
643 2132 696 2198 Sic
719 2156 795 2219 ergo
818 2135 887 2198 siae
910 2133 994 2197 illins
1016 2133 1204 2219 principalis
1221 2155 1257 2197 ac
1273 2155 1415 2197 summae
1436 2132 1576 2197 rationis

301 2236 432 2318 affectu,
471 2258 550 2319 quac
579 2237 613 2299 in
643 2236 736 2299 bonis
765 2258 891 2320 semper
919 2236 1096 2301 retinendis
1130 2234 1361 2320 contrariisque
1389 2234 1575 2300 refutandis

301 2338 491 2401 intemerata
515 2339 672 2421 persistit,
697 2339 751 2422 (ad
776 2340 865 2421 cujus
887 2341 995 2424 utique
1018 2337 1261 2403 similitudinem
1280 2336 1491 2421 rationalem)
1506 2338 1574 2403 fue·

300 2442 352 2502 rat
379 2439 498 2502 animal
527 2441 726 2523 institutum,
759 2444 795 2503 ut
822 2464 859 2505 ea
887 2464 945 2526 pro
974 2464 1030 2505 suo
1060 2440 1187 2504 modulo
1216 2441 1367 2525 congruis
1389 2440 1575 2505 actionibus

300 2542 470 2623 imitando,
505 2542 665 2627 ipsiusque
689 2543 844 2606 servando
872 2544 1084 2608 reverentiam
1113 2542 1396 2627 subsequendoque
1417 2542 1573 2629 gratiam,

299 2648 335 2706 nt
349 2666 422 2707 rere
444 2643 619 2708 similitudo
636 2645 704 2727 ojus
720 2649 752 2708 et
768 2646 875 2730 imago
891 2649 1094 2729 permaneret
1109 2645 1255 2709 obtinere
1275 2645 1444 2730 potuisset,
1468 2644 1573 2709 lieret

300 2770 361 2830 que
383 2746 510 2810 divinae
533 2746 667 2809 rationis
690 2750 853 2833 tamquam
876 2771 952 2812 suae
974 2749 1119 2833 parentis
1147 2751 1179 2811 ct
1207 2747 1346 2811 auctoris
1373 2746 1477 2833 digna
1499 2770 1574 2813 eon·

299 2850 407 2932 sortio,
432 2852 465 2912 et
487 2871 544 2932 per
567 2848 644 2912 lracc
668 2849 876 2914 nihilominus
899 2854 1011 2934 utpote
1033 2851 1195 2935 particeps
1217 2849 1422 2915 aeternitatis
1438 2852 1574 2915 aeterna

147 2958 185 3011 tf.
199 2965 224 3011 ar
237 2982 286 3028 qua
300 2954 490 3033 corrstaretl:
515 2952 590 3013 dum
612 2974 669 3014 sua
691 2952 812 3036 *quae
836 2955 943 3017 creata
965 2953 1070 3016 fuerat
1092 2952 1252 3038 dignitate
1275 2951 1424 3035 confidit,
1448 2952 1574 3038 sibique

300 3076 333 3116 se
355 3057 449 3136 putat
470 3053 504 3116 in
528 3076 564 3116 co
587 3054 669 3137 qnod
692 3059 761 3118 erat
783 3056 871 3119 facta
893 3056 1069 3139 subjacere,
1094 3077 1153 3119 nec
1175 3054 1306 3119 subdita'
1323 3058 1500 3119 veneratur
1520 3054 1573 3119 de

300 3155 427 3219 votione
449 3155 621 3238 factorem3
651 3159 684 3218 ct
706 3157 747 3220 ab
769 3157 854 3221 illius
878 3157 1126 3242 participatione
1148 3157 1309 3240 discessit,
1340 3159 1374 3221 et
1400 3156 1437 3222 in
1466 3160 1573 3243 seipsa

299 3258 368 3321 sine
391 3257 456 3339 illo,
481 3258 514 3320 in
537 3280 598 3342 quo
621 3258 760 3321 habebat
784 3259 956 3323 subsistere
978 3281 1081 3343 posse,
1105 3282 1171 3323 non
1194 3258 1350 3324 constitit.
1391 3260 1505 3345 Atque
1525 3260 1572 3325 ita

299 3360 443 3423 ordinem
466 3360 629 3444 legitimae
652 3361 915 3425 rationabilitatis
938 3361 1111 3444 excedens,
1142 3362 1177 3425 in
1201 3360 1496 3427 irrationabilitatis
1518 3362 1571 3427 ab

299 3466 428 3544 ruptum
451 3485 507 3546 por
530 3463 839 3527 rorisinrilitmlinem
862 3464 1128 3546 ratiocinationis,
1152 3485 1215 3547 qua
1229 3463 1333 3527 Deum
1354 3485 1389 3527 se
1411 3464 1482 3529 lieri
1506 3486 1571 3529 cre

299 3562 411 3645 debat,
436 3565 574 3628 abducta
597 3570 659 3647 cst,
694 3570 726 3629 ct
747 3565 832 3629 illius
855 3566 1051 3650 privatione,
1081 3588 1162 3650 quae
1185 3565 1382 3650 sempiterna
1411 3566 1481 3631 vita
1510 3570 1570 3651 est,

299 3665 332 3727 in
360 3666 454 3729 istam
482 3667 610 3749 recidit,
644 3690 725 3752 quae
753 3668 822 3731 sinc
849 3670 940 3732 fonto
969 3669 1053 3732 vitae
1081 3669 1181 3732 vitam
1213 3671 1402 3753 perpetuam
1430 3668 1591 3735 retinere-

300 3788 362 3830 norr
386 3774 503 3851 posset.

383 3869 412 3933 9.
448 3872 598 3945 Quarnris
621 3894 697 3957 orgo
720 3894 777 3955 pro
800 3872 849 3936 his
872 3873 1182 3959 transgressionibus
1204 3873 1304 3960 digna
1318 3872 1420 3937 fuerit
1433 3873 1600 3955 ultione,

293 3971 400 4053 justus
416 3976 523 4038 tamen
542 3975 661 4039 arbiter
676 3974 760 4038 llens
784 3976 829 4039 sic
853 3976 947 4039 istam
971 3979 1151 4040 creaturam
1165 3976 1349 4060 propositae
1363 3975 1449 4061 legis
1463 3978 1620 4065 aequi*

297 4078 365 4138 tate
389 4076 552 4160 corripuit,
577 4078 657 4163 ⁰t³¹2l
680 4100 760 4161 qum·
784 4078 926 4141 divinam
949 4078 1037 4162 sequi
1061 4078 1224 4142 tramitem
1247 4079 1332 4142 inter
1346 4076 1458 4143 felicia
1479 4080 1619 4145 lasti-

159 1594 196 1646 *ti
210 1614 286 1662 prue-

173 1682 271 1715 sumens·

363 4316 396 4381 ”q
415 4316 448 4365 (3¹
469 4320 535 4367 inter·
551 4336 703 4382 prosperam
721 4323 865 4370 uolaalalr's.

362 4400 395 4466 ἠ
415 4398 472 4451 llor-
491 4402 545 4451 ost:
565 4399 592 4451 in
612 4399 639 4450 id
659 4403 761 4465 tracta,
787 4404 816 4454 ut
834 4401 907 4468 quod
927 4400 1051 4455 illicitum
1071 4418 1103 4455 ac
1122 4400 1240 4455 rot-itum
1257 4404 1319 4455 erat
1337 4402 1519 4459 committens
1541 4404 1594 4458 in

296 4483 564 4551 1tractaricatioman
585 4485 745 4538 incurrorct.

362 4572 395 4637 ²⁹)
414 4568 486 4621 llditi
506 4576 625 4629 lassam,
648 4570 693 4622 ubi
713 4574 905 4645 (vsrasrrara.
925 4571 999 4639 quod
1015 4572 1075 4640 jam
1094 4574 1122 4626 a³
1139 4590 1191 4642 pro
1210 4589 1275 4626 vcro
1293 4573 1476 4643 corrjcctarat

362 4656 395 4721 ³⁰)
416 4654 456 4707 lla
475 4654 518 4707 (i'.
548 4653 600 4706 :llil
619 4661 727 4710 ratione.
757 4656 863 4709 Doimle
883 4656 916 4707 (1¹
935 4661 1077 4724 sulficere,
1096 4656 1144 4711 ubi
1162 4656 1231 4711 editi
1246 4662 1393 4726 srrbjumc.

361 4739 394 4805 ⁸¹)
415 4738 456 4791 lla
474 4741 517 4790 w.
550 4738 603 4791 dlii
621 4751 659 4799 at,
679 4741 707 4791 ct
725 4744 823 4808 postca
841 4748 942 4798 dian'm‘l.
980 4747 992 4795 I
998 4747 1021 4796 Ἰ.
1048 4742 1125 4797 Haeo
1142 4743 1236 4812 pot-ius
1253 4742 1393 4813 particula
1410 4756 1438 4799 at
1455 4744 1571 4801 demum

295 4821 463 4887 pracrrrissae
485 4831 522 4877 sd·
547 4824 702 4891 respondet.
742 4826 769 4877 ln
793 4828 972 4893 sapientibus
995 4829 1088 4883 autern
1113 4826 1233 4895 haesito,
1257 4845 1324 4883 num
1346 4828 1454 4883 scilieet
1476 4830 1525 4883 illa
1540 4836 1566 4881 e!

294 4917 417 4973 normanna
434 4914 549 4961 solatiam
571 4938 600 4947 --
617 4920 736 4963 eoas-rare
757 4918 882 4977 potuisse!
901 4912 935 4966 ml
954 4912 1110 4979 subjectum
1130 4918 1242 4982 potior-ts
1258 4924 1397 4969 creaturae
1415 4918 1493 4985 (quae
1509 4920 1562 4983 sre-
