3450 5678
239 308 304 372 400
718 320 745 367 s.
761 318 901 366 ouuasu
923 317 1038 363 raras

132 493 226 542 anea
240 480 371 563 propter
393 475 520 562 satis⁸⁵y
544 475 680 556 constat,
706 473 860 536 Acacium
882 472 1005 536 nullum
1028 470 1178 535 habuisse
1201 455 1416 554 pontificium,
1446 492 1521 535 sen-

240 580 377 644 tentiam
406 578 489 642 sedis
518 576 713 661 apostolicae
746 577 816 639 sine
847 576 911 639 ulla
938 575 1007 658 e‘jus
1029 573 1160 638 notione
1182 573 1337 638 solvendi.
1393 572 1522 638 Dicant

241 686 345 747 certe:
368 704 430 766 qua
454 679 574 764 synodo
596 678 657 741 hoc
679 678 733 742 ille
756 678 981 762 praesumpsit,
1005 677 1088 761 quod
1104 697 1164 740 nec
1181 675 1371 760 sicquidem
1394 675 1522 762 absque

241 784 416 870 apostoliea
440 782 512 847 sede
534 783 584 845 fas
607 780 739 844 haberet
762 779 913 844 efficere?
950 778 1049 863 Cujus
1076 779 1159 843 sedis
1188 779 1378 863 episcopus?
1417 778 1522 863 Cujus

240 886 505 970 metropolitanae
543 883 683 948 civitatis
721 882 879 947 antistes?
939 880 1055 945 Nonne
1092 881 1257 965 paroeciae
1294 880 1521 947 Heracliensis

241 987 417 1053 ecclesiae?
468 987 501 1052 si
530 986 578 1050 illi
607 990 693 1050 certe
726 985 818 1049 licuit
845 984 914 1048 sine
941 983 1062 1068 synodo
1090 984 1284 1048 sententiam
1318 985 1521 1070 apostolicae

240 1092 323 1154 sedis
347 1091 536 1175 abrumpere
558 1089 647 1153 nulla
675 1087 743 1171 ejus
773 1087 1007 1152 consultatione
1029 1086 1190 1171 quaesita,
1228 1086 1316 1151 itane
1345 1108 1423 1151 vero
1450 1109 1521 1152 non

241 1193 333 1258 licuit
354 1193 477 1276 primae
499 1193 577 1276 sedi,
603 1189 873 1255 (lalehedonensis
895 1190 1006 1273 synodi
1032 1189 1207 1254 constituta
1230 1190 1314 1254 sieut
1331 1189 1443 1255 decuit
1464 1212 1519 1256 ex·

240 1295 398 1379 sequenti,
421 1294 602 1378 hujusmodi
627 1294 914 1377 praevaricatorem
937 1315 994 1356 sua
1017 1291 1206 1356 auctoritate
1221 1291 1417 1357 detrudere?
1454 1292 1520 1359 Sed

241 1419 300 1461 nec
322 1398 378 1461 illa
401 1397 621 1481 praeterimus,
645 1396 739 1480 quod‘
752 1395 926 1479 apostolica
942 1394 1031 1458 sedes
1046 1395 1240 1479 frequenter,
1264 1399 1301 1460 ut
1315 1395 1439 1461 dictum
1455 1399 1518 1480 est,

241 1522 328 1564 more
356 1501 512 1584 majorum
541 1499 639 1563 ctiam
666 1499 735 1562 sine
765 1497 829 1561 ulla
857 1498 978 1582 synodo
1005 1497 1217 1582 praecedente
1252 1501 1285 1562 et
1312 1498 1517 1582 absolvendi,

240 1626 318 1687 quos
334 1603 472 1687 synodus
488 1603 596 1687 inique
612 1603 830 1684 damnaverat,
845 1604 878 1664 et
892 1600 1066 1665 damnandi
1081 1601 1171 1665 nulla
1186 1601 1362 1666 exsistente
1377 1602 1518 1686 synodo,

240 1728 319 1790 quos
341 1706 492 1789 oportuit,
516 1705 665 1769 habuerit
687 1704 884 1768 facultatem.
920 1705 1058 1768 Sanctae
1081 1704 1252 1767 memoriae
1275 1704 1396 1789 quippe
1412 1691 1519 1771 Attia·

241 1808 366 1873 nasium
388 1808 527 1892 synodus
550 1806 724 1871 Orientalia
748 1805 929 1889 addixerat,
964 1828 1058 1889 quem
1087 1809 1194 1871 tamen
1224 1809 1395 1893 erceptum
1423 1807 1519 1873 sedes

241 1911 427 1996 apostolica,
452 1911 526 1995 quia
548 1910 747 1973 damnationi
764 1909 959 1974 Graecorum
975 1931 1039 1972 non
1057 1910 1229 1993 consensit,
1253 1896 1402 1974 absolvit.
1434 1910 1519 1976 San·

242 2016 312 2077 ctae
335 2014 505 2077 memoriae
528 2012 734 2076 nihilominus
754 2010 937 2076 Johanuem
954 2012 1350 2097 Constantinopolitanum
1371 2013 1519 2097 synodus

241 2115 337 2179 etiam
367 2116 595 2180 catholicorum
627 2114 809 2198 praesulum
837 2118 922 2178 certe
951 2114 1135 2197 damnarat,
1171 2137 1265 2200 quem
1293 2115 1393 2180 simili
1420 2116 1519 2182 modo

241 2218 331 2282 sedes
355 2218 531 2302 apostolica
547 2217 693 2301 etiam⁴⁶l
716 2217 794 2300 sola,
819 2218 973 2302 quianon
991 2218 1162 2300 consensit,
1187 2217 1334 2282 absolvit.
1365 2217 1518 2304 Itemque

241 2325 372 2385 sanetae
401 2321 573 2384 memoriae
601 2320 789 2384 Flavianum
822 2320 1009 2404 pontificum
1032 2313 1290 2404 ‘congregatione
1324 2320 1517 2387 damnatum

240 2424 310 2507 pari
334 2427 455 2506 tenore,
485 2424 635 2508 quomam
658 2424 725 2487 sola
748 2424 837 2489 sedes
861 2423 1035 2506 apostolica
1064 2445 1129 2487 non
1157 2423 1330 2507 consensit,
1361 2424 1514 2509 absolvit,

242 2526 419 2610 potiusque,
443 2527 496 2610 qui
519 2526 586 2588 illie
609 2530 755 2610 receptus
777 2526 894 2608 fuerat,
920 2525 1106 2589 Dioscorum
1132 2525 1291 2591 see-undae
1313 2526 1399 2592 sedis
1420 2548 1515 2613 prae·

240 2627 340 2691 sulem
363 2650 420 2691 sua
447 2629 638 2692 auctoritate
665 2629 845 2710 damnavit,
880 2632 913 2691 et
940 2616 1070 2712 ilnpianr
1098 2629 1253 2713 synodum
1280 2651 1345 2694 nou
1378 2652 1515 2696 consen·

240 2730 349 2793 tiendo
372 2731 540 2814 submovit,
571 2753 608 2794 ae
631 2753 688 2814 pro
712 2731 856 2812 veritate,
887 2733 922 2795 ut
951 2731 1090 2814 synodus
1114 2731 1385 2797 llslelredonensis
1407 2734 1513 2817 lieret,

240 2832 307 2896 sola
329 2832 479 2897 decrevit.
530 2833 566 2896 ln
590 2855 653 2916 qua
675 2834 880 2917 pontificibus
903 2835 1088 2917 innumeris,
1119 2834 1172 2918 qui
1195 2834 1366 2898 latrocinio
1387 2856 1515 2902 corrue-

240 2940 315 2999 rant
339 2935 512 3018 Ephesiuo,
539 2936 662 3001 veniam
686 2937 890 3020 poscentibus
913 2937 980 3000 sola
1003 2936 1170 3021 concessit,
1194 2938 1227 3000 et
1249 2936 1282 3000 in
1303 2959 1362 3001 sua
1377 2938 1515 3023 perfidis

241 3043 465 3122 permanentes
493 3037 701 3102 nibilominus
730 3063 787 3102 sua
809 3040 1000 3103 auctoritate
1023 3039 1204 3123 prostravit.
1250 3037 1359 3116 Quaru'
1377 3062 1513 3128 congre

240 3142 343 3225 gatio,
370 3164 450 3225 quae
473 3141 538 3204 illie
561 3163 619 3225 pro
642 3141 776 3205 veritate
798 3142 978 3225 reparanda
1006 3135 1139 3205 collecta
1161 3143 1277 3225 fuerat,
1306 3147 1357 3209 est
1383 3150 1512 3211 secuta:

240 3244 390 3327 quoniam
413 3244 496 3307 sicut
518 3244 568 3327 id,
590 3244 680 3328 ,quod
709 3245 813 3328 prium
835 3244 924 3308 sedes
948 3267 1012 3307 non
1036 3244 1237 3329 probaverat,
1272 3249 1422 3311 constare
1445 3270 1513 3313 non

240 3347 354 3430 potuit,
379 3347 425 3410 sic
447 3346 530 3430 rpuod
552 3345 609 3409 illa
632 3347 757 3411 censuit
774 3346 995 3431 judicandum,
1020 3346 1165 3412 Ecclesia
1187 3351 1256 3413 tota
1278 3351 1432 3435 suscepit.

323 3452 354 3513 6.
394 3449 455 3513 Ubi
479 3451 576 3514 etiam
599 3454 830 3534 consequenter
852 3449 1046 3533 ostenditur,
1079 3451 1154 3534 quia
1180 3450 1265 3515 male
1292 3456 1388 3537 gesta
1416 3476 1513 3539 syno-

239 3548 313 3633 dus,
343 3551 374 3613 id
403 3555 466 3634 ost,
499 3556 612 3617 contra
635 3553 817 3635 Scripturas
845 3556 989 3633 smretus,
1025 3556 1137 3616 eontra
1165 3553 1344 3618 doctrinam
1367 3560 1511 3639 petrum,

240 3658 351 3717 eontra
374 3654 607 3718 ecclesiasticas
629 3655 768 3735 regulas,
793 3676 887 3737 quam
910 3658 979 3717 toto
997 3656 1113 3718 merito
1129 3653 1275 3719 Ecclesia
1296 3678 1363 3721 non
1387 3658 1514 3745 recepit

239 3759 271 3818 et
293 3757 463 3840 praecipue
486 3757 575 3820 sedes
598 3756 774 3840 apostolica
797 3778 863 3820 non
886 3758 1048 3841 probavit,
1079 3779 1136 3841 per
1164 3759 1244 3822 bene
1266 3760 1393 3843 gestam
1415 3782 1513 3846 syno-

239 3856 329 3942 dum,
358 3858 391 3922 id
419 3862 482 3943 est,
513 3859 687 3924 secuudrmr
708 3857 890 3945 Scripturas
918 3863 1063 3946 sanetas,
1094 3859 1268 3926 secundum
1298 3861 1513 3929 traditionem

304 4134 336 4203 ⁴³)
355 4133 398 4189 lta
420 4133 454 4188 Ο*
473 4132 507 4200 Q*
524 4134 559 4201 Q*
582 4153 644 4190 eum
667 4155 731 4195 mss.
751 4138 821 4192 1)Ο1
836 4132 920 4193 o²N³
937 4134 1073 4194 brevioris
1094 4141 1209 4196 formae.
1249 4134 1326 4196 said
1347 4158 1425 4214 pm
1445 4146 1515 4203 uls

236 4227 334 4275 eonem
403 4226 529 4275 scatentia
550 4227 620 4276 redte
642 4229 799 4292 apostolicae
818 4230 959 4279 clamantum
976 4231 1032 4280 cine
1050 4265 1099 4294 ...,
1118 4232 1207 4283 dicant
1230 4237 1301 4282 certe
1374 4244 1514 4298 praem

232 4312 326 4375 prere.
358 4303 410 4361 lete
429 4312 562 4362 ‹lomnuboe
580 4307 693 4377 quidem
711 4308 809 4364 Petrus
828 4308 946 4380 Mergus
964 4309 1110 4367 diceretur.
1142 4310 1249 4367 Deinde
1267 4312 1300 4377 Ψ
1320 4308 1512 4384 mennam·

236 4397 300 4447 llcoe
317 4394 374 4446 serti
388 4396 541 4462 frequenter
558 4399 651 4449 dictum
669 4405 708 4450 est
726 4398 759 4464 (c.
780 4398 794 4449 7
813 4395 850 4450 ad
867 4410 955 4466 marg.
976 4403 1061 4451 datam
1079 4402 1137 4466 est).

303 4480 335 4545 ⁴⁶)
354 4477 385 4531 ln
403 4476 436 4531 G¹
457 4475 534 4531 deest
552 4485 626 4533 edam
643 4487 706 4535 sola.
734 4480 799 4534 Mox
818 4480 851 4535 0¹
865 4481 900 4536 0²
913 4498 975 4535 cum
987 4483 1193 4553 exemplaribus
1206 4484 1282 4538 brev.
1297 4484 1381 4539 torm.
1392 4498 1513 4543 rema

237 4565 381 4618 ilarionum
401 4569 546 4633 pontificum
569 4566 641 4632 (00¹
664 4569 819 4636 pontificem)
843 4572 997 4623 Graecorum
1077 4575 1134 4625 sole
1154 4574 1283 4625 subruerit.
1316 4569 1514 4627 Hieronem

236 4646 382 4703 coueilirmr
394 4666 443 4703 seu
460 4645 635 4703 latrocinium
647 4650 830 4721 Ephesinum,
851 4654 928 4722 eujus
942 4654 1067 4723 adeoque
1080 4655 1206 4709 Flauiani
1218 4654 1392 4710 danmationi
1411 4658 1513 4727 palam

235 4734 451 4789 intercesserunt
472 4734 641 4805 apostolicae
664 4737 737 4791 sedis
758 4737 853 4805 legati.
891 4740 920 4793 ln
938 4739 983 4806 iis,
1006 4756 1077 4809 quae
1095 4758 1159 4795 mox
1177 4742 1343 4810 sequuntur,
1366 4742 1513 4813 perdens

235 4820 293 4873 lere
312 4820 453 4876 columnus
473 4820 681 4876 indeavcrbis
700 4828 799 4894 laquo
818 4824 959 4893 usquead
981 4842 1007 4879 n.
1027 4831 1042 4879 7
1065 4831 1141 4882 nicar
1163 4847 1225 4898 erpo
1246 4826 1276 4881 in
1298 4824 1512 4897 exemplaribus

236 4905 370 4960 brev-ioris
387 4907 493 4963 fernme
512 4926 556 4964 res
573 4908 733 4964 summatim
751 4912 861 4966 aaran
878 4909 1113 4980 constringuntur.
