3412 5664
515 341 708 388 EPlSTOLAn
731 331 749 388 5
773 324 960 388 serenari.
1307 328 1368 392 681

191 516 316 559 nussam
343 494 542 577 dimiseritiS,
578 495 660 558 datis
689 495 867 579 exemplum
889 495 1105 560 sacerdotibus
1128 497 1257 560 omnino
1285 500 1368 562 male
1381 523 1407 562 a.
1417 511 1474 563 501.

191 597 327 662 ersendi.
374 596 463 661 Haec
485 621 581 682 quum
603 599 732 680 diceret,
757 598 802 661 iia
824 598 990 681 proposuit
1012 598 1264 663 similitudinem.
1302 601 1368 665 Ali-

191 699 278 786 doe,
302 699 418 784 Aspari
441 722 460 763 a
482 704 594 764 senatu
618 700 797 783 dicebatur,
821 704 857 764 ut
877 700 946 784 ipse
967 701 1059 764 lieret
1080 701 1263 786 imperator.
1309 702 1370 779 Qui

191 802 330 866 refertur
352 802 475 869 dedisse
497 824 699 887 responsum:
731 807 847 885 Timeo,
876 824 914 865 ac
931 824 989 882 per
1016 805 1110 889 nieffi)
1133 812 1315 870 consuetudo
1338 813 1370 871 is

191 933 195 959 ι
232 916 390 970 nascatur.
442 903 494 968 Ita
526 903 597 968 dieo
632 908 664 967 et
696 905 804 988 mode,
843 928 883 969 ne
912 905 1094 969 irascantur
1125 907 1230 970 sancti
1262 910 1370 990 patres

191 1007 224 1072 i:
247 1029 289 1072 ne
311 1029 369 1092 per
390 1029 459 1090 eos,
489 1029 585 1091 quum
608 1029 672 1070 non
695 1006 902 1071 discusserint
924 1008 956 1070 et
978 1007 1023 1070 ita
1041 1007 1272 1091 judicaverint,
1297 1031 1370 1073 con-

191 1109 241 1174 ssdo
263 1109 417 1195 peccandi
440 1109 586 1173 omnibus
609 1108 826 1172 sacerdotibus
854 1109 1046 1193 generaliter
1056 1109 1093 1194 1η)
1121 1110 1189 1173 fiat.
1238 1109 1320 1175 Item
1343 1113 1371 1175 si

192 1212 314 1296 rint²⁰)
338 1212 495 1276 discutere
518 1233 656 1293 causam,
680 1214 715 1274 ut
732 1233 861 1275 securus
877 1212 1068 1297 egrediatur,
1093 1212 1282 1297 Arigernus,
1307 1213 1370 1277 Gu-

191 1317 226 1377 et
248 1312 451 1398 Bedeulphus
473 1316 675 1378 sacramenta
697 1313 727 1376 ei
749 1314 969 1397 praestabunt.
1009 1313 1105 1394 De²¹l
1128 1336 1203 1378 area
1224 1336 1298 1379 vero
1321 1316 1369 1380 vel

191 1436 260 1480 ›mo
282 1416 508 1495 Lateranensi,
537 1418 632 1499 prout
655 1415 834 1499 judicatum
861 1416 974 1498 fuerit,
1008 1415 1108 1479 eidem
1137 1417 1274 1500 synodus
1302 1418 1369 1480 red-

191 1519 221 1601 ).
245 1518 294 1582 De
316 1517 468 1600 vindicta,
493 1540 573 1603 quae
589 1522 721 1602 sperant
735 1522 808 1604 post
823 1518 1062 1601 discussionem,
1086 1518 1113 1581 si
1134 1519 1179 1583 eis
1201 1519 1368 1603 placuerit,
1395 1564 1398 1569 -

191 1621 251 1705 [psi
279 1620 458 1704 vindicent,
498 1624 553 1684 ant
583 1643 641 1685 nos
668 1621 871 1705 deputemus,
909 1621 963 1705 qui
996 1620 1122 1706 legibus
1156 1624 1370 1706 exsequantur

191 1743 228 1786 .s.

205 2015 236 2067 et
258 2013 294 2067 ab
316 2012 350 2066 iis
372 2030 402 2068 re
424 2013 486 2083 ipsa
509 1990 649 2082 objectirm
672 2028 730 2068 esse
754 2012 894 2067 Ennodius
916 2014 1007 2073 notat.
1031 2030 1064 2067 ex
1086 2012 1245 2082 hujusmodi
1263 2014 1370 2082 jndicio

191 2096 214 2159 i,
232 2102 329 2153 dentum
347 2106 449 2154 Petrum
467 2120 483 2152 a
502 2104 607 2153 llomino
624 2120 677 2152 enm
694 2104 764 2153 sedis
780 2105 920 2168 privilepiis
941 2105 980 2152 vel
996 2119 1156 2154 successores
1174 2104 1230 2164 ejus
1248 2107 1373 2168 peccandi

191 2202 233 2236 om
249 2190 400 2252 suscepisse.
432 2183 511 2248 Quod
524 2184 636 2237 Petrum
654 2183 809 2252 apostolum
829 2201 889 2237 cnm
907 2182 969 2238 aliis
988 2184 1126 2253 discipulis
1144 2183 1257 2238 minime
1276 2184 1370 2238 obteri·
1409 2170 1412 2177 ’

195 2267 296 2322 Petrus
318 2267 447 2323 Damiani
468 2268 543 2322 libl
568 2268 649 2336 epist.
664 2274 694 2321 12
718 2268 764 2321 ubi
787 2269 959 2334 observavit,
986 2269 1021 2323 ad
1048 2269 1191 2339 episcopos
1214 2286 1370 2335 conversus,

201 2352 302 2424 inquis,
320 2365 392 2408 teme
409 2358 538 2422 superbie,
558 2364 583 2405 nt
602 2359 677 2406 liceat
695 2359 840 2421 episcopum
855 2374 905 2422 per
920 2359 964 2421 sos
981 2366 1006 2407 et
1018 2360 1092 2421 nefas
1104 2361 1140 2409 ed
1149 2351 1275 2424 propriae
1287 2362 1371 2409 volun-

191 2444 315 2494 rrbiirium
333 2445 428 2502 eiicere,
456 2450 480 2492 et
503 2444 571 2509 quod
591 2443 730 2491 insolenter
747 2458 877 2492 secessum
900 2450 950 2502 est,
980 2459 996 2491 o
1017 2443 1124 2492 sudditis
1145 2446 1199 2493 suis
1221 2445 1371 2509 dedignetur

191 2530 213 2576 ·.¹
239 2524 294 2579 Ubi
311 2527 421 2579 sanctus
438 2523 485 2579 illo
502 2523 544 2578 vir
563 2522 598 2577 ab
617 2539 649 2576 eo
666 2524 765 2591 procul
783 2523 865 2577 inisse
884 2541 913 2578 se
932 2523 1065 2589 ostendit,
1084 2523 1157 2591 quod
1170 2523 1291 2578 isidorus
1300 2524 1371 2578 Mer-

201 2610 305 2680 panim
322 2610 462 2675 recantat,
480 2622 507 2662 ee
523 2621 651 2678 pastorem
668 2629 737 2662 seeum
756 2629 821 2666 oves.
840 2630 905 2679 qnae
922 2613 972 2663 sibi
988 2615 1131 2663 cometissae
1147 2614 1260 2676 sueram,
1280 2630 1369 2677 repre-

191 2713 220 2749 re
237 2716 286 2751 non
305 2701 425 2761 audeant.

191 2780 208 2843 ³)
225 2784 250 2834 0⁹
267 2782 425 2835 transverso
443 2779 540 2834 ordine
563 2785 700 2848 aliqnando
723 2791 749 2832 ul
771 2785 826 2848 ipse
845 2786 920 2847 fleret
944 2786 1094 2848 imperator,
1122 2786 1222 2847 Aspari
1243 2800 1260 2833 e
1281 2794 1371 2834 senata

191 2875 247 2918 itur.
282 2866 359 2919 K¹²b
378 2870 494 2934 Aspersa
512 2866 624 2931 vocant,
649 2864 747 2918 eodem
771 2864 871 2919 mendo
890 2863 1010 2918 librariis
1029 2863 1159 2918 familiari
1176 2863 1299 2918 litteram
1316 2865 1371 2934 pri-

202 2949 340 3020 sequentis
358 2951 431 3004 vocis
449 2949 608 3019 geminante
627 2952 656 3002 et
673 2949 850 3003 antecedenti
867 2948 995 3003 addente.
1025 2948 1101 3003 Idem
1120 2951 1210 3019 Aspar
1228 2949 1370 3003 aMarcel·

192 3036 287 3090 comite
309 3042 404 3104 primus
424 3042 591 3104 patriciorum
613 3035 778 3104 appellatur.
817 3034 894 3088 Idem
917 3050 989 3087 anno
1008 3040 1055 3087 471
1085 3051 1146 3087 cum
1170 3033 1316 3088 Ardabure
1343 3036 1372 3088 et

191 3120 257 3175 siolo
275 3121 345 3186 filiis,
363 3120 410 3175 illo
429 3120 541 3189 quidem
559 3120 624 3172 olim
643 3118 769 3189 patricio,
787 3119 840 3173 hoc
858 3121 950 3172 autem
964 3119 1081 3173 Caesare
1100 3136 1258 3188 generoque
1270 3119 1371 3174 Leonis

191 3205 227 3258 nti
243 3207 409 3276 nuncupato,
428 3205 545 3259 Arianus
563 3223 624 3259 cum
636 3205 740 3259 Ariana
756 3204 835 3274 prole
853 3204 1007 3273 spadonum
1026 3204 1135 3258 ensibus
1153 3204 1181 3258 in
1193 3205 1298 3274 palatio
1315 3206 1371 3259 vul-

191 3292 234 3358 tus,
251 3291 337 3362 ipsius
355 3290 454 3345 Leonis
471 3289 647 3361 imperatoris
662 3290 741 3359 jussu
759 3288 873 3356 interiit,
896 3292 927 3342 ut
943 3288 1018 3343 idem
1035 3289 1211 3344 Marcellinus
1230 3307 1262 3344 ac
1274 3290 1371 3345 Victor

191 3377 281 3431 nensis
299 3376 423 3431 tradunt.

193 3462 405 3529 ¹)1ta131de.
442 3463 480 3515 At
497 3463 522 3515 cl
540 3460 603 3515 add.
622 3467 757 3529 peccandi.
793 3460 893 3515 Moxb
917 3471 943 3514 ni
961 3464 1046 3526 modo,
1066 3462 1095 3514 ct
1112 3460 1211 3515 deindo
1230 3462 1319 3515 K¹²a³
1340 3483 1371 3516 ne

191 3560 280 3609 eantur.
300 3547 348 3602 ubi
366 3548 397 3600 Β1
412 3547 430 3600 b
444 3550 469 3600 o⁹
488 3568 519 3600 ne
537 3553 690 3600 irascantur.

191 3636 210 3701 ⁹)
227 3633 304 3687 K¹²b
320 3638 476 3701 penereliier
494 3631 595 3686 omisso
610 3639 657 3699 fiel
676 3632 717 3700 (ΒΙ
733 3635 781 3700 cl),
803 3633 876 3687 unde
895 3634 912 3686 b
932 3631 968 3687 ad
985 3649 1073 3702 marg.
1094 3649 1156 3686 cum
1174 3633 1208 3685 F*d
1224 3644 1370 3701 peneremr.

191 3722 211 3786 ⁰)
229 3723 253 3773 θ’
270 3723 384 3775 voluerit.
402 3734 520 3786 moxque
538 3717 556 3771 b
570 3721 595 3771 c³
608 3735 664 3786 seq.
678 3723 834 3787 Ariperisns,
853 3717 900 3771 ubi
917 3718 949 3771 Β1
963 3718 1010 3771 ΚΙΙ
1023 3721 1049 3772 cl
1062 3725 1204 3787 desperans
1222 3718 1267 3785 (pe
1280 3723 1371 3773 Arier-

191 3803 219 3858 sl
238 3808 394 3872 Alipernns).
431 3804 521 3857 Antea
540 3802 586 3856 ubi
605 3803 705 3857 dieitur
723 3816 749 3857 ut
766 3823 871 3858 securas
889 3809 1043 3872 epreeiumr,
1062 3802 1281 3858 subaudiendum
1300 3808 1371 3874 Sym-

191 3909 221 3951 a,
248 3890 292 3944 eni
310 3906 359 3944 rex
375 3889 483 3958 legatos
506 3904 588 3958 opem
611 3892 639 3944 et
661 3889 792 3943 auxilium
810 3888 947 3955 conferre,
972 3907 1026 3957 qno
1049 3889 1086 3944 ad
1104 3888 1250 3944 concilium
1267 3888 1322 3943 iret
1339 3907 1372 3944 ae

191 3977 215 4031 et
229 3992 349 4041 securus,
367 3974 403 4027 ad
419 3973 503 4041 idque
521 3990 580 4027 sese
599 3976 772 4028 sacramento
791 3973 917 4043 obligare
935 3975 1031 4028 voluit.
1067 3975 1125 4029 Nec
1143 3974 1199 4029 alia
1216 3992 1313 4042 causa,
1335 3976 1371 4030 ob

191 4106 193 4112 ,
210 4059 298 4129 legati
315 4059 355 4112 illi
372 4058 449 4112 missi
466 4059 577 4125 fuerint,
596 4060 721 4129 superius
740 4067 841 4113 numi
860 4063 1038 4114 memoratur.

191 4149 207 4215 ¹)
225 4145 257 4198 Β1
278 4151 317 4198 lie
335 4165 421 4198 arcem
439 4164 498 4198 aero
517 4151 555 4198 nei
572 4152 680 4207 (lercium,
704 4145 737 4198 Εὖ
757 4151 788 4199 de
807 4166 870 4199 eree
887 4165 947 4200 vero
965 4153 1003 4199 vel
1020 4152 1051 4200 de
1070 4152 1155 4205 domo,
1176 4162 1296 4215 moxque
1314 4147 1372 4199 bc³

191 4236 284 4293 eadem,
304 4229 351 4283 ubi
369 4230 400 4282 B¹
415 4230 462 4282 Κ12
473 4234 498 4283 cl
517 4235 596 4283 eidem
615 4229 671 4284 scil.
692 4228 866 4299 Symmacho,
885 4231 991 4300 dequo
1010 4230 1199 4286 Theodericus
1216 4232 1257 4286 ita
1274 4231 1371 4285 identi-

191 4315 322 4385 loquitur,
341 4316 371 4367 ut
389 4332 451 4369 eum
470 4315 580 4368 sceleris
599 4334 699 4385 purum
717 4334 734 4369 a
751 4332 779 4369 se
798 4315 949 4370 existimari
967 4334 1022 4370 non
1040 4316 1156 4371 obscure
1174 4316 1317 4386 significet.

191 4405 211 4471 2)
228 4401 333 4456 Locum
350 4400 434 4453 antea
456 4400 602 4454 obscurum
625 4419 659 4455 ex
676 4402 707 4455 Β1
729 4401 905 4456 restituimus.
944 4401 978 4454 F‘¹
991 4402 1038 4455 K¹²
1051 4403 1069 4455 b
1083 4406 1108 4456 0⁹
1130 4408 1231 4457 reddat.
1262 4408 1298 4455 De
1321 4406 1371 4454 vin-

203 4488 234 4547 (b
252 4491 347 4540 reddet
365 4491 396 4539 de
414 4490 565 4554 vindictam.)
590 4509 653 4557 praee
673 4488 717 4554 (ll¹
736 4491 804 4557 puio)
827 4498 934 4556 sperent
956 4493 1134 4543 discussionem
1211 4499 1253 4541 ent
1272 4505 1317 4541 nos
1335 4488 1371 4551 (α’

198 4579 346 4642 deputemus
364 4571 409 4637 (F‘¹
428 4571 491 4624 add.
512 4578 563 4641 pne)
582 4576 685 4642 lepidus.
