3450 5678
707 321 902 372 nersrocas
926 316 956 373 8.
981 316 1010 373 9.
1431 315 1493 382 759

223 498 456 563 prosperorum.
501 475 628 558 Nostis,
659 475 798 561 qualiter
820 476 1020 542 detestabilis
1041 479 1246 565 Eutychiana
1274 481 1415 549 haeresis
1437 508 1531 569 pera.
1544 501 1600 550 cra.

224 579 406 646 Orientales
429 582 538 663 serpat
559 577 721 662 ecclesias,
745 581 778 642 et
800 579 924 663 quoties
938 582 1138 670 praefatae²)
1154 585 1392 667 superstitionis
1407 586 1492 652 virus

223 682 363 768 synodus
385 680 546 766 generalis
568 681 768 763 exstinxerit,
792 681 843 745 vel
858 682 982 766 quoties
1001 684 1069 767 ejus
1092 706 1243 769 sequaces
1265 686 1407 752 salubria
1427 711 1493 753 mo·

222 784 293 849 nita
316 782 616 868 apostolicaesedis
639 782 834 866 spreverint,
868 786 902 847 et
923 784 1014 868 quasi
1037 786 1259 852 erubescentes
1281 811 1394 855 manus
1417 791 1492 856 dare

222 886 352 952 veritati
375 889 431 950 aut
453 885 647 970 apostolicae
669 884 752 949 sedis
766 885 1067 969 *praedicationibus
1090 888 1228 973 obedire,
1252 891 1287 955 in
1304 890 1366 956 hac
1380 894 1491 957 tamen

222 988 439 1054 obstinatione
461 988 646 1073 persistant.
685 986 792 1051 Elatio
816 988 902 1052 eninr
924 1009 1048 1073 semper
1069 989 1162 1054 affert
1183 990 1278 1056 saluti
1301 993 1490 1078 periculum,

222 1113 279 1176 per
300 1113 395 1177 quam
416 1091 518 1175 ipsius
546 1090 696 1154 inventor
723 1089 867 1154 diabolus
896 1090 1045 1175 angelica
1070 1095 1230 1175 potestate
1258 1094 1402 1177 privatus
1431 1098 1489 1161 est.

221 1193 285 1258 Pro
306 1192 356 1257 his
379 1192 545 1257 nobiscum
567 1191 752 1275 saepissime
763 1191 788 1274 ³)
817 1192 1006 1256 fraternitas
1027 1197 1134 1257 vestra
1157 1194 1334 1280 condoluit,
1365 1200 1490 1281 aposto·

221 1296 302 1360 licae
324 1317 390 1359 non
412 1295 577 1358 immemor
598 1293 755 1377 lectionis,
779 1316 843 1378 qua
863 1296 1076 1358 monstratur:
1099 1300 1136 1360 Sr'
1149 1303 1270 1376 patitur
1293 1321 1384 1363 anam
1398 1321 1485 1364 mem·
1504 1277 1591 1400 {2⁰34}

221 1403 322 1476 tram,
352 1402 580 1477 compatiantur
602 1402 702 1460 omnia
724 1402 866 1460 membra.
912 1394 972 1460 Sed
995 1396 1169 1481 Damione,
1199 1399 1254 1483 qui
1280 1400 1351 1464 vult
1379 1423 1489 1466 omnes
1504 1387 1595 1468 lT'ini.

221 1498 583 1564 hominessalvosfieri
606 1498 700 1562 etad
724 1497 941 1582 cognitionem
969 1499 1115 1563 veritatis
1137 1500 1262 1585 venire,
1296 1524 1383 1567 nunc
1411 1503 1490 1567 mul·
1519 1487 1572 1544 Μ·

221 1605 326 1665 terum
353 1622 465 1664 sensus
494 1599 697 1683 illuminans,
737 1601 782 1664 eis
811 1599 1003 1663 desiderium
1036 1602 1230 1684 apostolicae
1259 1605 1490 1670 communionis

219 1701 388 1786 infuditl),
417 1705 454 1766 ut
481 1701 565 1785 quod
587 1701 705 1765 dudum
726 1701 913 1766 lintentione
940 1702 1187 1787 praedicabant,
1221 1704 1282 1770 hoc
1308 1728 1396 1771 nunc
1424 1729 1489 1772 cor-

220 1804 371 1870 rectionis
393 1803 591 1888 professione
615 1804 839 1869 condemnent.
883 1802 1021 1880 (luorum
1044 1805 1184 1870 reditum
1204 1807 1276 1872 ideo
1298 1808 1417 1893 absque
1439 1831 1490 1874 su·

220 1905 373 1991 spicionis
395 1927 501 1969 morsu
523 1905 706 1989 recipimus,
730 1907 804 1989 quia
820 1905 894 1970 dum
916 1911 1085 1991 peccatum
1108 1908 1178 1973 sine
1193 1909 1299 1994 aliquo
1314 1913 1489 1975 exeusatio-

219 2009 271 2072 nis
293 2007 450 2072 velamine
473 2007 680 2091 confitentur,
705 2007 913 2081 manifestum
936 2008 1127 2074 desiderium
1156 2010 1362 2076 correctionis
1385 2015 1489 2077 osten-

219 2111 312 2175 dunt.
705 2198 708 2203 ¹

303 2212 333 2275 2.
368 2211 457 2296 Ergo
480 2212 620 2296 episcopi
642 2216 711 2276 tarn
725 2211 870 2276 Dardani
892 2234 988 2297 quarn
1009 2213 1130 2298 Illyrici
1151 2216 1269 2301 penel)
1295 2238 1406 2281 omnes
1429 2241 1489 2282 nee

218 2337 284 2379 non
307 2313 445 2399 Scythae
473 2335 612 2378 errorem
641 2314 824 2379 damnando
850 2316 1076 2407 praeteritum,
1110 2319 1257 2400 petentes
1287 2319 1372 2383 beati
1399 2319 1488 2384 Petri

219 2417 435 2502 apostolorum
458 2416 613 2500 principis
630 2417 896 2499 communionem,
921 2419 953 2480 et
969 2417 1096 2502 scriptis
1115 2422 1149 2482 et
1161 2418 1377 2504 legationibus
1393 2421 1488 2487 desti-

218 2520 304 2584 natis
332 2542 365 2584 se
393 2518 587 2603 apostolieae
615 2519 698 2582 sedis
726 2519 846 2603 regulis
875 2519 1002 2582 obedire
1032 2521 1231 2587 confirmant.
1282 2520 1344 2586 Pro
1373 2524 1487 2607 quibus

218 2625 374 2706 quantum
396 2643 454 2685 nos
477 2624 624 2705 oporteat
645 2620 812 2705 gratulari,
837 2620 895 2683 soli
918 2643 1050 2705 querum
1072 2621 1150 2686 fides
1165 2622 1269 2687 fervet
1286 2623 1485 2708 intelligunt.

218 2722 390 2788 Sciendum
418 2723 507 2787 vobis
536 2726 585 2786 est
611 2723 728 2808 igitur,
768 2721 1034 2788 anathematizari
1068 2746 1155 2789 nune
1189 2725 1230 2788 ab
1256 2725 1334 2809 ipsis
1363 2749 1487 2811 quoque

217 2824 419 2907 Nestorium,
443 2826 498 2909 (lui
520 2824 633 2889 dividit
655 2825 912 2889 incarnationem
935 2825 1064 2889 Domini
1086 2826 1189 2890 nostri
1202 2826 1282 2891 desu
1298 2827 1430 2911 Christi,
1455 2833 1487 2892 et

217 2950 275 3012 per
302 2927 363 2993 hoe
391 2928 469 2991 duos
500 2927 581 2991 filios
610 2929 743 2990 conatur
771 2948 912 2991 asserere
920 2927 956 3013 6).
1007 2927 1170 3012 Eutyches
1177 2979 1186 3012 ,
1222 2929 1328 2994 carnis
1360 2952 1485 3016 negans

285 3101 305 3164 ²)
325 3100 359 3150 c¹¹
378 3102 521 3165 praelatae.
556 3097 620 3151 Mox
639 3100 715 3150 c⁶c¹⁰
731 3103 913 3165 perstiterunt,
936 3099 962 3149 c⁷
978 3102 1151 3165 perstiterint,
1176 3098 1224 3151 ubi
1242 3101 1316 3152 ci¹c¹¹
1336 3117 1397 3152 curu
1419 3118 1482 3156 mss.

215 3188 365 3251 persistant.

284 3271 304 3334 ³)
323 3267 394 3320 Illud
415 3272 562 3335 saepissime
580 3267 801 3337 componendum
819 3269 861 3321 est
879 3284 939 3321 curn
959 3284 991 3322 eo
1011 3267 1095 3322 etiarn
1113 3270 1249 3337 tempore,
1270 3269 1344 3338 quod
1363 3269 1484 3324 Hormis-

217 3354 270 3407 dae
287 3353 481 3422 pontificatum
499 3353 655 3406 antecessit.

284 3440 305 3506 ⁴)
324 3437 399 3491 Editi
415 3443 536 3504 infrendit,
555 3454 674 3506 moxque
693 3440 728 3490 0¹¹
748 3444 807 3507 quia
825 3444 868 3508 qui
883 3448 1023 3506 peccatura.

285 3526 305 3591 5)
322 3522 397 3576 uetiti
413 3544 480 3591 pene
498 3543 582 3577 omncs
600 3544 630 3576 are
648 3529 699 3576 siat
716 3544 806 3577 errore
820 3529 1004 3578 condemnandi
1018 3530 1177 3591 praeterito:
1197 3525 1374 3593 corriguntur
1392 3542 1425 3579 cx
1441 3525 1483 3591 Ll,

217 3625 249 3663 ex
273 3624 328 3676 quo
350 3608 479 3662 Baluzius
501 3609 536 3662 de
559 3609 686 3663 concord.
710 3608 813 3662 sacerd.
838 3610 866 3663 et
887 3607 984 3676 imper.
1008 3607 1025 3665 l.
1048 3608 1072 3660 V
1096 3626 1117 3662 c.
1143 3614 1175 3663 35
1197 3627 1223 3662 11.
1244 3616 1275 3663 13
1298 3608 1388 3663 locum
1410 3610 1483 3665 hune

216 3694 419 3748 emendandum
438 3710 498 3748 esse
512 3693 572 3762 jam
591 3694 744 3748 monuerat.
774 3691 980 3747 Correctionem
996 3692 1124 3746 eamdem
1137 3694 1281 3748 confirmat
1292 3693 1390 3747 Avitus
1402 3694 1483 3749 Vien-

215 3778 308 3833 nensis
326 3779 398 3833 infra
416 3779 496 3847 epist.
515 3786 556 3833 21.
576 3798 601 3833 n.
624 3785 650 3845 1,
674 3778 721 3832 ubi
739 3794 768 3832 se
786 3777 829 3831 his
846 3777 948 3833 litteris
965 3795 1017 3847 per
1034 3778 1210 3832 Arelatenses
1229 3778 1343 3833 clericos
1360 3780 1482 3850 acceptia

216 3865 251 3919 ad
275 3865 496 3918 communionem
519 3864 684 3933 gaudiorum
706 3864 889 3933 provocatum
911 3863 1008 3917 scribit
1029 3865 1145 3933 propter
1167 3870 1354 3918 conversionem
1381 3872 1483 3932 provin·

215 3955 321 4012 ciarum,
342 3956 423 4003 idest
442 3955 604 4011 Dardaniae,
624 3954 726 4016 Illyrici
741 3955 780 4002 vet
798 3951 925 4015 Scythiae.
962 3947 1022 4012 Quo
1040 3947 1151 4003 nominc
1170 3947 1312 4017 Scythiam
1330 3949 1483 4016 Ponticam,

216 4050 287 4101 quae
305 4033 408 4102 lllyrici
419 4033 567 4088 Orierrtalis
584 4035 727 4103 provincia
744 4034 817 4098 erat,
835 4031 992 4102 intelligere
1005 4034 1054 4087 est.
1084 4033 1121 4086 ut
1138 4033 1204 4102 quia
1222 4032 1250 4087 hi
1263 4034 1383 4102 Scythae
1396 4035 1483 4090 Thra-

216 4117 293 4172 cibus
313 4118 476 4172 contermini
495 4119 586 4183 erant,
610 4119 672 4174 ideo
692 4120 762 4173 forte
781 4118 903 4172 Thraces
924 4118 1008 4172 etiam
1026 4117 1166 4172 interdum
1183 4119 1276 4173 vocati
1293 4121 1365 4173 sunt.
1402 4120 1482 4175 Certe

215 4203 384 4270 Vitalianus,
403 4203 450 4271 qui
469 4221 486 4258 a
503 4204 663 4258 Marcellino
682 4202 789 4257 Gemite
806 4203 835 4256 in
849 4201 984 4257 Chronico
997 4207 1106 4272 Scytha,
1124 4205 1160 4258 ab
1174 4205 1294 4274 Evagrio
1307 4205 1333 4258 h.
1348 4223 1371 4259 e.
1385 4207 1437 4271 lll,
1449 4213 1481 4259 44

219 4294 309 4344 Thrax
326 4288 551 4358 coguonrinatur;
570 4292 599 4343 et
616 4307 685 4359 quos
694 4288 791 4343 Avitus
808 4288 881 4342 infru
899 4288 977 4357 epist.
992 4295 1022 4342 21
1041 4295 1228 4356 provinciarum
1246 4295 1404 4352 Dardaniae,
1419 4295 1481 4359 Illy·

214 4382 263 4429 rici
280 4383 318 4430 set
337 4379 455 4443 Scythiae
474 4374 582 4439 scribit,
604 4375 655 4428 hos
674 4374 790 4427 subinde
808 4373 958 4428 Horrnisda
976 4374 1012 4428 ad
1033 4374 1183 4444 ipsummet
1199 4375 1312 4429 Avitum
1330 4375 1481 4429 rescribens

214 4460 294 4530 epist.
308 4467 340 4513 22
359 4479 384 4513 n.
399 4469 414 4514 3
437 4464 555 4520 Thraces,
577 4465 713 4513 Dardanas
731 4470 756 4513 et
775 4464 895 4527 Illyricos
913 4459 1044 4529 appellat.
1077 4459 1211 4524 Quocirca
1229 4477 1284 4514 non
1302 4461 1407 4514 temero
1420 4477 1480 4514 cen-

214 4546 350 4599 suorimus
369 4561 429 4610 cos,
448 4545 482 4598 de
501 4562 617 4613 quorum
637 4545 814 4598 conversione
833 4562 905 4598 nuuc
917 4543 1065 4599 llormisda
1082 4544 1216 4608 lactatur,
1235 4545 1310 4614 ipsos
1323 4561 1397 4609 esse,
1416 4562 1480 4611 quo-

214 4649 275 4684 rum
293 4631 328 4685 ad
347 4629 543 4698 Symmachum
561 4630 652 4682 exstat
675 4629 792 4699 epistola
811 4636 855 4695 1⁴3,
879 4630 907 4683 ct
925 4630 961 4683 ad
984 4646 1053 4697 quos
1072 4629 1253 4700 Symmachus
1275 4629 1403 4683 rescribit
1426 4629 1481 4700 epi·

214 4716 286 4770 stola
305 4724 343 4770 13.
1263 4770 1267 4778 ,

281 4803 302 4867 ⁶)
322 4804 356 4854 c¹¹
377 4807 485 4869 afferre,
505 4802 533 4853 et
551 4804 614 4869 post
632 4807 737 4869 effectas
755 4819 817 4854 cum
830 4801 864 4855 al.
879 4802 920 4854 cd.
936 4802 1024 4856 omitt.
1045 4813 1097 4865 ωε,-
1119 4802 1211 4857 nescio
1230 4818 1286 4869 quc
1304 4802 1478 4859 auctoritate.

214 4885 321 4940 Deinde
340 4886 374 4940 al.
396 4885 437 4939 cd.
459 4893 592 4943 caraseasir,
