3412 5664
329 287 392 352 936
773 296 800 345 s.
817 293 1023 345 noanrsnun
1045 295 1159 342 aaran

207 471 241 537 (a.
253 467 321 533 520.)
896 447 977 515 Ona.
999 447 1040 512 V.

414 557 453 621 In
475 552 586 640 primis
609 552 847 618 Ariminensem
869 551 1025 636 synodum
1047 572 1066 614 a
1084 549 1274 616 (bustantio
1291 549 1549 619 ansaret'onstau·

329 659 392 725 tini
413 657 480 723 filio
502 657 747 742 congregatam,
776 652 937 718 mediante
959 652 1065 718 Tauro
1086 653 1267 738 praefecto,
1297 673 1335 718 ex
1356 655 1430 718 tunc
1447 658 1551 721 etnuuc

332 761 420 844 etin
443 761 608 824 aeternum
631 755 818 822 confitemur
840 776 910 821 esse
931 755 1129 820 damnatam.

417 861 446 928 8.
482 858 688 925 Itinerarium
710 878 834 945 quoque
856 857 892 921 in
914 856 1044 922 nomine
1066 855 1155 923 Petri
1177 855 1332 942 apostoli,
1356 856 1433 940 quod
1451 857 1552 941 appelb-

224 987 229 997 ·
332 967 386 1029 tur
408 962 513 1028 sancti
535 960 709 1027 Clementis
730 960 806 1025 libri
826 981 959 1024 numero
980 981 1110 1041 novem,
1141 958 1361 1044 apocryphum
1381 979 1442 1023 esse
1460 959 1552 1023 scmus.

417 1065 519 1129 Actus
541 1063 670 1129 nomine
692 1061 841 1127 Andreae
864 1061 1002 1146 apostoli
1024 1059 1210 1146 apocryphi.

417 1168 519 1231 Actus
541 1164 671 1229 nomine
693 1163 834 1229 Thomae
856 1163 992 1249 apostoli
1014 1162 1089 1227 libri
1111 1161 1142 1226 X
1164 1161 1351 1247 apocryphi.

418 1270 520 1334 Actus
543 1267 672 1331 nomine
694 1265 782 1330 Petri
804 1265 939 1350 apostoli
963 1264 1147 1350 apocryphi.

418 1372 520 1435 Actus
542 1368 671 1433 nomine
693 1366 835 1453 Philippi
858 1365 994 1452 apostoli
1016 1363 1201 1451 apocryphi.

417 1470 598 1557 Evangelia
619 1469 748 1534 nomine
770 1469 913 1534 Mathiae
936 1468 1072 1554 apostoli
1094 1467 1289 1553 apocrypha.

419 1571 598 1658 Evangelia
608 1571 647 1656 ¹³)
671 1571 800 1636 nomine
822 1569 993 1635 Barnabae
1014 1570 1209 1655 apocrypha.

419 1673 599 1759 Evangelia
619 1672 750 1737 nomine
771 1671 886 1737 Jacobi
907 1672 1039 1737 minoris
1062 1671 1256 1757 apocrypha.

419 1775 599 1860 Evangelia
620 1774 750 1840 nomine
773 1773 861 1839 Petri
884 1773 1020 1858 apostoli
1043 1774 1236 1859 apocrypha.

419 1876 599 1961 Evangelia
619 1877 749 1941 nomine
772 1875 913 1941 Thomae
936 1876 1087 1962 apostoli,
1115 1875 1230 1961 quibus
1253 1874 1431 1941 Manichaei
1449 1878 1558 1951 utuntur,

337 1979 529 2066 apocrypha.

421 2078 601 2166 Evangelia
622 2079 752 2144 nomine
775 2078 1012 2145 Bartholomaei
1035 2081 1172 2166 apostoli
1194 2080 1388 2167 apocrypha.

422 2181 601 2266 Evangelia
621 2181 751 2246 nomine
773 2181 923 2247 Andreae
946 2180 1081 2267 apostoli
1104 2181 1300 2268 apocrypha.

422 2283 618 2368 Evangelia,
642 2304 722 2367 quae
743 2282 874 2348 falsavit
894 2282 1070 2367 Lucienus,
1095 2283 1289 2371 apocrypha.

424 2383 618 2469 Evangelia,
643 2406 723 2469 quae
744 2383 875 2449 falsavit
897 2383 1077 2470 Hesychius
1084 2436 1093 2468 ,
1117 2386 1313 2471 apocrypha.

423 2486 519 2552 Liber
541 2485 579 2550 de
601 2485 742 2551 infantia
764 2484 938 2552 Salvatoris
961 2486 1173 2573 apocryphus.

424 2588 519 2653 Liber
545 2586 584 2652 de
607 2587 777 2653 nativitate
799 2587 974 2654 Salvatoris
1003 2592 1036 2654 et
1062 2590 1100 2654 de
1126 2589 1229 2655 Maria
1257 2589 1308 2655 rel
1335 2588 1489 2655 obstetrice
1510 2605 1563 2669 apo

340 2691 489 2777 cryphus.
561 2708 565 2718 ·

425 2793 455 2858 9.
492 2791 604 2877 Liber,
628 2792 682 2876 qui
704 2791 884 2876 appellatur
906 2791 1063 2876 Pastoris,
1088 2794 1300 2880 apocryphus.

424 2894 512 2959 Libri
534 2913 660 2977 omnes,
684 2915 761 2978 quos
783 2893 861 2959 fecit
882 2893 1017 2958 Leucius
1039 2894 1213 2980 discipulus
1236 2895 1371 2980 diaboli,
1394 2891 1546 2981 apocryphi.

424 2996 537 3079 Liber,
561 2995 616 3080 qui
638 2994 819 3079 appellatur
839 2994 1111 3079 Fundamentum,
1136 2997 1348 3083 apocryphus.

425 3097 536 3180 Liber,
559 3098 614 3182 qui
637 3097 816 3182 appellatur
837 3096 1088 3181 Thesaurorum,
1112 3100 1324 3185 apocryphus.

426 3199 521 3264 Liber
542 3199 581 3263 de
602 3197 729 3263 filiabus
752 3199 859 3282 Adae,
882 3198 943 3265 hoc
965 3202 1015 3263 est
1034 3198 1281 3286 Leptogenesis,
1306 3200 1504 3286 apocryphus.

426 3300 538 3384 Liber,
561 3301 617 3385 qui
639 3299 818 3385 appellatur
840 3305 929 3366 actus
951 3301 1090 3366 Theclae
1111 3305 1144 3366 et
1165 3302 1274 3385 Pauli,
1299 3302 1498 3389 apocryphus.

426 3402 538 3485 Liber,
561 3401 616 3486 qui
638 3401 818 3487 appellatur
839 3403 991 3488 Nepotis,
1015 3403 1228 3489 apocryphus.

427 3504 521 3569 Liber
543 3502 801 3588 Proverbiorum,
835 3505 890 3590 qni
919 3509 967 3570 est
994 3506 1036 3571 ab
1061 3505 1234 3571 haereticis
1259 3507 1456 3592 conscriptus
1484 3508 1512 3569 et
1531 3499 1572 3565 sub

344 3607 473 3672 nomine
495 3605 600 3670 sancti
623 3604 752 3692 sinin)
775 3607 1016 3693 praesignatus,
1039 3607 1252 3693 apocryphus.

430 3709 481 3773 10.
518 3706 699 3791 Revelatio,
723 3729 804 3792 quae
826 3707 1007 3794 appellatur
1028 3708 1121 3774 Pauli
1144 3710 1298 3796 apostoli,
1322 3709 1503 3797 apocrypha.

428 3808 610 3894 Revelatio,
633 3830 714 3895 quae
737 3808 916 3895 appellatur
937 3809 1079 3876 Thomae
1101 3811 1253 3897 apostoli,
1277 3811 1468 3900 apocrypha.

429 3910 610 3994 Revelatio,
634 3933 715 3996 quae
738 3910 917 3996 appellatur
938 3913 1043 3978 sancti
1066 3913 1240 3998 Stephani,
1265 3914 1456 4000 apocrypha.

429 4012 539 4096 Liber,
563 4012 616 4097 qui
639 4011 819 4096 appellatur
833 4013 1003 4080 Transitus
1024 4015 1058 4079 id
1080 4037 1113 4081 es
1135 4015 1318 4102 adsumptio
1332 4021 1461 4082 emotae
1474 4010 1572 4086 Manu,

347 4113 557 4200 apocryphus.

306 4242 308 4246 ³
430 4215 541 4299 liber,
565 4217 618 4301 qui
640 4216 820 4301 appellatur
841 4217 1047 4285 Poenitentia
1069 4220 1176 4304 Adae,
1200 4221 1413 4306 apocryphus.

431 4318 526 4383 Liber
553 4318 591 4383 de
618 4318 812 4406 Eugenian)
845 4320 974 4386 nomine
1002 4322 1152 4407 gigante,
1192 4323 1247 4408 qui
1276 4344 1349 4388 cnm
1376 4322 1504 4387 draoone
1524 4314 1574 4401 pud

348 4419 501 4486 diluvium
522 4421 563 4485 ab
584 4419 754 4486 haereticis
776 4443 937 4508 pugnasse
959 4423 1110 4510 fingitur,
1135 4424 1348 4509 apocryphus.

392 4669 396 4678 '
417 4678 438 4797 1:
465 4674 589 4814 ἓκοοωρί.
608 4675 702 4731 Herm.
723 4693 784 4730 cum
802 4676 834 4732 Ο*
846 4676 927 4732 Ε”ΗΒ
939 4677 977 4732 ΧΙι
996 4678 1098 4748 ubique
1117 4683 1259 4748 Evangelia
1277 4679 1322 4748 (al.
1344 4680 1515 4750 Evangelia).

419 4850 439 4883 ¹⁵
468 4846 511 4900 Ita
523 4764 685 4901 diediaddm
703 4845 733 4900 C¹
748 4846 839 4914 C²O¹;
857 4848 878 4902 i²
898 4853 971 4919 t'ptn.
1008 4847 1085 4904 Conf.
1105 4848 1197 4904 Golas
1216 4867 1260 4920 cp.
1280 4855 1313 4904 42
1332 4851 1389 4905 not.
1408 4855 1447 4905 63.
