3412 5664
730 354 902 404 ammona
926 344 995 403 137.
1409 339 1472 405 963

199 530 301 593 quam
321 530 381 592 pro
403 509 563 573 communi
587 508 771 573 conditione
792 509 915 593 posuit,
944 530 1003 592 pro
1028 507 1186 593 singulari
1214 508 1331 573 virtute
1360 512 1393 575 et
1421 509 1474 574 ad·
1487 532 1581 585 pam,

198 610 342 676 mirabili
365 611 511 695 potentia
519 611 560 698 ²3)
582 632 656 674 mox
678 611 860 694 resumpsit.

285 714 317 778 5.
352 711 443 777 Haeo
463 713 510 778 ita
531 734 599 777 esse
618 734 679 778 neo
694 713 793 776 ullam
808 712 1042 777 dubitationem
1056 715 1202 796 oportere
1218 714 1369 798 recipere,
1393 713 1473 797 idff)

198 818 266 898 est,
296 837 338 880 ne
360 814 517 880 Dominus
538 818 649 879 noster
670 814 765 880 Jesus
788 813 935 880 Christus
958 817 1013 879 aut
1034 815 1119 879 inter
1142 816 1282 900 eorporis
1309 817 1475 901 passiones

197 917 290 982 Deus
312 939 379 982 non
400 939 470 983 esse
493 916 691 1000 crederetur,
719 921 776 983 aut
797 939 840 981 ne
860 916 947 982 Deus
968 919 1113 1002 tantum,
1145 940 1211 983 non
1243 919 1341 984 etiam
1368 919 1474 1003 bomo,

198 1020 289 1101 inter
315 1041 414 1104 opera
440 1020 636 1085 mirabilium
663 1019 821 1103 stupenda
848 1019 1019 1103 virtutum,
1053 1021 1216 1104 proposito
1249 1042 1308 1085 nos
1342 1021 1476 1087 duorum

199 1121 417 1205 apostolorum
439 1122 628 1187 insonuerit
649 1122 811 1206 exemplo,
843 1121 952 1187 Deum.
968 1143 1037 1186 esse
1062 1144 1096 1186 se
1118 1121 1282 1188 Christum
1304 1122 1476 1187 Dominum

202 1226 351 1288 nostrum
373 1222 463 1289 Petri
484 1224 562 1307 fide,
591 1223 753 1288 hominem
775 1223 917 1289 Thomae
942 1223 1143 1289 dubitatione
1170 1223 1348 1290 declarans.
1393 1222 1476 1301 Quid

201 1325 290 1390 enirn
311 1325 484 1409 intererat,
509 1328 546 1390 ut
567 1347 661 1410 quem
682 1348 717 1390 se
738 1325 884 1391 homines
907 1326 1066 1409 dicerent,
1090 1325 1263 1410 discipulos
1285 1348 1358 1392 suos
1381 1326 1477 1391 vellet

199 1427 380 1512 inquirere,
408 1427 473 1492 nisi
495 1430 532 1491 ut
552 1427 767 1513 respondente
788 1426 901 1494 Petro:
931 1432 977 1493 Tu
998 1450 1030 1493 es
1052 1433 1187 1494 Ctn‘stus
1210 1434 1308 1494 Filius
1328 1434 1387 1493 nei
1406 1435 1475 1506 viui,
1489 1415 1588 1539 3⁹2²?ss

199 1533 316 1594 notum
337 1530 525 1616 faterere),
554 1552 620 1595 non
642 1530 702 1595 hoe
727 1531 766 1595 de
796 1552 892 1594 carne
920 1532 954 1594 et
980 1531 1141 1615 sanguine
1168 1531 1346 1615 proditum,
1375 1530 1430 1595 sed
1458 1553 1477 1595 a
1525 1526 1531 1551 ’
1573 1526 1579 1538 '

204 1631 299 1696 Patre
315 1632 383 1696 Deo
398 1632 578 1717 inspirante
599 1633 785 1716 revelatum,
810 1634 843 1695 et
864 1654 921 1716 per
942 1632 1162 1696 testimonium
1183 1632 1332 1697 laudatae
1347 1654 1477 1717 respon-

201 1733 303 1798 sionis
324 1734 402 1799 fides
424 1733 608 1818 patefactae
616 1734 655 1820 26)
685 1734 776 1798 lieret
797 1733 967 1798 veritatis?
1009 1730 1091 1809 Quid
1119 1733 1292 1818 intererat,
1319 1738 1357 1798 ut
1379 1757 1477 1820 appa-

200 1838 295 1900 rente
322 1840 395 1920 post
421 1837 688 1900 resurrectionem
714 1836 869 1918 Domine,
898 1835 1037 1900 Thomas
1065 1834 1240 1923 tantum²⁷)
1269 1838 1325 1900 aut
1351 1835 1476 1901 deesset
1487 1823 1602 1949 23⁰3}oe

202 1937 318 2001 ceteris
340 1940 397 2003 aut
419 1938 504 2002 solus
524 1939 713 2023 ambigeret,
736 1938 801 2002 nisi
822 1940 859 2002 ut
873 1936 1012 2001 mundus
1028 1936 1181 2020 erederet,
1205 1937 1288 2021 quod
1304 1938 1475 2023 ambigens
1523 1936 1529 1961 '
1605 1938 1610 1949 '

201 2039 377 2123 discipulus
391 2039 599 2124 explorasset,
622 2042 659 2104 ut
674 2038 749 2103 dum
764 2039 858 2104 unius
873 2039 1021 2104 manibus
1037 2060 1070 2103 se
1085 2041 1250 2123 pateretur
1264 2040 1370 2124 tangi,
1387 2040 1427 2105 ab
1435 2041 1476 2125 ²⁸)

202 2141 415 2207 universitate
437 2141 589 2225 fidelium,
613 2141 690 2227 quid
712 2145 807 2225 esset,
831 2145 939 2225 posset
962 2141 1118 2227 agnosci?
1154 2140 1229 2206 Non
1252 2163 1329 2227 ergo
1351 2142 1392 2207 ad
1419 2143 1477 2207 im-

202 2243 405 2327 probandum
427 2243 618 2329 discipulum
640 2244 832 2328 interposita
854 2247 903 2308 est
924 2242 1102 2326 dubitatio,
1127 2242 1181 2307 sed
1204 2244 1349 2327 quaesita
1371 2249 1477 2328 poste-

202 2345 310 2410 ritatis
337 2345 518 2411 instructio.
571 2346 666 2410 Anne
694 2345 781 2410 aliud
807 2345 999 2429 sperate),
1034 2344 1116 2430 quod
1144 2367 1178 2409 se
1205 2344 1291 2410 idem
1319 2344 1477 2410 Dominus
1487 2337 1577 2459 mh&

203 2445 365 2530 Cleopbae
393 2468 465 2512 oum
493 2447 555 2512 alio
583 2447 754 2531 discipulo,
788 2470 885 2532 quum
913 2448 952 2512 ad
981 2447 1152 2512 Emmaum
1179 2447 1349 2512 tendentes
1377 2447 1416 2512 de
1443 2471 1477 2512 se
1522 2447 1528 2471 '
1576 2424 1610 2459 ω’

202 2548 426 2633 loquerentur,
463 2549 615 2633 inseruit,
653 2552 685 2614 et
712 2571 904 2634 quamquam
931 2549 970 2614 de
1002 2549 1235 2613 resurrectione
1262 2548 1393 2614 Domini
1420 2573 1478 2634 per

202 2650 368 2736 mulieres,
397 2674 478 2737 quae
506 2651 628 2735 primae
654 2650 694 2714 ad
721 2654 964 2715 monumentum
993 2654 1226 2735 convenerant,
1256 2652 1475 2737 agnovissent,

202 2756 314 2817 tamen
341 2756 378 2818 ut
404 2776 463 2838 per
489 2774 598 2819 eorum
627 2752 860 2818 dubitationem
886 2752 978 2817 daret
1010 2751 1159 2818 credendi
1190 2751 1308 2818 futuris
1342 2752 1477 2818 saeculis

202 2854 402 2938 firmitatem,
427 2863 576 2936 incipiens
592 2877 611 2919 a
626 2860 731 2937 Moyse
745 2866 775 2920 et
790 2860 925 2921 omnibus
936 2860 1105 2936 prophetis,
1130 2861 1297 2934 oportuisse
1305 2863 1378 2935 pati
1392 2860 1475 2920 Chri·
1543 2896 1548 2906 ·

202 2968 290 3033 staur,
315 2970 344 3021 et
366 2964 410 3021 itu
432 2964 552 3022 intrare
572 2963 604 3021 in
625 2963 755 3036 plurium
777 2978 872 3036 suum,
896 2957 1176 3042 interpretatus³⁰)
1197 2956 1348 3040 ostendit,
1372 2960 1405 3021 et
1420 2979 1478 3041 per

203 3058 387 3142 passmnem
409 3058 583 3123 humanam
605 3062 771 3142 naturam,
800 3062 834 3123 et
861 3058 1003 3123 divinam
1031 3058 1065 3123 in
1088 3079 1126 3123 eo
1149 3079 1217 3122 esse
1239 3079 1297 3142 per
1318 3058 1479 3143 gloriam?

290 3160 320 3225 6.
358 3160 639 3247 Multiplicibus³¹)
673 3160 753 3225 haee
785 3163 969 3225 sanctarum
1002 3159 1240 3245 Scripturarum
1271 3159 1478 3224 insinuantur

204 3262 370 3347 exemplis,
394 3285 454 3328 neo
477 3262 562 3349 apud
584 3262 767 3348 religiosam
784 3261 1015 3327 conscientiam
1023 3260 1063 3349 ³²)
1080 3265 1181 3347 tuam,
1204 3260 1398 3328 venerabilis
1420 3263 1477 3327 im-

273 3467 305 3534 ²⁸)
324 3468 350 3520 a¹
370 3482 428 3534 seq.
446 3471 589 3534 patientia:
607 3466 791 3520 emendantur
808 3483 842 3521 ex
859 3464 921 3520 aliis
937 3463 1015 3520 libris
1033 3464 1080 3534 ((ιίι
1092 3463 1180 3519 HJO
1192 3464 1273 3533 11112).

272 3553 306 3618 ²⁴)
324 3551 368 3605 lta
386 3554 409 3605 ο*
425 3552 451 3605 0¹
462 3550 490 3604 h¹
503 3550 525 3604 i²
537 3568 600 3606 cum
612 3550 647 3605 θ’
660 3551 687 3603 Η
698 3550 714 3604 J
727 3550 758 3604 0.
789 3552 815 3604 a¹
830 3566 907 3618 sequ.
926 3561 952 3605 et
964 3557 1085 3620 deinceps
1096 3556 1162 3605 {dem
1176 3555 1295 3605 Dominae
1311 3561 1399 3606 noster
1409 3555 1433 3606 J.
1447 3556 1477 3605 0.

202 3657 236 3690 ne
254 3642 323 3689 inter
394 3646 489 3689 tuntum
507 3648 533 3690 et
550 3655 601 3689 nou
617 3641 699 3691 tomo.

273 3722 307 3788 ε5)
324 3721 356 3774 In
374 3718 483 3789 aliquot
498 3737 560 3775 mss.
581 3722 611 3775 et
627 3720 648 3773 i²
663 3725 794 3787 [uteretur
811 3740 874 3784 nou,
892 3737 1013 3789 moxque
1030 3720 1067 3774 Hl
1078 3720 1107 3774 h¹
1120 3718 1142 3773 i¹
1158 3725 1208 3775 sed
1223 3725 1312 3777 Putre.

273 3807 306 3873 π’)
324 3805 364 3858 J¹⁷
378 3812 514 3874 patefieret
532 3811 635 3860 cattas.
677 3808 745 3871 Quid
763 3813 839 3860 etium
860 3811 1000 3865 ternant,-
1018 3808 1044 3861 οι
1056 3808 1083 3860 0³
1098 3812 1235 3874 patefieret
1252 3811 1377 3863 asama.
1412 3810 1479 3871 Quid

202 3896 296 3949 ettam,-
313 3889 350 3943 ΗΒ
365 3895 501 3959 patefacta
514 3897 598 3957 fleret

273 3978 307 4042 ²⁷)
326 3975 370 4029 lta
386 3974 415 4028 h¹
428 3974 449 4028 i²
467 3992 529 4030 cnm
547 3992 623 4040 mss,
641 3974 695 4028 nisi
712 3973 787 4042 quod
804 3973 833 4028 in
851 3973 990 4044 aliquibus
1007 3972 1141 4043 sequioris
1152 3976 1237 4030 uotae
1249 3975 1281 4030 ut
1292 3974 1369 4045 apud
1380 3977 1404 4029 o¹
1419 3987 1475 4029 tun·

203 4071 256 4113 tura
273 4070 300 4113 ut
318 4064 430 4123 abesset,
448 4060 486 4113 Hl
504 4071 598 4113 tautum
616 4067 717 4115 deesset
788 4070 831 4114 aut
849 4065 929 4121 eolus,
948 4062 974 4113 οἳ
992 4070 1088 4114 tautum
1105 4072 1150 4115 aar
1161 4064 1274 4122 abesset,
1292 4061 1320 4113 ε’
1339 4070 1421 4113 tumen
1433 4069 1476 4112 aut

204 4151 296 4198 deesse
371 4150 497 4214 mubiperc
516 4150 654 4214 disciputus
671 4151 834 4219 exploraret,
854 4146 880 4198 e⁶
897 4160 954 4211 seq.
974 4156 1057 4199 tamea
1128 4150 1229 4199 &essee
1290 4147 1427 4213 urudiperet

204 4237 367 4297 exploraret.

274 4317 308 4382 ²⁸)
327 4318 353 4369 a¹
373 4331 431 4384 seq.
449 4321 484 4369 ud
500 4321 704 4376 sacerrimum,-
720 4330 840 4382 moxque
858 4316 882 4368 c¹
897 4315 923 4369 c²
941 4332 1003 4369 cum
1021 4313 1196 4384 sequioribus
1213 4331 1276 4368 rrrss.
1288 4318 1325 4367 ud
1335 4318 1474 4381 exploran-

205 4405 277 4459 dum,
296 4399 333 4452 H*
345 4402 371 4453 a'
391 4406 427 4454 ad
443 4406 634 4470 emptoranduu.

275 4486 306 4553 ²⁹)
324 4483 440 4540 Veteres
458 4485 566 4541 codices
584 4487 626 4555 (ut
642 4485 672 4540 ot
689 4487 713 4539 0¹
727 4488 753 4540 οι
765 4485 805 4554 h¹)
823 4501 901 4540 moro
918 4484 1034 4553 antiquo
1051 4496 1181 4554 expectas.
1211 4481 1334 4538 Subinde
1351 4482 1478 4552 plerique

206 4586 270 4623 nass.
289 4572 408 4639 Cleopae.

275 4658 309 4723 ³⁰)
327 4657 353 4708 οὅ
370 4672 447 4725 sequ.
467 4656 531 4711 add.
550 4662 702 4725 scripturae.

275 4742 307 4808 ⁸¹)
327 4740 369 4794 Ita
387 4741 440 4795 HJ
453 4742 475 4795 0
488 4741 517 4795 b¹
531 4742 555 4796 0¹
569 4744 595 4795 0²
606 4740 639 4808 i¹;
663 4741 697 4795 (3¹
711 4742 738 4795 al
756 4745 933 4810 mapparum
993 4750 1121 4796 testantia·
1138 4746 1263 4809 exemplis
1280 4758 1341 4797 uec:
1363 4741 1428 4793 old
1441 4740 1478 4792 0⁸⁰

207 4831 381 4895 rnaltipb'er'ter
453 4832 603 4894 testificatus
620 4832 753 4895 exemplis.
788 4830 864 4881 Haec
880 4831 959 4895 apud.
994 4826 1032 4880 ΙΙ8
1050 4830 1089 4880 Ne
1106 4831 1185 4895 apud.

276 4916 308 4978 ³²)
327 4911 363 4965 Η6
380 4913 472 4982 primu
490 4928 574 4968 manu
592 4917 746 4967 clementium
763 4923 842 4974 tumn,
861 4928 914 4965 sec.
933 4928 989 4965 our.
1009 4915 1195 4967 merciensium.

1208 4996 1273 5061 61*
