3450 5678
271 302 332 365 186
731 319 759 367 s.
777 316 945 366 srnrmcn
967 316 1082 365 paron

162 484 255 535 aoso.
269 473 384 538 nuntio
411 495 505 557 quem
532 472 664 537 misistis
698 470 850 537 redeunte
878 470 1061 537 direximus.
1112 471 1199 537 Data
1220 471 1271 537 111
1291 470 1367 538 Idus
1389 470 1542 539 ianuarii

271 575 399 642 consule
422 575 650 660 suprascripto.

784 778 966 882 Epistola
991 779 1024 863 5.

130 909 267 1041 (affin.
382 932 562 1019 Simplicii
586 951 696 1018 papae
718 933 761 1000 ad
784 931 953 999 loaclum
976 932 1428 1018 constantinopolitanum.

306 1077 339 1129 Ui
357 1092 401 1127 suo
419 1077 498 1142 ipsius
516 1077 613 1126 nomine
630 1077 702 1139 opud
717 1077 894 1141 imperatorem
912 1069 993 1137 copel(
1008 1090 1039 1125 ne
1062 1090 1127 1140 quae
1145 1075 1170 1125 in
1190 1074 1390 1127 Calchedonem
1408 1076 1511 1141 synodo
1552 1088 1578 1143 p.

673 1167 770 1211 alciata
787 1167 846 1211 suni
863 1163 988 1210 ullatenus
1006 1160 1139 1214 uiolentur.

417 1295 656 1380 ,Simplicius
684 1294 892 1378 episcopus
915 1293 1063 1359 Acacio
1092 1293 1277 1379 epi-scopo
1306 1294 1545 1362 Constanti-

514 1397 763 1483 nopolitano.

354 1518 457 1595 Quum
484 1518 543 1584 filii
571 1518 683 1602 nostri,
717 1516 850 1582 illustris
872 1517 921 1581 vir
948 1515 1082 1581 Latinus
1110 1516 1264 1600 patricius
1297 1520 1330 1582 et
1356 1517 1548 1602 spectabilis

270 1621 445 1706 MadusiuS,
470 1643 527 1706 pro
549 1620 713 1706 legatione
735 1619 864 1703 publica
879 1620 1094 1703 mitterentur,
1118 1619 1285 1706 negligere
1299 1642 1364 1685 non
1379 1619 1547 1706 potuimus

269 1725 353 1810 quod
380 1724 466 1789 omni
494 1724 674 1788 intentione
703 1744 859 1787 curamus.
911 1722 1059 1788 Proxime
1085 1743 1224 1807 namque
1251 1744 1349 1808 quum
1377 1723 1547 1810 presbyte-

270 1849 376 1891 rorum
399 1831 432 1890 et
453 1826 683 1891 monachorum
705 1825 744 1889 de
759 1818 926 1890 Tiniotheo
949 1825 1025 1890 olim
1043 1826 1084 1889 ab
1099 1825 1272 1890 universali
1287 1824 1437 1891 Ecclesia
1449 1848 1545 1913 sepo·

269 1933 340 1994 rato
358 1922 491 2014 'querela
514 1929 664 2012 venisset,
693 1932 760 1993 tam
783 1927 1071 2015 Christianissimo,
1085 1927 1225 2012 principi
1253 1950 1349 2012 quam
1376 1927 1548 1997 dilectioni

206 2073 211 2082 ·
270 2035 344 2097 tuae
373 2033 573 2117 scripsimus,
603 2035 640 2096 ut
667 2031 768 2096 modis
796 2031 943 2095 omnibus
970 2030 1109 2114 resistat,
1139 2052 1181 2094 ne
1209 2030 1286 2115 quid
1307 2030 1548 2099 haeretieorum

271 2138 382 2199 contra
405 2135 663 2201 Calchedonense
687 2135 857 2200 concilium
875 2133 1035 2217 ,moliatur
1063 2132 1208 2216 audacia,
1238 2133 1340 2199 irater
1361 2133 1547 2217 carissime3

270 2240 303 2300 et
324 2237 504 2303 dilectionis
530 2242 605 2302 tuae
629 2238 792 2302 'laudando
821 2236 1047 2319 constantiam,
1076 2236 1211 2300 multum
1236 2235 1329 2301 nobis
1357 2235 1457 2303 immo
1480 2236 1546 2323 ipsi

269 2339 408 2404 Domino
430 2341 557 2426 placere
578 2340 835 2422 memoravimus,
859 2338 941 2423 quod
964 2339 1150 2403 damnatum
1172 2337 1334 2403 hominem
1356 2360 1423 2405 non
1438 2340 1549 2407 solum

270 2442 344 2506 fidei
378 2443 433 2507 sed
470 2443 566 2507 etiam
601 2441 764 2527 parricidii
793 2463 889 2506 carisa
917 2442 1039 2506 nullam
1066 2440 1347 2527 Constantinopoli
1373 2442 1548 2509 ecclesiam

270 2544 403 2609 introire
433 2545 625 2629 permiseris.
671 2545 761 2621 Quod
788 2566 874 2609 nunc
903 2544 1018 2608 iterum
1047 2565 1293 2628 commonemus,
1323 2547 1360 2610 ut
1380 2567 1479 2630 quum
1501 2545 1547 2611 ad

270 2646 475 2712 dilectionem
496 2652 586 2712 tuam
609 2647 720 2711 eadem
741 2647 861 2731 scripta
883 2646 1099 2729 pervenerint,
1126 2647 1224 2711 immo
1246 2647 1344 2713 etiam
1365 2645 1469 2712 donec
1492 2670 1548 2713 ve·

270 2750 374 2832 nient,
398 2750 482 2834 apud
505 2749 812 2816 christianissimum
835 2749 1013 2834 prinoipem
1039 2749 1137 2814 etiam
1159 2752 1269 2813 nostro
1291 2747 1422 2815 nomine
1444 2770 1549 2834 agere

269 2853 458 2938 suppliciter
480 2857 575 2938 atque
598 2852 762 2916 insinuare
784 2873 850 2916 non
873 2851 1011 2934 desinas,
1040 2853 1076 2915 ut
1098 2873 1178 2937 quae
1200 2852 1297 2916 toties
1319 2852 1353 2915 et
1373 2849 1457 2916 bene
1478 2855 1549 2917 siu-

270 2959 340 3019 tuta
361 2958 446 3039 sunt,
471 2955 560 3020 nulla
583 2954 769 3039 obreptione
792 2954 966 3019 violentur:
989 2953 1064 3038 quia
1086 2953 1178 3038 regni
1201 2954 1269 3037 ejus
1292 2956 1414 3018 certum
1430 2955 1464 3017 et
1478 2952 1548 3021 sin-

270 3057 382 3141 gulare
405 3062 453 3123 est
476 3059 722 3139 firmamentum,
754 3079 827 3121 vero
850 3061 946 3141 atque
969 3060 1100 3120 aeterno
1122 3056 1192 3141 regi
1216 3058 1488 3142 congregatorum
1511 3056 1550 3123 in

271 3182 367 3225 canusa
389 3161 464 3226 fidei
487 3160 596 3225 divino
612 3159 734 3245 Spiritu
754 3158 956 3225 sacerdotum
978 3158 1123 3235 illaesum
1146 3180 1336 3225 conservare
1357 3157 1548 3227 concilium.

790 3362 971 3465 Epistola
998 3364 1031 3446 6.

136 3500 257 3622 ⁸94ng
476 3513 657 3601 Simplicii
680 3490 790 3600 papae
812 3515 856 3581 ad
879 3516 1053 3584 Zenonem
1077 3518 1346 3602 imperatorem.

222 3653 226 3659 ’
306 3658 453 3706 (irciaiuiuo
471 3657 614 3721 Simplicius
632 3659 664 3708 dc
682 3656 810 3707 Basilisco
827 3656 932 3707 calocio
950 3654 1069 3708 horiani·
1088 3660 1219 3717 Zenonem,
1238 3665 1266 3708 ui
1278 3658 1412 3709 Ecclesiae
1423 3657 1517 3712 docies
1558 3676 1585 3733 p.

304 3743 411 3791 vicissim
429 3744 583 3807 comprimat,
604 3743 806 3794 Menandrinum
823 3744 969 3808 episcopum
986 3746 1120 3794 acciacae
1137 3748 1264 3807 restituat,
1278 3742 1390 3810 obrepet
1406 3745 1516 3810 impin

306 3825 427 3878 Basilisci
446 3829 613 3885 sanctionem,
636 3845 667 3879 cc
686 3829 780 3879 Leonis
798 3829 940 3879 doctrinam
957 3837 983 3879 el
1000 3829 1217 3880 Calchedonencia
1234 3830 1516 3882 uenerationem

820 3914 989 3976 eoscjuloeci.

423 4047 655 4132 Simplicius
677 4048 887 4133 episcopus
909 4047 1057 4114 Zenoni
1080 4050 1272 4135 Augusto.

359 4167 385 4229 l.
431 4166 520 4231 luter
542 4190 638 4252 opera
666 4168 793 4232 (livinae
815 4168 1046 4253 providentiae,
1074 4190 1155 4253 quae
1177 4168 1232 4254 pia
1253 4189 1378 4254 semper
1400 4171 1435 4232 et
1452 4168 1552 4253 juna·

271 4272 357 4352 sunt,
386 4270 504 4333 nostris
533 4293 656 4356 quoquo
678 4271 873 4355 temporibus
903 4271 1006 4357 eloqui
1033 4271 1193 4355 proterrtias
1215 4270 1344 4336 Domini
1368 4270 1424 4337 vix
1446 4294 1553 4359 quoo-
1578 4314 1585 4323 ·

271 4370 350 4435 libet
378 4371 518 4436 humana
546 4373 658 4455 lingua
686 4374 835 4439 sufficiet.
880 4373 958 4449 Quis
986 4374 1105 4439 etenim
1133 4375 1240 4440 valeat
1265 4373 1316 4439 vel
1343 4373 1553 4459 cogitatione

272 4474 441 4558 complecti
464 4476 514 4538 vel
538 4497 613 4539 voce
635 4475 831 4560 depromere,
855 4476 937 4560 quod
960 4477 995 4540 in
1017 4477 1087 4561 ipso
1109 4476 1272 4561 utriusque
1295 4476 1340 4541 rei
1362 4475 1553 4545 laborantis

272 4576 407 4641 articulo
436 4580 469 4641 et
490 4577 572 4641 votis
595 4578 731 4661 publicis
754 4580 820 4664 ct¹)
843 4577 1008 4663 religionis
1037 4583 1169 4645 sanctae
1190 4577 1329 4644 reddidit
1349 4598 1407 4643 vos
1428 4579 1551 4667 quieti,

341 4820 360 4883 1)
379 4817 539 4886 legendum
562 4828 587 4871 et
609 4823 751 4886 relipioais,
775 4817 871 4872 ooololito
889 4830 926 4880 er,
949 4819 979 4872 ui-
1002 4818 1175 4888 intelligatur
1197 4828 1306 4888 atraque
1322 4815 1371 4871 illa
1388 4836 1447 4879 res.
1474 4838 1553 4891 qm

273 4901 324 4954 sub
348 4900 479 4958 Basilisco
496 4906 630 4959 laborasse
648 4903 761 4968 (tuton,
779 4921 879 4977 nempe
897 4920 941 4959 res
963 4903 1076 4977 publica
1092 4909 1122 4961 et
1139 4903 1247 4973 religio.
1285 4907 1429 4998 Ecciecin
1447 4916 1478 4962 ei
1494 4926 1553 4963 m
