3450 5678
624 347 819 424 sersaonax
841 363 945 422 4-6.
1359 359 1420 425 747

152 551 290 615 namque
312 529 397 594 bona
418 527 602 612 laudamur,
633 531 665 594 et
691 531 770 594 tunc
791 529 959 594 verborum
989 528 1092 593 cultus
1115 531 1263 613 ornatur,
1292 529 1420 615 quando
1433 541 1467 606 (a.
1479 541 1550 607 515.)

153 631 215 696 sibi
238 631 464 695 convenientia
486 632 547 695 rite
571 631 748 716 conjungit.

236 732 267 797 2.
304 732 444 798 Litteras
466 733 622 818 siquidem
643 756 701 818 per
723 732 899 798 Patricium
921 734 1021 798 filium
1044 736 1189 799 nostrum
1211 733 1419 819 spectabilem

152 837 255 899 vuum
276 837 352 899 tuae
374 837 570 920 suscepimus
594 837 749 919 caritatis,
773 837 808 899 in
830 835 945 920 quibus
966 837 1164 922 speramusf‘)
1187 858 1266 920 opus
1288 836 1419 921 plenum

152 941 184 1002 et
212 937 377 1021 probabile
406 937 561 1022 reperire,
594 940 632 1001 ut
663 937 744 1001 nihil
773 940 857 1001 esset
883 937 966 1022 quod
1001 938 1041 1002 ab
1068 938 1257 1023 integritate
1283 939 1419 1004 unitatis

151 1043 342 1104 secerneret.
389 1038 450 1104 Sed
473 1040 547 1123 quia
569 1041 604 1104 in
627 1031 677 1103 his
699 1039 778 1124 ipsis
801 1038 887 1104 hunc
908 1040 1071 1123 promittis
1094 1040 1254 1124 affectum,
1283 1041 1337 1125 qui
1359 1063 1418 1106 nos
1527 1088 1529 1092 ,

152 1142 192 1205 ad
214 1141 274 1206 hoc
296 1142 379 1227 quod
400 1141 615 1226 praediximus
637 1141 738 1226 possit
753 1140 934 1226 specialiter
948 1164 1131 1226 provocare,
1155 1142 1294 1207 Domino
1308 1146 1418 1208 nostro

150 1266 260 1328 preces
283 1244 488 1328 effundimus,
524 1247 561 1307 ut
588 1245 656 1327 ipse
685 1244 775 1328 cujus
802 1247 835 1308 et
857 1265 952 1308 causa
979 1247 1138 1309 tractatur
1144 1295 1153 1328 ,
1187 1244 1340 1309 abstersis
1368 1245 1418 1309 vel

151 1346 325 1430 amputatis
347 1345 505 1410 universis
517 1344 689 1410 'scandalis
711 1346 784 1432 cxl)
800 1344 946 1411 Ecclesia
961 1368 1029 1429 sua,
1052 1347 1111 1411 sub
1133 1367 1197 1410 uno
1213 1368 1369 1412 consensu
1385 1350 1427 1412 et·

149 1447 243 1532 parili
265 1448 366 1512 faciat
387 1448 449 1512 fide
479 1470 654 1513 connexos:
682 1470 742 1513 nec
770 1448 805 1512 in
833 1448 1050 1513 sacerdotibus
1078 1447 1144 1512 suis
1171 1448 1343 1534 quidquam
1370 1470 1416 1513 re·

149 1549 246 1634 periri
268 1539 427 1633 patiatur,
452 1550 567 1633 quod7)
592 1550 763 1634 cujuslibet
785 1554 842 1614 aut
862 1550 942 1615 odiis
965 1549 1103 1635 propriis
1126 1554 1182 1615 aut
1202 1550 1353 1615 inanibus
1368 1550 1416 1615 in-

148 1651 362 1734 tentionibus,
397 1655 452 1715 aut
473 1650 656 1717 hominibus
679 1653 714 1718 in
736 1651 889 1737 injuriam
910 1651 987 1736 Dei,
1019 1652 1103 1737 quod
1125 1653 1217 1716 nefas
1240 1654 1304 1736 est,
1335 1652 1416 1716 velle

148 1753 286 1838 placere,
318 1756 351 1817 et
372 1776 438 1817 non
461 1754 564 1838 magis
587 1755 737 1819 universa
759 1755 933 1821 secundum
954 1754 1083 1819 beatum
1106 1753 1286 1838 apostolum
1308 1775 1415 1818 saecu-

149 1855 229 1919 laria
258 1859 515 1920 contemnentem
549 1880 568 1920 a
595 1879 650 1940 spe
678 1879 743 1922 non
776 1856 878 1941 possit
910 1856 1089 1920 exorbitare
1121 1855 1239 1920 futura.
1295 1855 1416 1921 Hortor

148 1960 279 2042 propter
302 1980 467 2022 commune
482 1958 666 2043 remedium,
689 1959 791 2024 invito
806 1981 864 2044 pro
882 1959 984 2023 salute
999 1959 1150 2042 fidelium,
1174 1962 1305 2042 propter
1319 1980 1414 2044 gene·

147 2060 247 2123 ralem
275 2061 392 2124 suadeo
419 2061 623 2125 medicinam.
673 2060 750 2137 Quis
778 2082 915 2146 namque
944 2063 1114 2126 contentus
1147 2063 1196 2124 est
1223 2059 1280 2123 hos
1308 2059 1414 2125 videre
1444 2111 1447 2120 .

147 2161 274 2246 (brisce,
298 2185 431 2247 quorum
453 2166 560 2247 potest
582 2165 708 2227 unitate
723 2163 879 2248 gloriari?
913 2162 1006 2227 Unde
1028 2185 1107 2247 opus
1129 2166 1179 2227 est
1200 2161 1308 2226 labore
1331 2184 1413 2227 corn-

146 2264 252 2347 muni,
276 2267 313 2328 ut
333 2265 410 2348 hoc,
434 2266 518 2350 quod
541 2289 559 2328 a
581 2265 726 2348 patribus
748 2267 867 2329 nostris
890 2266 1087 2349 accepimus,
1119 2266 1344 2330 conservantes
1366 2287 1412 2330 se-

148 2366 254 2452 cure⁸)
278 2367 312 2430 in
334 2367 389 2430 illo
412 2367 569 2451 possimus
592 2367 700 2431 divino
723 2366 850 2432 adstare
868 2367 999 2451 judicio.

659 2554 842 2659 Epistola
869 2555 903 2638 6.

301 2708 513 2773 Hormisdae
537 2725 647 2791 papae
669 2708 713 2773 ad
736 2706 965 2774 Anastastum
987 2708 1255 2791 imperatorem.
1424 2704 1551 2824 aiffid

180 2847 254 2897 Fidei
270 2849 376 2898 studium
390 2828 549 2913 reipublicae
564 2851 693 2912 proficere
711 2851 814 2912 repetit.
853 2848 886 2906 llt
903 2849 1066 2913 imperatoris
1083 2849 1248 2899 sollicitudini
1264 2848 1378 2912 prolic-

178 2935 270 2983 clesiae
288 2935 427 2983 concordia
444 2935 514 2983 Deus
530 2940 649 2998 praestet
667 2932 782 2996 effectum
803 2935 940 2997 supplicat.
978 2933 1011 2982 ln
1028 2935 1134 2985 concilio
1153 2935 1215 2999 quid
1227 2935 1288 2996 fleri
1303 2949 1379 2998 opor·
1466 2949 1471 2959 ·

314 3025 377 3079 teat,
396 3021 488 3082 tepetis
504 3020 622 3083 proxime
639 3019 765 3067 serraturis
782 3033 810 3068 se
827 3021 854 3068 in
871 3019 998 3068 mandalia
1015 3019 1118 3069 dedisse
1137 3019 1243 3068 nuntiat.

295 3149 507 3214 Hormisda
529 3150 782 3236 Anastasio¹)
805 3150 995 3235 Augusto.
1039 3155 1100 3216 Per
1121 3153 1327 3217 Severianum

229 3269 317 3334 Bene
339 3269 508 3333 clementia
531 3273 637 3334 vestra
660 3268 806 3353 confidit,
841 3269 923 3333 sicut
950 3269 1034 3333 datis
1056 3269 1096 3334 ad
1119 3291 1169 3333 mc
1191 3269 1338 3355 gloriosis
1360 3271 1411 3335 de·

142 3372 286 3457 signavit
308 3372 473 3454 affatibus,
502 3372 587 3456 quod
615 3370 810 3454 reipublicae
831 3374 957 3436 uestme
985 3371 1167 3455 specialiter
1189 3372 1351 3456 proficiat,
1386 3374 1413 3437 si
1426 3402 1467 3456 ep.
1480 3394 1501 3440 1.

142 3473 283 3559 negotiis
305 3474 452 3538 omnibus
472 3472 666 3537 orthodoxae
681 3473 755 3537 fidei
773 3494 869 3538 causa
883 3476 1109 3557 praeponatur.
1143 3473 1234 3538 Haec
1250 3477 1299 3538 est
1313 3474 1410 3558 enim,

210 3666 230 3729 5)
249 3660 367 3714 Omnino
384 3660 534 3729 legendum
546 3659 656 3714 videtur
667 3664 840 3728 sperabamus.
871 3659 968 3715 Tacite
987 3660 1061 3715 enim
1078 3661 1159 3714 notat
1176 3677 1206 3714 se
1218 3659 1324 3729 aliquid
1336 3659 1412 3716 aliud

140 3745 178 3800 ab
201 3762 248 3812 eo,
271 3762 355 3812 quam
377 3745 452 3814 quod
474 3745 575 3799 litteris
597 3745 652 3799 suis
675 3744 893 3814 significaverat,
915 3745 1082 3800 desiderare.
1126 3745 1159 3798 In
1185 3744 1228 3799 his
1251 3744 1355 3816 quippe
1377 3746 1411 3802 do

140 3829 360 3884 Calchedouensi
378 3829 506 3892 concilio,
531 3830 564 3884 de
583 3830 818 3898 Acaciinomine,
841 3830 876 3884 de
898 3829 932 3884 iis
956 3829 1083 3898 quicum
1106 3825 1245 3885 damnatis
1263 3831 1412 3886 communi-

142 3916 289 3981 caverant,
308 3914 395 3968 altum
414 3919 456 3968 eat
472 3914 619 3970 silentium.
1166 3902 1171 3915 ’

209 4003 230 4067 ⁶)
248 4000 279 4053 ln
302 3999 422 4068 vulgatis
445 4011 470 4053 ct
494 4003 620 4055 Ecclesia.
659 4001 691 4054 ln
713 4001 853 4071 plerisque
876 4003 969 4056 autern
992 3999 1132 4054 veteribus
1154 3999 1232 4053 libris
1254 4000 1369 4056 voculae
1386 4013 1411 4056 et

140 4086 227 4154 atque
245 4106 280 4139 ex
298 4085 338 4138 ita
354 4083 520 4154 pinguntur,
539 4087 570 4138 ut
587 4088 651 4140 utra
668 4086 853 4156 praeferenda
870 4086 919 4152 sit,
943 4101 976 4139 cx
994 4085 1053 4140 sola
1071 4084 1205 4140 orationis
1224 4085 1293 4140 serie
1312 4085 1410 4156 dijudi-

139 4171 227 4226 cetur.
263 4169 340 4223 Haec
357 4183 441 4239 porro
459 4168 506 4223 hio
522 4171 647 4239 postulat
664 4191 699 4225 etc
717 4175 843 4228 Ecclesia.

208 4258 230 4322 ⁷)
248 4254 362 4323 Integra
382 4252 412 4306 in
434 4253 507 4307 hunc
524 4255 637 4308 modurn
654 4257 702 4310 fiet
720 4256 822 4311 oratio:
853 4277 901 4326 quo
922 4260 1058 4322 cujuslibet
1080 4266 1124 4309 aut
1148 4261 1214 4310 odite
1233 4262 1350 4325 propriis
1367 4270 1412 4311 aut

138 4344 257 4396 inanibus
273 4343 452 4393 intentionibus
476 4343 612 4394 dominibus
630 4347 656 4394 in
674 4347 794 4408 injuriam
811 4347 874 4400 Dei,
898 4347 967 4409 quod
984 4345 1057 4406 nesus
1078 4351 1127 4402 est,
1151 4346 1226 4395 uelint
1245 4349 1362 4410 placere,
1386 4355 1411 4396 et

138 4445 190 4479 non
208 4430 287 4492 raupta
358 4429 502 4477 saecularia
520 4437 706 4480 contemnentes
723 4448 740 4479 a
757 4446 803 4493 ape
822 4420 871 4479 non
887 4430 994 4494 possint.
1029 4424 1146 4491 Multos,
1164 4426 1231 4479 dum
1248 4426 1411 4495 imperatori

137 4509 251 4580 placere
270 4507 420 4578 cupiebant
442 4510 491 4562 aut
512 4508 651 4564 timebant
668 4510 826 4581 displicere,
849 4509 877 4563 in
895 4508 1042 4565 schismate
1064 4526 1243 4580 perseverare
1260 4528 1315 4566 non
1333 4510 1411 4580 igno-

138 4593 224 4650 rabat
241 4592 404 4660 Hermiona,
422 4593 541 4662 ideoque
559 4594 623 4648 huic
641 4595 715 4650 malo
733 4596 827 4649 studet
844 4611 996 4650 occurrere.

208 4682 229 4747 8)
247 4677 298 4731 Ed.
316 4684 426 4733 secunde
444 4686 505 4737 nisi:
528 4680 562 4734 G¹
580 4685 690 4733 secunde
712 4684 764 4742 its,
788 4696 854 4734 voce
876 4685 915 4734 tls
934 4681 1005 4750 post.
1023 4697 1108 4736 manu
1130 4681 1290 4735 cancellata.
1330 4680 1409 4737 Unda

136 4762 254 4818 indubie
271 4783 361 4818 secure
379 4762 554 4817 mutavimus.

156 4854 173 4902 6
209 4851 228 4916 ¹)
247 4847 408 4919 Respondet
425 4848 561 4918 superiori
579 4848 714 4918 epistolae
730 4857 754 4915 t,
774 4866 845 4918 quae
864 4850 988 4917 quamvis
1005 4849 1083 4920 prior
1100 4849 1198 4917 masa,
1216 4849 1302 4905 serius
1314 4851 1409 4908 tamen

138 4932 307 4988 Hormisdae
326 4932 436 4988 reddita
454 4935 503 4988 est.
540 4934 573 4989 G·
594 4934 630 4989 ad
647 4952 736 5004 marg.
756 4934 834 4990 addit
848 4955 899 5004 per
917 4938 1087 4990 Seuerianam.
