3412 5664
641 317 836 367 urrsronsu
860 308 1048 368 138-140.
1419 307 1480 374 967

211 471 406 555 credidistis,
436 473 530 535 tauta
556 471 708 536 firmitate
736 471 912 557 confortet,
941 476 974 538 et
996 473 1044 538 ita
1066 473 1208 538 omnium
1230 474 1482 543 discordantium
1494 507 1518 544 a.
1530 495 1588 546 521,

210 573 388 639 luctamina
410 572 561 658 disjiciat,
585 574 632 638 ita
653 573 876 639 dissidentium
898 576 994 640 corda
1012 580 1203 661 compescat,
1228 581 1264 642 ut
1278 581 1481 664 quamadmo-

210 677 286 740 dum
308 676 368 741 sub
388 675 490 740 fratre
512 680 546 740 et
568 676 754 760 coepiscopo
775 680 887 742 nostro
908 676 1093 762 Epiphanio
1114 678 1349 763 pacificationis
1370 682 1481 747 datum

210 779 260 842 est
280 777 444 862 indicium,
467 778 666 863 gratulemur
689 777 851 843 effectum!
895 777 983 844 Data
997 778 1061 845 Vll
1077 779 1235 846 Calendas
1258 782 1392 867 Aprilis,
1416 783 1480 848 Vn-

208 878 289 944 lcrio
310 880 379 945 viro
401 880 577 945 clarissimo
600 880 739 945 consule.

294 981 394 1046 Gesta
420 982 456 1046 in
483 1002 579 1046 causa
601 981 801 1046 Abundantii
827 982 968 1068 episcopi
991 983 1268 1069 Trajanopolitaui
1299 986 1333 1050 in
1362 988 1480 1052 scrinio

207 1083 390 1149 habemus.⁴
825 1098 829 1103 ·

695 1270 877 1376 Epistola
904 1271 984 1354 140.

325 1474 331 1481 .
406 1423 619 1493 Hormisdac
641 1440 752 1507 papae
776 1422 821 1489 ad
843 1421 1031 1491 lustinum
1053 1422 1268 1508 Augustum.
1488 1425 1616 1548 ppfflrctt

191 1594 193 1602 ‚
241 1565 305 1615 Eam
323 1564 437 1616 laudibus
453 1565 567 1616 temnis
585 1580 634 1615 nan
652 1580 728 1630 epere
746 1580 827 1630 neque
843 1564 902 1615 illas
920 1579 1057 1630 quaerere,
1081 1567 1128 1615 sed
1144 1581 1172 1615 se
1189 1573 1272 1616 tamen
1289 1568 1322 1617 ab
1340 1584 1370 1619 co
1388 1572 1442 1619 lau·

239 1652 327 1702 dando
349 1656 376 1701 et
396 1650 550 1701 extollendis
571 1649 668 1700 meritis
690 1650 749 1712 ejus
771 1657 916 1713 temperare
937 1647 987 1698 sibi
1008 1664 1058 1698 non
1079 1664 1156 1714 posse
1179 1653 1224 1699 ait.
1260 1650 1330 1711 Quae
1352 1657 1443 1704 rnerita

239 1742 299 1785 terne
314 1733 430 1800 pluribus
447 1734 597 1802 exsequitur
616 1734 649 1797 (n.
665 1733 764 1797 1-3),
783 1741 861 1800 utque
879 1734 1000 1798 deinceps
1017 1732 1198 1784 obstinatorum
1213 1736 1374 1800 pertinaciae
1392 1756 1442 1789 non

239 1821 316 1870 cedat
333 1819 452 1871 bortatur
469 1815 618 1882 (nteit).
648 1818 763 1885 Denique
780 1834 808 1869 ee
826 1832 928 1869 causan
944 1833 1042 1881 conen,
1062 1821 1106 1884 qai
1121 1819 1279 1884 indutpentia
1295 1823 1367 1886 dtpni
1383 1824 1441 1882 sint,

395 1902 557 1980 ‘Epiphania
576 1903 855 1968 Constantinopolitano
873 1904 1023 1953 romanicae
1040 1904 1166 1968 dprdflem
1186 1903 1224 1967 (n.
1235 1903 1274 1969 t).

341 2036 568 2118 ,Hormisda
590 2035 754 2103 Justino
777 2037 969 2121 Augusta.

292 2157 320 2221 1.
359 2155 431 2221 Scio
453 2155 597 2241 quidem,
627 2152 820 2220 venerabilis
842 2155 1033 2241 imperator,
1064 2154 1267 2221 clementiam
1288 2161 1377 2223 tuam
1401 2182 1475 2224 con·

202 2258 342 2324 scientia
362 2257 440 2323 boni
462 2258 566 2344 operis
586 2255 717 2323 tantum
738 2279 807 2322 esse
831 2259 1032 2342 contentam,
1062 2278 1123 2322 uec
1151 2256 1185 2321 in
1213 2254 1280 2342 his,
1314 2281 1395 2345 quae
1415 2284 1475 2347 pro

203 2360 381 2429 catholicae
402 2359 567 2427 Ecclesiae
596 2361 722 2426 unitate
749 2358 936 2444 disponitis,
965 2357 1115 2423 humanis
1141 2358 1289 2425 laudibus
1317 2361 1473 2448 indigere,
1525 2396 1527 2401 ·

201 2464 278 2552 na¹)
300 2464 412 2550 magni
434 2462 532 2528 studii
554 2461 658 2548 gloria
679 2484 746 2529 nou
767 2461 867 2547 digna
888 2461 1146 2526 remuneratione
1167 2459 1309 2527 vilescat.
1333 2460 1474 2540 ,Quanta

202 2568 253 2631 est
275 2564 362 2631 euim
384 2566 469 2630 circa
491 2587 562 2628 eum
584 2563 717 2628 humaui
739 2586 862 2629 summa
882 2563 1061 2648 praeconii,
1087 2561 1136 2627 cui
1160 2563 1298 2650 configit
1315 2566 1474 2631 terrarum

200 2689 306 2754 regna
328 2667 500 2751 committi,
524 2667 654 2753 quum²)
677 2664 814 2731 obnoxia
837 2664 903 2729 sint
924 2663 1145 2729 blandimenta
1160 2664 1352 2730 adulationis
1372 2669 1472 2752 suspi-

202 2769 304 2854 cioni,
328 2791 409 2855 quae
431 2769 596 2834 humilitas
618 2767 770 2833 detulerit
790 2766 980 2853 imperanti!
1017 2765 1063 2831 ut
1084 2766 1163 2831 alias
1186 2767 1360 2832 secuudum
1378 2792 1472 2835 evau-
1485 2751 1583 2888 {iffi

200 2870 340 2959 gelisam
361 2871 568 2936 traditionem
589 2891 718 2935 necesse
741 2873 805 2955 est,
840 2872 876 2933 ut
896 2867 1004 2933 fructu
1027 2890 1184 2953 supernae
1205 2871 1472 2938 remunerationis
1504 2860 1511 2885 '
1572 2866 1576 2874 ’

201 2976 328 3057 emeat,
362 2973 416 3058 qui
444 2972 687 3037 retributionem
718 2970 823 3035 laudis
851 2973 1026 3054 exspectat.
1080 2969 1167 3035 Hinc
1194 2971 1471 3039 mansuetudinem

199 3077 341 3141 vestram
374 3074 461 3140 omui
494 3073 649 3139 bonitatis
677 3072 875 3158 perfectione
907 3070 1082 3156 pollentem
1110 3072 1149 3137 ad
1178 3072 1282 3137 Deum
1309 3075 1468 3161 universa,

199 3199 282 3263 quae
305 3174 553 3241 memorabiliter
574 3174 693 3259 facitis,
716 3174 836 3239 referre
857 3195 923 3238 non
945 3172 1085 3262 ambige,
1108 3196 1169 3239 nec
1192 3174 1311 3240 caduca
1327 3177 1469 3263 cogitau-

199 3282 250 3344 tes
272 3277 391 3344 abillo
414 3277 606 3361 exspectatis
628 3299 686 3361 pro
703 3280 833 3342 actuum
848 3277 1025 3341 vestrorum
1048 3275 1258 3342 retributione
1280 3278 1468 3365 mercedem,

199 3401 296 3467 quem
317 3379 473 3444 bonorum
496 3378 638 3444 omnium
661 3381 788 3444 constat
810 3380 983 3443 auctorem.

285 3481 316 3547 2.
353 3481 398 3546 Et
418 3483 528 3546 tamen
550 3502 610 3566 ego
632 3480 760 3565 divinis,
784 3480 897 3565 quibus
912 3478 1104 3562 obsecundo,
1128 3480 1282 3545 convenio
1297 3482 1467 3570 institutis,

197 3606 240 3650 ne
263 3584 414 3669 religiosa
437 3582 653 3647 conscientiae
676 3583 800 3647 vestrae
822 3581 978 3647 beneficia
1001 3585 1164 3667 comperta
1186 3582 1397 3669 dissimulem,
1427 3609 1468 3653 ne

197 3685 407 3753 taciturnitas
428 3706 516 3767 mea,
544 3705 625 3769 quae
647 3684 737 3749 vobis
761 3683 876 3748 crescit
897 3684 937 3747 ad
959 3682 1111 3769 gloriam,
1141 3682 1237 3768 mihi,
1265 3686 1349 3769 quod
1371 3687 1466 3774 absit,

197 3791 345 3854 vertatur
366 3786 401 3851 in
424 3787 561 3871 culpam.
606 3784 689 3850 Novi
712 3783 798 3850 enim
820 3784 859 3850 de
880 3784 944 3850 illis
966 3784 1076 3850 dacem
1092 3784 1221 3850 Domini
1244 3789 1277 3851 et
1294 3785 1468 3856 Salvatoris
1482 3772 1581 3896 „Lffsss

196 3889 302 3957 nostri
323 3889 445 3975 pietate
467 3887 646 3973 mundatis,
669 3886 743 3973 quia
766 3890 799 3951 et
819 3908 934 3952 novem
955 3889 1032 3952 suut
1052 3889 1131 3951 nota
1151 3886 1395 3973 ingratitudinis
1410 3892 1467 3957 im-
1514 3882 1521 3907 ’
1582 3859 1608 3911 ‘¹'

195 3994 342 4079 probati,
371 3995 403 4056 et
430 4012 513 4054 unus
535 3987 756 4056 testimouium
782 3988 857 4053 fidei
879 3991 911 4052 et
933 3987 1081 4074 merito³)
1109 3992 1258 4074 receptae
1285 3991 1398 4057 salutis
1419 4015 1466 4058 rc·

196 4094 289 4178 tulit,
313 4094 367 4178 qui
389 4093 569 4178 gratiarum
591 4092 752 4157 actionem
777 4093 909 4156 sanatus
938 4090 1082 4156 exsolvit.
1126 4090 1293 4175 Exsequor
1320 4095 1465 4178 exempla

196 4216 280 4281 quae
302 4194 416 4278 didici,
441 4198 474 4259 et
495 4194 578 4279 quod
600 4215 658 4280 per
678 4192 776 4259 officii
799 4190 878 4257 mihi
901 4191 1013 4257 crediti
1034 4192 1202 4257 materiam
1223 4194 1383 4277 praedico,
1406 4197 1464 4260 sub

242 4363 353 4370 --..—-
363 4363 502 4369 -.——-.

197 4456 247 4505 140
284 4451 303 4517 ¹)
322 4448 356 4503 0¹
375 4469 434 4512 nec,
452 4448 528 4518 quod
546 4447 721 4504 correximus.
757 4448 842 4504 Forte
859 4447 920 4516 quis
936 4446 1018 4502 malit
1038 4467 1084 4501 nee
1106 4453 1190 4517 mapnt
1209 4451 1288 4501 suelli
1302 4453 1411 4516 pluriam

194 4542 326 4590 vilescere.
362 4533 412 4587 Ed.
432 4546 459 4588 et
475 4539 558 4601 napni
579 4532 627 4601 (ad
643 4549 731 4604 marg.
751 4536 801 4602 ne).

267 4622 287 4688 ²)
306 4620 349 4673 lta
367 4619 548 4684 correximus,
566 4617 641 4686 quod
657 4617 687 4672 iu
705 4617 739 4672 G'
759 4617 801 4672 ed.
821 4637 874 4672 σωκ
892 4638 922 4674 eo
941 4623 1021 4673 nasia
1079 4621 1223 4686 imperandi
1239 4618 1292 4684 (ed.
1307 4623 1462 4688 inperante).

195 4703 262 4759 Mor
281 4704 324 4758 ed.
342 4707 518 4758 retributionis
534 4709 632 4758 maden
702 4709 838 4774 religiosae
910 4707 1037 4771 centena

265 4790 323 4858 ³)b
346 4805 403 4857 seq.
423 4795 521 4843 nnuc.
565 4787 655 4843 lituus
681 4788 815 4858 ambigua
837 4790 911 4844 esset
931 4787 1001 4844 haec
1022 4789 1170 4843 verboram
1192 4788 1372 4844 constructio:
1400 4811 1462 4843 unus

192 4881 260 4943 fidei
275 4887 301 4929 et
317 4882 406 4930 salutis
423 4879 514 4929 merito
531 4886 651 4943 receptae
669 4879 833 4929 testimoniam
850 4879 943 4928 retulit.
