3450 5678
6 4512 15 4542 i

765 363 936 412 nmsronn
961 355 1011 414 26.
1461 361 1524 427 405

325 518 378 582 9..
390 516 553 583 Ponamus
565 520 685 600 tamen,
704 519 830 582 etiamsi
845 519 933 583 nulla
943 523 1082 605 synodus
1097 524 1333 609 praecessisset,
1348 528 1438 611 cujus
1450 554 1524 615 spo·
1537 559 1562 595 a.
1573 549 1630 597 495.

146 615 364 686 stolicn
379 621 471 686 sedes
483 624 571 709 recte
583 622 674 685 fieret
686 622 876 705 exsecutrix,
894 646 965 687 curn
982 625 1096 707 quibus
1112 630 1181 690 erat
1196 627 1234 690 de
1252 628 1370 693 Aeneia
1386 632 1525 715 synodus

148 715 415 788 ineunda?
442 722 604 808 Numquid
628 746 699 789 cum
722 724 782 809 his,
806 725 858 808 qui
879 725 948 808 jain
970 727 1144 811 participes
1174 731 1371 797 tenebantur
1392 734 1523 819 Acacio,
1583 809 1585 813 ,

151 822 194 882 eb
260 844 362 909 per
384 824 552 892 Orientem
574 829 677 890 totimr
701 826 867 891 catholicis
890 828 1108 893 sacerdotibus
1123 830 1280 896 violenter
1301 834 1439 899 exclusis
1454 860 1524 921 per-

150 938 279 1005 que
318 928 444 996 exsilia
458 926 586 993 diversa
600 929 764 1016 relegatis,
788 930 864 995 socii
889 930 1055 996 evidenter
1070 933 1269 1000 exsistebant
1292 938 1524 1005 communionis

149 1029 414 1116 externae,
438 1031 528 1117 prius
544 1053 584 1095 se
607 1031 647 1095 ad
670 1032 750 1097 haec
773 1033 934 1097 consortia
957 1035 1200 1120 transferentes,
1224 1059 1320 1121 quam
1343 1039 1426 1103 sedis
1449 1064 1523 1127 spo·
1623 1063 1626 1078 ·

148 1129 382 1201 molinae
404 1134 486 1201 scite
510 1133 738 1199 consulerent?
767 1135 845 1200 Cum
868 1136 982 1221 quibus
1005 1158 1083 1222 ergo
1105 1142 1175 1202 erat
1197 1141 1337 1224 synodus
1358 1141 1523 1208 ineunda?

145 1223 410 1304 Catholici
438 1237 607 1323 pontifices
635 1237 767 1303 fuerant
788 1238 929 1324 undique
948 1240 1017 1322 jam
1045 1240 1184 1323 (inpulsi,
1214 1241 1335 1326 solique
1362 1265 1523 1311 remanse-

143 1330 315 1403 rane
344 1340 425 1405 socii
447 1340 651 1424 perfidorum,
682 1362 753 1405 cum
781 1341 896 1426 quibus
919 1342 989 1426 jam
1017 1364 1076 1406 nec
1099 1342 1218 1408 licebat
1244 1344 1363 1409 habere
1385 1368 1521 1413 eonven-
1598 1344 1600 1348 ’

138 1426 333 1528 t¹11113
355 1442 433 1527 quia
453 1444 552 1507 moris
565 1443 782 1530 ,ecclesiastici
805 1445 935 1509 omuino
958 1467 1023 1509 non
1046 1449 1138 1530 esset,
1164 1469 1235 1510 cum
1257 1447 1317 1525 his,
1344 1449 1398 1532 qui
1420 1449 1522 1534 pollu-

133 1527 298 1606 t&111
350 1545 609 1611 communionem
645 1549 794 1610 tenerent
832 1548 1084 1632 permixtamque
1121 1570 1193 1612 cum
1231 1549 1381 1633 perfidis,
1421 1550 1520 1616 idlum
1601 1550 1604 1555 ’

125 1636 385 1713 miseere
408 1646 589 1731 concilium,
621 1647 778 1732 propheta
800 1671 925 1732 quoquc
947 1649 1090 1713 dicente:
1114 1655 1184 1715 Non
1205 1657 1271 1716 sedi
1291 1652 1370 1729 tali)
1393 1661 1522 1719 concilio
1533 1632 1650 1754 &1¹33

116 1744 393 1815 vanitatis
421 1761 452 1814 et
478 1771 545 1815 can
568 1757 674 1830 iniqua
694 1756 867 1829 perentibus
895 1772 954 1814 nan
978 1756 1116 1829 introibo,
1148 1759 1232 1818 adivi
1257 1763 1520 1834 concrepationem
1534 1738 1574 1766 ”’
1635 1736 1657 1754 ”

105 1844 450 1933 ”aliquanta
477 1864 507 1917 et
532 1873 599 1918 enni
627 1858 726 1932 impiis
754 1874 814 1916 nan
842 1858 960 1918 sedebo.
1006 1852 1107 1917 Recte
1136 1854 1237 1939 igitur
1263 1877 1321 1938 per
1348 1855 1519 1922 Calchedo-

97 1943 129 1991 Π
141 1957 357 2020 ensis
384 1954 499 2039 synodi
527 1952 663 2018 ferinam
691 1953 872 2038 hujusmodi
906 1955 1140 2039 praevaricatio
1168 1957 1295 2040 repulsa
1324 1962 1374 2022 est
1400 1961 1517 2044 potius,

89 2044 343 2122 quaxn
364 2057 407 2122 ad
428 2056 610 2139 concilium,
633 2056 717 2140 qaod
740 2078 800 2120 nec
822 2079 901 2141 opus
924 2062 994 2122 erat
1015 2060 1089 2142 post
1112 2058 1250 2141 primam
1273 2060 1430 2144 synodum
1458 2084 1519 2128 nec

82 2146 322 2223 culn.
341 2159 461 2225 talibus
484 2158 603 2223 habere
624 2157 753 2242 licebat,
778 2158 915 2223 adducta
943 2163 1001 2223 est.
1047 2159 1131 2224 Nam
1155 2161 1284 2246 etquid
1308 2165 1458 2246 ageretur
1480 2164 1519 2228 de

71 2228 280 2348 fifle
325 2260 494 2345 catholiea,
519 2261 546 2325 si
561 2260 743 2346 intelligere
758 2260 944 2343 voluissent,
968 2262 1119 2345 ignorare
1141 2285 1208 2327 non
1231 2254 1519 2350 potera1s,⁸quum

66 2345 142 2399 Π
155 2350 393 2431 tierent
415 2363 590 2429 catholicos
605 2364 774 2449 pontifices
789 2363 879 2427 nulla
895 2365 1009 2448 synodi
1025 2364 1233 2449 discussione,
1258 2365 1346 2429 nullo
1370 2367 1517 2451 concilio,

56 2449 417 2553 Pl‘R-‹aipue
445 2452 543 2552 quum
572 2488 670 2531 novas
699 2487 810 2530 causas
839 2488 908 2530 esse
936 2466 1182 2552 perpenderent,
1213 2471 1281 2532 toto
1310 2468 1443 2534 Oriente
1465 2471 1519 2534 de·

51 2550 186 2613 ΡΕ
194 2550 339 2654 lli3
360 2573 394 2635 et
415 2569 514 2635 ceteri
536 2569 611 2654 quid
635 2573 794 2651 caverent,
819 2591 857 2631 ex
873 2568 1000 2633 illorum
1015 2570 1137 2633 discere
1153 2570 1308 2654 qualitate
1326 2570 1516 2654 potuissent.

51 2630 362 2738 Quat
382 2672 494 2758 igitur,
523 2674 560 2735 ut
586 2670 720 2756 iliiusffi)
750 2671 852 2754 partis
875 2693 929 2735 eos
951 2672 1050 2735 fuisse
1079 2672 1122 2735 sit
1145 2672 1277 2754 clarum,
1308 2673 1359 2736 cui
1389 2695 1423 2736 se
1445 2679 1519 2757 post

47 2734 241 2821 bf·
321 2774 537 2860 experimenta
559 2773 730 2856 dedenmt,
760 2773 936 2857 meritoque
960 2774 1001 2837 ab
1030 2774 1206 2857 apostolica
1233 2775 1306 2838 sede
1341 2775 1518 2859 ceterisque

47 2854 414 2943 cai*J-lrolicis
435 2898 502 2942 non
521 2875 591 2959 jam
614 2875 800 2940 consulendi
824 2879 917 2938 erant
939 2876 1057 2958 potius,
1082 2875 1136 2939 sed
1159 2877 1304 2940 notandi.

335 2981 383 3046 10.
414 2976 559 3044 Risimus
582 2981 700 3061 autem,
724 2978 807 3062 quod
831 2978 1088 3061 praerogativam
1111 2977 1223 3041 volunt
1245 2978 1366 3042 Acacio
1390 2999 1516 3062 comps-

50 3055 186 3204 ἰ’-ᾖ·
194 3080 328 3165 1⁸5,
352 3082 427 3167 quis
449 3081 618 3166 episcopus
646 3079 744 3144 fuerit
771 3081 880 3163 regiae
903 3079 1055 3143 civitatis.
1101 3079 1264 3163 Numquid
1293 3081 1377 3164 apud
1398 3080 1518 3144 Medio-

77 3164 366 3267 ‘'·¹1nm,
391 3182 476 3269 apud
498 3181 700 3263 Ravennam,
731 3181 815 3265 apud
838 3181 999 3263 Sirmium,
1030 3182 1114 3265 apud
1137 3183 1285 3246 'treviros
1307 3182 1416 3246 inultis
1438 3187 1516 3247 tem·

61 3254 221 3322 DQ
231 3284 375 3351 libus
403 3307 470 3350 non
498 3283 646 3349 constitit
678 3282 875 3366 imperator?
920 3282 1208 3369 Numquidnamffl)
1242 3284 1356 3347 harum
1389 3285 1516 3348 urbium

72 3353 425 3462 ffassenons
452 3386 538 3452 ultra
564 3407 748 3450 mensuram
775 3385 904 3448 sibimet
932 3385 1110 3469 antiquitus
1139 3385 1324 3469 deputatam
1352 3385 1541 3472 quidpiam*

114 3460 548 3522 ΧΧ-ῤ-

318 3578 396 3645 ⁶¹)Q¹
414 3595 469 3631 cun
485 3579 592 3630 concilio
611 3575 640 3628 ot
657 3573 763 3628 omittit
780 3578 849 3628 odini
866 3603 897 3612 -
910 3576 1010 3626 sedete.
1042 3572 1107 3629 Mox
1126 3572 1194 3628 editi
1212 3579 1337 3628 viderant.
1368 3572 1516 3646 Sequimur

325 3662 331 3697 ι

287 3658 346 3817 ἲ)
362 3746 395 3814 Q¹
409 3745 445 3813 Ο*
462 3751 528 3801 iliius
546 3765 601 3800 esse
620 3744 663 3812 (ΩΙ
677 3764 722 3799 cos
732 3747 824 3811 faisse)
842 3748 979 3799 haereseos
996 3750 1029 3797 sit
1048 3751 1150 3798 ciarum.
1179 3743 1245 3797 Mox
1258 3743 1326 3798 editi
1339 3751 1516 3814 experimenta

142 3789 404 3888 “quderunt.
442 3831 629 3903 Theophanes
646 3847 710 3901 pag.
724 3836 774 3884 ‘207
793 3829 936 3896 observat,
955 3847 1050 3884 omncs
1067 3829 1129 3883 illos
1147 3828 1292 3899 episcopos
1311 3830 1448 3900 (lignitate
1466 3850 1516 3887 siun

152 3878 337 4007 Ῥῦΐοε
353 3935 414 3974 esse
433 3933 466 3972 eo
485 3915 597 3987 quidem
615 3915 745 3982 obtentu,
768 3914 842 3984 qnod
863 3915 1002 3983 tyrannis,
1025 3913 1072 3982 qui
1094 3913 1123 3967 in
1141 3913 1280 3968 Zenonem
1303 3917 1515 3981 rebellaverant,

198 3978 368 4061 abrorem
385 4001 567 4058 contulissent
584 4000 623 4070 (id
640 4018 723 4073 porro
742 4003 795 4066 est,
814 4000 888 4068 quod
902 3999 1027 4054 Gelasius
1045 4020 1122 4053 novas
1140 4019 1232 4053 camna
1251 4000 1327 4054 nulla
1344 4002 1449 4070 synodo
1468 4019 1516 4056 an-

183 4040 390 4144 tQQtrdentc
407 4087 546 4143 discussas
562 4089 667 4155 vocat),
685 4104 715 4140 re
728 4087 822 4140 antem
840 4103 918 4153 vera,
937 4085 1012 4154 qnod
1030 4082 1195 4138 Heneticum
1208 4084 1376 4153 rejecissent.
1406 4086 1456 4140 Cui
1468 4087 1516 4140 ob-

203 4148 394 4229 Qmfioni
417 4173 514 4228 sisinn
536 4172 679 4242 adjungit:
711 4177 804 4226 Petrus
827 4184 909 4226 autern
932 4176 1005 4226 hirtio
1024 4175 1184 4225 Antiochiam
1207 4177 1349 4241 inpressae,
1373 4176 1449 4225 neritia
1472 4190 1513 4223 ne·

207 4230 328 4315 stude
348 4265 522 4331 perpetrarit,
544 4271 572 4314 nt
592 4270 656 4329 puta
672 4262 765 4327 epnodr'
782 4255 1035 4325 (calchedonensis)
1054 4261 1260 4318 exsecrationes,
1280 4262 1456 4325 episcoporum
1468 4258 1512 4308 ab·

224 4332 405 4415 *0natt0neq
424 4350 559 4401 noxiorum
575 4340 742 4406 intrusiones,
762 4349 937 4398 ordinationes
955 4347 1096 4411 illepitinrns
1114 4354 1141 4397 et
1158 4346 1198 4395 bis
1214 4346 1313 4396 sinilia.

313 4434 346 4501 ⁸⁴)
362 4431 396 4498 Q¹
410 4429 446 4497 Οἳ
464 4434 591 4500 Numprid
605 4434 664 4497 jan
681 4434 776 4483 narum.
806 4428 849 4482 Ab
867 4426 1026 4483 Alexandro
1043 4427 1218 4482 Antiocheno
1237 4427 1361 4482 audente
1379 4425 1513 4480 innocen-

214 4552 221 4573 .
239 4496 302 4571 tins
318 4517 384 4573 olim
402 4515 555 4582 commiss,
574 4516 667 4569 utrum
686 4513 779 4568 divisis
798 4519 924 4583 imperiali
941 4519 1043 4580 jndicio
1059 4518 1211 4583 provinciis,
1235 4526 1261 4566 nt
1279 4519 1343 4567 dune
1361 4516 1514 4580 metropoles

247 4600 320 4672 tear,
337 4608 377 4659 eie
394 4608 444 4658 duo
456 4606 646 4671 metropolitani
662 4606 778 4670 episcopi
794 4604 903 4654 debeant
916 4605 1051 4662 nonu'narr',
1072 4599 1215 4668 respoudit
1228 4597 1307 4668 epist.
1321 4603 1354 4650 24
1366 4614 1392 4649 n.
1407 4602 1435 4649 2:
1456 4600 1513 4650 Non

251 4700 302 4743 tete
313 4709 365 4744 ere
378 4693 455 4743 υἰηπι
466 4698 512 4749 est,
532 4692 568 4741 ad
584 4690 743 4742 nobilitatem
762 4692 937 4741 necessitatum
955 4691 1135 4740 standunarum
1149 4690 1198 4738 Dei
1212 4688 1350 4738 Ecclesiam
1368 4687 1515 4736 commutari

253 4773 402 4845 haeresque
420 4785 466 4828 arat
482 4777 617 4828 divisiones
634 4778 739 4841 perpeti
755 4784 802 4826 etc.
833 4771 903 4825 lluio
922 4771 1047 4839 decreto,
1067 4770 1142 4841 qnod
1160 4769 1245 4825 etiam
1258 4784 1368 4821 omnem
1385 4766 1415 4820 in
1428 4766 1513 4823 eoele-

252 4856 362 4915 tiusticis
379 4858 523 4915 ordinibus
540 4858 786 4913 commutationem
805 4858 863 4912 solo
882 4875 974 4912 rerum
987 4855 1170 4912 saecularium
1187 4854 1289 4909 intuitu
1302 4851 1431 4918 exchulit,
1449 4869 1513 4909 eon-

251 4948 394 5001 sentaneus
411 4946 455 5000 est
472 4943 703 5001 calchedonensis
722 4961 780 4999 can.
797 4949 834 4997 ii.
