3450 5678
367 322 430 387 486
840 338 867 384 s.
886 336 1026 384 aannsn
1050 336 1162 383 curua

300 573 308 581 ⁶
367 493 500 575 patitur,
525 491 725 574 subrogabis
757 495 792 553 ut
818 490 905 553 locus
928 490 1140 574 processionis
1163 489 1388 553 celeberrimus
1411 489 1451 553 ad
1474 489 1636 574 mysterio

369 616 439 658 rum
463 593 738 658 consecrationem
760 614 819 656 nec
842 591 1007 656 sacerdote
1029 591 1175 676 indigeat
1196 613 1257 656 nec
1278 590 1438 656 ministro.

833 761 1115 866 Fragmentum
1142 763 1175 845 6.

739 904 771 954 (Ji
791 903 961 952 (1111111111
978 903 1110 952 diaconum
1129 910 1268 955 consecret.
1653 913 1717 983 par

522 1018 712 1082 Gelasius
736 1018 884 1083 Sabino
907 1017 1105 1103 episcopo.

454 1137 610 1212 Quintum
633 1137 834 1201 defensorem
856 1137 1025 1200 diaconum
1048 1136 1178 1200 sibimet
1201 1137 1382 1201 consecrari
1404 1137 1542 1222 populus
1563 1137 1644 1204 Gru·

369 1240 533 1303 mentinae
556 1241 695 1304 civitatis
719 1239 872 1324 exposcit.
918 1238 1015 1303 Himc
1038 1261 1132 1323 ergo,
1167 1239 1195 1302 si
1222 1238 1269 1303 nil
1298 1243 1347 1304 est
1374 1239 1458 1324 quod
1481 1239 1551 1323 ejus
1573 1263 1644 1324 per-

370 1364 467 1405 sonae
487 1335 592 1425 'possit
607 1342 736 1426 opponi,
761 1342 899 1405 diaconii
915 1343 1121 1427 provectione
1136 1341 1316 1406 decorabis:
1340 1345 1376 1405 ut
1389 1342 1519 1406 noverit
1533 1345 1644 1408 temen

370 1444 498 1508 dileetio
527 1447 599 1527 tua,
638 1444 698 1507 hoe
728 1465 762 1507 se
790 1445 1014 1529 delegantibus
1041 1443 1134 1508 nobis
1162 1443 1292 1527 exsequi
1321 1443 1495 1508 visitatoris
1524 1444 1643 1526 officio,

370 1568 435 1609 non
458 1549 620 1630 potestate
643 1546 765 1630 proprii
788 1546 973 1611 sacerdotis,

835 1716 1117 1820 Fragmentum
1144 1717 1176 1798 7.

389 1857 546 1921 Corripitur,
566 1859 635 1922 quod
649 1874 722 1921 popa
739 1860 879 1907 inconsulto
898 1858 934 1906 111
950 1858 1091 1906 cornitulum
1108 1856 1292 1920 profectionem
1309 1863 1393 1920 paret.
1423 1857 1462 1906 ue
1478 1860 1632 1917 reverenda.
1666 1866 1717 1918 P

782 1959 847 2007 quae
865 1943 957 1992 diuinis
974 1943 1100 2007 mysteriis
1118 1942 1233 1995 debetur.

524 2058 708 2123 Gelasius
732 2057 892 2141 Elpidio
915 2059 1103 2143 episcopo
1125 2057 1406 2122 Volaterrano.

460 2182 486 2242 l.
525 2177 592 2253 Quo
621 2201 716 2260 ausu,
747 2201 810 2261 qua
837 2178 1019 2242 temeritate
1048 2177 1197 2242 rescribis
1219 2176 1409 2241 Ravennam
1419 2178 1442 2263 ¹)
1471 2182 1505 2242 te
1534 2200 1648 2262 parare

372 2280 543 2363 proficisci,
568 2303 664 2364 quain
682 2279 1253 2365 11111111)111111111111111111111
1275 2278 1399 2343 nullum
1421 2281 1554 2344 omnino
1570 2302 1646 2364 pon·

372 2382 492 2446 tificeni
515 2382 576 2446 nisi
600 2383 693 2446 nobis
716 2383 827 2466 ante3)
851 2382 927 2445 visis
956 2385 1053 2466 atque
1081 2382 1236 2446 consultis
1259 2381 1299 2444 ad
1323 2380 1511 2446 comitatum
1532 2383 1648 2448 debere

374 2485 583 2549 contendere!
619 2485 709 2560 lluod
724 2507 821 2567 quum
836 2483 985 2568 longaevi
1008 2483 1058 2548 vel
1074 2486 1180 2547 aetate
1203 2482 1253 2547 vel
1276 2483 1395 2547 honore
1410 2484 1593 2568 pontifices,
1616 2485 1646 2549 id

374 2591 422 2650 est
444 2586 664 2669 PistoriensiS,
699 2586 852 2650 Lucensis
875 2589 907 2650 et
930 2585 1121 2669 Fesulanus,
1152 2609 1255 2670 nuper
1278 2589 1498 2652 monstrentur
1519 2585 1647 2670 iecisse,

373 2692 419 2772 tu,
444 2690 497 2773 qui
516 2710 688 2773 paucorum
704 2688 827 2752 dierum
845 2689 938 2773 fungi
954 2688 1132 2752 sacerdotio
1148 2688 1274 2770 videris,
1298 2688 1567 2772 quemadmodum
1588 2689 1649 2754 tibi

374 2796 467 2875 putas
491 2792 605 2874 licere,
635 2791 718 2873 quod
740 2791 921 2874 nonlicet,
956 2791 1020 2854 nisi
1043 2791 1127 2875 quod
1149 2790 1209 2855 hoc
1231 2791 1338 2855 officio
1361 2811 1469 2855 carere
1497 2791 1648 2874 festinas,

375 2895 470 2978 quot)
493 2898 525 2958 te
548 2893 598 2957 liis
621 2893 801 2956 excessibus
824 2893 965 2958 ostendis
988 2893 1183 2977 indignum?

459 2997 490 3060 2.
528 2996 742 3060 Sacrosancta
765 2995 888 3080 religio,
913 3017 993 3080 quae
1017 2994 1207 3060 catholicam
1230 2998 1321 3060 tenet
1338 2995 1555 3079 disciplinam,
1579 2999 1651 3061 tair-

373 3103 442 3162 1111
464 3098 525 3162 sibi
548 3098 760 3162 reuerent-iani
783 3098 942 3181 vindicat,
980 3099 1017 3161 ut
1044 3097 1082 3161 ad
1112 3119 1182 3161 eain
1211 3095 1346 3181 quilibet
1373 3097 1436 3162 nisi
1463 3119 1548 3182 pura
1576 3120 1651 3164 oon·

375 3201 510 3265 scientia
532 3223 598 3264 non
621 3200 737 3264 audeat
759 3200 937 3285 pervenire.
982 3199 1067 3264 Nam
1089 3202 1279 3285 quomodo⁵)
1308 3200 1347 3264 ad
1375 3198 1476 3264 divini
1504 3201 1651 3286 mysterii

376 3303 650 3368 consecrationem
674 3302 820 3367 coelestis
844 3302 982 3387 Spiritus
1003 3302 1170 3368 invocatus
1193 3302 1353 3386 adveniet,
1383 3302 1410 3366 si
1432 3302 1596 3387 sacerdos,
1619 3309 1652 3368 ct

375 3407 429 3489 qui
453 3429 523 3469 eum
547 3406 656 3470 adesse
679 3405 879 3490 depreeatur,
905 3405 1084 3469 criminosis
1106 3404 1220 3488 plenus
1241 3404 1421 3469 actionibus
1436 3406 1652 3490 reprobetur?

395 3701 408 3748 7
447 3699 464 3762 1)
484 3697 518 3760 Q²
537 3704 571 3751 111
590 3696 791 3761 1111111111,11
810 3711 865 3762 qua
882 3693 1012 3747 nimirum
1031 3694 1099 3747 urbe
1119 3693 1288 3747 Theoderici
1302 3693 1377 3763 regis
1395 3693 1460 3748 aula
1477 3697 1549 3751 erat.

444 3782 464 3846 ²)
483 3780 553 3836 Vide
572 3800 648 3838 conc.
667 3781 795 3836 Antioeh.
817 3798 839 3836 1.
854 3787 897 3846 11,
916 3778 1021 3834 Sardio.
1043 3781 1212 3845 1211118,
1231 3777 1333 3832 Zosimi
1351 3794 1443 3848 papae
1456 3778 1540 3849 epist.
1557 3788 1569 3835 i
1589 3800 1615 3836 n.
1630 3789 1653 3845 1,

377 3865 464 3918 Hilari
483 3866 563 3936 epist.
585 3874 643 3921 71.
663 3873 679 3921 4
697 3875 726 3921 11
743 3867 887 3934 vulgatum
907 3864 1031 3919 codicem
1050 3863 1115 3918 ecel.
1135 3863 1218 3917 Afric.
1239 3881 1299 3934 cap.
1323 3870 1378 3918 106.

444 3953 465 4017 ³)
484 3955 521 4005 1ω
539 3952 644 4007 omittit
655 3965 724 4008 aule.
742 3952 862 4019 Moxque
875 3951 893 4004 Z
907 3949 1010 4004 delevit
1028 3955 1097 4019 quod
1108 3970 1180 4018 quum
1197 3955 1356 4017 1111911111-
1369 3955 1475 4013 11111νί11,
1494 3952 1574 4020 quod
1589 3970 1653 4007 cuni

376 4037 509 4091 Ronranis
528 4037 731 4092 correctoribus
749 4054 783 4092 cx
805 4036 959 4105 Polymrpo
977 4035 995 4088 l.
1015 4036 1026 4088 l
1045 4036 1065 4088 t.
1086 4040 1116 4088 17
1134 4034 1163 4089 11
1180 4034 1242 4089 aliis
1260 4034 1459 4090 revocavimus.
1496 4035 1610 4092 Ibidem
1626 4043 1654 4092 i'd

377 4134 415 4174 111
434 4140 467 4176 ex
486 4122 519 4175 X'
539 4122 704 4176 addidimus.

445 4210 465 4275 ⁴)
484 4207 559 4259 Editi
577 4213 646 4277 quod
663 4207 692 4274 (Z
712 4210 771 4277 quo)
790 4212 828 4260 liis
847 4210 993 4261 carceribus
1012 4218 1045 4259 11.

446 4297 466 4358 5)
485 4291 589 4361 Supple
607 4299 633 4345 iu
651 4298 822 4347 celebratione
845 4297 983 4347 diuinorum
1005 4298 1189 4359 mysteriorum,
1226 4291 1356 4357 Quanivis
1375 4294 1469 4346 anteiri
1487 4293 1653 4363 hujusmodi

378 4379 545 4446 argumento
563 4378 684 4446 probare
703 4379 810 4433 soleant
829 4380 857 4432 ct
875 4377 922 4433 alii
940 4379 1047 4447 patres,
1066 4395 1150 4444 quani
1162 4376 1317 4432 necessaria
1328 4377 1364 4431 sit
1376 4378 1563 4435 sacerdotalis
1575 4398 1653 4435 niun·

378 4462 472 4528 ditias,
495 4479 634 4530 quamque
657 4463 821 4530 absurdum,
844 4463 978 4534 Spiritum
996 4465 1122 4517 sanctum
1145 4464 1182 4518 ab
1200 4479 1233 4517 eo
1256 4462 1392 4529 invocari,
1414 4461 1462 4530 qui
1484 4462 1579 4533 ipsum
1598 4480 1653 4520 non

378 4547 520 4613 habuerit,
543 4564 597 4601 non
615 4545 772 4602 inficiantur
789 4549 896 4615 tamen,
915 4548 1048 4619 Spiritum
1066 4551 1191 4603 sanctum
1210 4548 1368 4603 invocatum
1386 4547 1498 4616 adesse,
1518 4550 1587 4617 quis
1605 4550 1654 4605 mi·

379 4631 458 4685 nistri
477 4632 573 4687 vitium
591 4634 703 4703 supplet
721 4632 857 4697 Christum,
877 4635 953 4704 cajus
972 4633 1081 4688 nomine
1100 4634 1157 4690 sive
1176 4634 1291 4690 abonis
1309 4633 1366 4688 sive
1384 4651 1402 4688 a
1419 4632 1501 4687 malis
1515 4634 1653 4691 ministris

379 4733 458 4772 saera
476 4717 608 4787 mysteria
625 4720 807 4789 peregantur.
