3450 5678
220 299 284 368 830
662 316 690 367 s.
706 315 914 367 noanrsnaa
936 317 1051 365 elesa

113 495 138 533 a.
149 483 206 533 518.
222 469 484 554 εὐαγγελίσεται,
506 467 587 554 παρ’
610 467 832 553 δπαηελάβε-
883 477 916 535 io
936 479 1019 551 quod
1045 478 1217 552 accepistis,
1254 460 1426 536 anatliema
1448 479 1509 537 eit!

220 598 273 657 τε,
307 569 461 656 ἀνάθεμα
490 574 613 637 ἔστω.“
664 571 830 637 Φυλάττει
883 572 994 638 Servet
1016 595 1093 659 ergo
1115 573 1216 638 latam
1242 595 1300 658 pro
1323 574 1402 639 fidei
1429 596 1507 639 con·

219 672 285 760 γάρ
307 672 369 758 τὴν
391 682 657 758 προενεχθεῖσαν
685 671 751 739 ὑπὸ
774 677 832 758 τῆς
883 676 1064 741 servatione
1094 676 1306 757 sententiam,
1353 677 1507 762 quisquis

221 781 377 861 φυλακῆς
397 781 456 861 τῆς
477 779 619 853 πίστεως
644 774 830 860 ἀπόφασιν,
882 778 1090 862 apostolicam
1113 778 1256 863 sequitur
1276 778 1504 862 disciplinam.

221 884 256 945 εί
272 903 322 956 τις
349 883 389 964 τῇ
418 876 624 964 ἀποστολικῇ
647 876 834 943 ἀκολουθεῖ
882 878 927 944 Et
954 881 1081 965 quidem
1107 881 1199 944 nobis
1235 902 1311 944 cura
1344 903 1415 946 uon
1451 882 1505 947 de

136 1057 143 1087 s
221 980 431 1065 διδασκαλίᾳ.
477 980 544 1044 Καὶ
565 977 646 1064 ἡμῖν
675 979 737 1064 μὲν
765 969 830 1044 οὖν
881 981 958 1066 fuit3
981 1005 1057 1047 nam
1080 982 1230 1067 gaminae
1252 982 1434 1067 legationis
1457 985 1505 1048 of·

221 1083 361 1167 φροντλς
398 1081 565 1160 ἕνέλειυε·
605 1082 660 1146 καλ
693 1080 758 1164 γάρ
790 1085 830 1166 τῇ
882 1084 955 1149 ficio
977 1083 1128 1169 quidquid
1149 1084 1348 1168 inprecibus
1363 1085 1504 1170 humile,

220 1185 317 1268 τῆςδε
329 1185 449 1268 διπλῆς
464 1181 629 1269 ὑπηρεσίᾳ
640 1185 830 1268 πρεσβείας,
883 1185 1035 1270 quidquid
1063 1187 1097 1250 in
1125 1185 1376 1271 allegationibus
1401 1188 1504 1253 ratio

221 1291 255 1351 εί
272 1309 304 1352 τι
327 1287 366 1352 ἐν
393 1296 465 1362 ταῖς
494 1285 628 1370 δεήσεσι
658 1285 830 1368 ταπεινδν,
883 1288 1006 1371 flabile,
1031 1287 1184 1373 quidquid
1206 1288 1241 1352 in
1263 1289 1433 1353 mandatis
1454 1312 1505 1354 sa-

222 1393 255 1452 εί
272 1413 304 1454 τι
327 1388 366 1454 ἐν
387 1384 830 1470 ταῐςδικαιαλογίαιςεῦλο-
882 1389 988 1473 lubre,
1019 1389 1200 1455 detulimus
1254 1389 1316 1454 Sed
1340 1392 1504 1476 numquid

220 1513 295 1574 γον,
319 1495 352 1556 εί
362 1516 394 1556 τι
418 1490 456 1556 ἐν
471 1501 543 1566 ταῖς
559 1489 711 1566 ἐντολαῖς
727 1487 830 1572 ὑγιὲς,
883 1491 952 1555 ideo
974 1491 1171 1577 negligenda
1193 1495 1242 1557 est
1260 1492 1413 1576 justitiae
1439 1495 1501 1576 via,

222 1589 468 1677 ὑπηνέγκαμεν.
496 1589 593 1655 Ἀλλά
603 1592 648 1676 μὴ
661 1590 717 1656 διά
729 1596 830 1656 τοῦτο
882 1593 1005 1678 quiae)
1028 1616 1149 1660 errores
1182 1616 1255 1659 suos
1283 1594 1396 1680 diligit
1428 1618 1502 1660 cum

221 1690 384 1779 ἀμελητέα
408 1694 501 1760 ἐστὶν
516 1691 536 1779 ἡ
552 1690 630 1770 ὁδὸς
649 1698 707 1777 τῆς
721 1694 830 1759 δικαι·
882 1695 1099 1761 obstinatione
1121 1696 1278 1780 perfidia?
1320 1695 1400 1762 Non
1424 1701 1502 1762 sunt

222 1796 357 1880 οσύνης,
382 1792 499 1880 ἐπειδὴ
520 1792 579 1871 τάς
600 1795 686 1872 ίδίας
702 1795 831 1871 πλάνας
878 1797 1038 1883 jungendi
1061 1820 1133 1861 cum
1156 1798 1346 1863 cadentibus
1372 1799 1498 1884 lapsus.

222 1895 334 1984 ἀγαπᾷ
355 1895 437 1983 μετὰ
459 1894 619 1972 ἀπονοίας
640 1893 829 1980 ἡάπιστία;
882 1897 959 1963 Sine
985 1901 1096 1963 nostra
1124 1900 1317 1985 contagIone
1347 1906 1497 1984 pereant,

116 2023 122 2030 ·
224 1997 296 2066 Οὐκ
319 2002 389 2065 ἔστι
411 1999 645 2064 συνάπτεσθαι
667 1995 748 2083 μετά
770 2002 831 2063 τοῦ
882 2001 936 2085 qui
959 2001 998 2064 ab
1021 2001 1239 2084 impietatibus
1267 2002 1334 2066 suis
1360 2024 1423 2068 nec
1447 2026 1497 2069 ca·

222 2107 291 2168 τῶν
344 2100 538 2166 πιπτόντων
588 2097 828 2185 ὀλισθήματος·
882 2103 1002 2188 stigato
1025 2125 1130 2167 errore
1145 2101 1375 2186 deelinant³²)!
1411 2103 1495 2169 Data

222 2203 307 2270 ἄνευ
328 2207 386 2288 τῆς
407 2201 569 2287 ἡμετέρας
599 2202 705 2286 λύμης
727 2199 831 2267 ἀπολ-
882 2204 912 2268 V
939 2204 1015 2269 Idus
1043 2205 1208 2269 Februarii
1241 2208 1316 2289 post
1350 2206 1493 2270 consula·

222 2306 408 2371 λάσδωσαν
441 2306 477 2370 οί
501 2301 567 2370 άπό
601 2308 669 2368 τῶν
698 2304 833 2368 οἰκείων
883 2309 951 2371 tum
975 2308 1116 2392 Agapeti
1138 2306 1196 2371 viri
1220 2307 1401 2372 clarissimi.

222 2406 388 2491 ἀσεβειῶν
403 2407 485 2492 μηδὲ
497 2406 764 2490 μαστιγουμένης
776 2411 834 2490 της

222 2511 351 2594 πλάνης
367 2509 587 2585 ἐκκλίνοντες.
618 2511 649 2571 Κ
656 2504 696 2570 αλ
717 2506 833 2593 ἑτέρᾳ

223 2615 344 2697 χειρί·
365 2609 400 2675 Ὁ
412 2608 497 2688 Θεὸς
521 2608 606 2696 ὑμᾶς
619 2607 833 2692 ὑγιαίνοντας

223 2712 424 2798 διαφυλάξη,
447 2714 547 2778 τέκνα
570 2710 732 2796 ἀγαπητά.

261 2814 383 2900 Ἐδόθη
417 2813 483 2898 πρὸ
519 2814 694 2899 τεσσάρων
731 2814 831 2879 εἰδῶν

224 2920 468 3003 Φευρουαρίων
489 2915 570 3003 μετά
592 2916 654 3003 την
669 2913 832 2981 ὑπατείαν

219 3019 408 3106 Ἀγαπητοῦ
430 3025 492 3086 τοῦ
514 3019 761 3105 λαμπροτάτου.

725 3206 908 3312 Epistola
932 3207 988 3291 41.

422 3359 560 3429 ‚tustini
585 3362 816 3446 imperatoris
838 3360 881 3426 ad
903 3360 1131 3426 Hormisdam
1153 3378 1291 3445 papam.

569 3501 603 3552 Se
621 3504 797 3567 imperatorem
815 3504 918 3552 electum
936 3517 992 3551 esse
1010 3502 1142 3567 εἰηηίγῐοαλ.

375 3633 563 3699 Justinus
586 3636 789 3720 Augustus
812 3633 1044 3699 Hormisdae
1066 3655 1200 3718 papae.

308 3752 368 3816 Dei
397 3753 552 3817 beneficia
574 3753 651 3818 licet
672 3754 797 3837 multis,
827 3755 963 3819 maxime
991 3758 1101 3816 tamen
1128 3752 1260 3816 summis
1282 3752 1480 3837 pontificibus

225 3857 375 3920 convenit
397 3855 543 3919 iudicari.
573 3854 711 3920 Proinde
734 3857 899 3920 sanctitati
922 3859 1045 3919 vestrae
1068 3876 1125 3939 per
1145 3854 1203 3918 has
1219 3876 1327 3919 sacrm
1350 3854 1482 3920 declam·

223 3978 294 4021 mus
317 3957 484 4042 epistolas,
513 3958 596 4041 quod
623 3960 761 4042 pn'mum
783 3958 910 4042 quidem
930 3957 1154 4041 inseparabilis
1176 3956 1347 4021 lbinitatis
1368 3957 1483 4038 surore,

224 4058 338 4123 deinde
361 4059 628 4143 amplissimorum
652 4081 816 4144 procerum
846 4060 929 4123 sacri
957 4059 1060 4123 nostri
1091 4058 1204 4143 palatii
1233 4063 1267 4122 et
1293 4058 1485 4124 sanctissimi

224 4164 353 4224 senatus
382 4182 443 4225 nec
478 4184 544 4225 non
577 4161 731 4226 electione
762 4161 935 4225 firmissimi
968 4159 1124 4224 exercitus
1152 4159 1192 4223 ad
1219 4159 1391 4245 imperium
1418 4183 1485 4243 nos,

223 4260 300 4328 licet
321 4262 467 4327 nolentes
491 4285 528 4327 ac
551 4267 744 4347 recusantes,
768 4263 918 4346 elect0s¹)
940 4262 1039 4327 fuisse
1065 4266 1161 4346 atque
1186 4261 1343 4328 firmatos.
1376 4261 1486 4328 Preca-

225 4394 271 4402 -—
289 4395 468 4402 -——-—--.-.

291 4451 323 4518 ⁸¹)
341 4450 384 4504 lla
402 4449 436 4504 G¹
456 4452 484 4505 et
503 4450 641 4505 consentit
658 4468 797 4519 graecum.
838 4452 875 4504 At
893 4453 918 4503 a*
939 4455 982 4519 ηιιι·
1004 4469 1107 4504 errores
1178 4454 1320 4518 perfidiae:
1345 4449 1420 4518 quod
1438 4448 1488 4504 Ba·

223 4533 318 4590 ronias
336 4535 458 4590 retinens
480 4535 612 4590 nonnulla
633 4536 762 4606 supplere
780 4535 849 4602 (scil.
869 4540 1024 4590 Anastasius
1041 4537 1191 4603 imperator)
1215 4533 1376 4604 compulsus
1393 4536 1436 4590 eat
1452 4532 1486 4588 ab

224 4619 389 4675 Hormisdae
406 4623 500 4676 mente
519 4620 617 4676 aliena.

292 4708 324 4774 ⁸²)
342 4722 377 4760 co
401 4723 463 4761 cum
481 4724 583 4778 graeco
605 4706 651 4761 hic
674 4706 749 4761 odd:
779 4711 813 4761 Ει
830 4715 912 4761 altera
930 4726 1017 4761 ιιιοιιιιι
1048 4711 1114 4761 vem
1131 4725 1175 4761 uos
1192 4725 1270 4761 conos
1287 4711 1427 4769 ωιοδλιλι
1441 4707 1486 4770 filo·

223 4795 386 4845 dilectissimi.
423 4798 491 4848 Data
509 4798 527 4847 I
530 4799 553 4847 V
571 4797 635 4847 Idus
653 4805 700 4847 etc.

223 4879 255 4929 41
292 4878 312 4943 ¹)
330 4876 357 4930 Is
373 4877 532 4946 Anastasio,
559 4879 590 4931 ut
608 4877 792 4948 Theophanes
808 4896 835 4948 p.
847 4883 902 4931 ull
923 4876 976 4944 (ed.
995 4874 1082 4931 Bonu.
1101 4880 1162 4946 263)
1184 4878 1282 4932 auctor
1304 4877 1361 4944 est,
1386 4871 1483 4948 spem
