3412 5664
683 332 884 382 reseremus
907 335 939 381 v,
1219 317 1222 325 '
1381 321 1444 387 575

214 492 322 552 Elius
342 491 430 550 bomo
451 498 520 550 erat
541 493 645 550 similis
666 492 751 551 notis
769 495 928 567 passibilis.
973 486 1070 551 Dicat
1092 488 1206 551 beatus
1229 488 1344 554 Petrus
1370 513 1442 574 apo·
1457 509 1593 574 tanati.

191 593 290 655 lus:
318 596 480 667 Uerissimi,
510 611 596 668 roae,
626 601 658 654 ut
679 597 769 670 quusi
788 597 907 655 incolae
935 606 963 654 et
991 597 1129 655 navatae
1151 597 1327 655 abstineatis
1349 613 1400 655 aas
1424 615 1443 654 a
1456 603 1468 647 1
1481 595 1555 651 Petr.

191 697 387 773 paratibus
408 697 626 772 uoluptatibus,
657 713 734 770 quae
756 699 888 756 militant
910 698 1057 758 aduersus
1079 701 1229 768 animam;
1259 697 1291 756 et
1313 670 1526 783 iterumti'ssj

191 801 277 858 tile
295 802 406 858 mirari
426 800 470 857 aei
486 797 650 873 sanorem,
676 802 730 875 qui
750 802 793 859 art
813 803 1005 860 tentationem
1028 801 1110 861 rotis
1128 803 1179 873 tit,
1204 802 1293 876 quasi
1306 803 1378 861 noui
1389 802 1443 859 ali·
1473 772 1479 795 '

191 903 238 960 (1
272 902 350 961 robis
370 903 537 976 continuat.
583 896 665 960 Item
694 902 821 981 postea:
855 902 1067 963 Sobriicstate
1088 905 1271 982 clariritate,
1295 905 1367 979 quia
1389 905 1551 976 act-sesa.

191 1007 328 1063 sarius
351 1011 446 1064 aester
467 1005 604 1064 diabotus
626 1007 715 1079 qirasi
734 1007 781 1064 ieo
805 1004 943 1077 fremens
964 1008 1073 1066 circuit
1095 1023 1254 1083 accurrens,
1283 1023 1370 1080 quem
1393 1007 1443 1065 eie·

191 1113 277 1175 ·et,·
298 1109 349 1167 cui
369 1109 498 1167 resistite
520 1110 551 1166 in
572 1108 643 1181 licie,
668 1109 793 1167 scientes
815 1110 933 1166 ertatem
954 1111 1109 1183 pressiones
1131 1112 1161 1168 in
1185 1111 1274 1183 omni,
1300 1117 1444 1183 quaeest

194 1211 351 1283 muricia,
372 1208 577 1282 fraternitate
599 1218 699 1268 uestra
719 1212 805 1282 iteri:
828 1228 846 1268 a
868 1228 931 1291 qna
946 1207 1152 1270 fraternitate
1166 1207 1318 1270 nimirum
1333 1228 1367 1271 se
1382 1206 1443 1289 ipsi

191 1304 314 1371 elium
343 1328 439 1392 saepe
468 1310 652 1372 cunctorum
682 1306 799 1371 fratres
822 1309 1031 1392 annuntiant,
1060 1331 1119 1373 nee
1148 1331 1238 1373 suam
1266 1309 1444 1392 probantur

191 1411 359 1474 crevisse
381 1431 562 1495 personam.
608 1409 704 1473 Dicat
731 1409 843 1473 beatus
865 1408 1032 1475 Jobamres
1054 1411 1216 1496 apostolus
1246 1417 1279 1475 et
1306 1432 1442 1495 evange-

191 1532 242 1574 a
274 1511 335 1594 ille,
358 1513 411 1597 qui
426 1513 462 1575 in
477 1514 606 1596 pectore
628 1511 788 1575 discubuit
810 1510 1000 1578 Salvatoris:
1024 1518 1061 1578 Si
1081 1504 1256 1592 dixerimus,
1281 1521 1353 1594 quia
1370 1535 1442 1593 pec-

191 1635 275 1678 mn
297 1637 355 1680 non
377 1620 527 1687 tabernas,
555 1621 750 1695 nosmetipsos
777 1621 954 1695 redierimus,
983 1624 1054 1695 quia
1083 1625 1197 1682 ueritas
1218 1626 1248 1681 in
1271 1622 1355 1681 nobis
1382 1638 1441 1680 non

191 1737 211 1783 .·
262 1722 341 1796 quod
360 1725 389 1782 si
408 1720 543 1794 conelesti
560 1721 710 1795 fuerimus
736 1724 847 1782 aelicta
875 1730 989 1795 nostru,
1024 1726 1122 1794 tidelis
1143 1731 1187 1784 cst
1206 1732 1236 1783 ct
1249 1725 1360 1799 justus,
1389 1725 1443 1798 aui

191 1824 312 1883 mittent
326 1825 410 1884 nobis
429 1832 569 1901 peccata,
594 1833 623 1884 et
643 1825 764 1884 mundet
779 1842 834 1884 nos
855 1826 893 1884 ab
916 1828 997 1885 arretii
1016 1828 1184 1901 iniquitate.
1207 1822 1307 1886 Item:
1334 1826 1445 1897 (trrortsi

191 1928 341 1988 mimm
362 1929 435 2003 qreia
457 1944 517 1987 nou
536 1930 745 2002 peccavimus,
775 1930 945 1987 mendacem
971 1928 1124 2001 faciemus
1152 1947 1227 2004 eum,
1251 1938 1280 1989 ct
1315 1929 1441 1988 Verbum
1454 1941 1524 2002 ωε).

191 2042 228 2084 ἐ
264 2047 319 2090 nou
341 2031 401 2090 erit
422 2031 453 2089 in
477 2031 569 2090 erotis.
594 2024 691 2090 Dicat
709 2024 810 2089 idem:
833 2034 918 2089 Haec
940 2032 1040 2090 scribo
1062 2033 1152 2110 uobis,
1178 2039 1209 2091 ut
1229 2048 1287 2092 non
1301 2034 1441 2107 peccetis.
1452 2045 1545 2106 ‘2‚1⁸q·

191 2128 220 2185 ἰ
258 2134 367 2208 aquis
378 2135 560 2208 peccauerit,
586 2135 767 2193 aduocatum
789 2133 931 2193 trahemus
946 2135 1032 2208 aptati
1047 2135 1167 2194 Patrem
1183 2136 1310 2209 Justum,
1335 2135 1442 2209 etipse

191 2237 349 2306 ›pittatio
368 2243 564 2311 peecatorum
586 2244 765 2308 nostrorum,
791 2252 851 2294 non
873 2220 990 2295 tantum
1013 2244 1197 2314 nostrorum,
1225 2239 1280 2296 scot
1300 2244 1329 2296 et
1351 2237 1441 2296 totius

191 2338 289 2396 eneti.
330 2333 419 2398 Idem
441 2334 525 2419 ipse:
550 2337 651 2416 Omne,
682 2339 765 2414 arcad
786 2341 816 2396 ia
840 2338 948 2396 mintrio
976 2346 1032 2412 est,
1064 2342 1308 2415 concupiscentia
1336 2341 1513 2412 cornisam
1523 2366 1562 2417 sq.

227 2446 272 2497 et
290 2443 528 2516 concupiscentia
542 2444 695 2502 oculorum
718 2448 748 2501 ct
768 2442 890 2501 arnbitio
912 2443 1036 2514 saeculi,
1061 2460 1138 2516 ureae
1160 2460 1219 2501 non
1240 2450 1284 2501 est
1300 2459 1320 2500 a
1338 2443 1439 2520 Patre,

191 2534 212 2591 1
246 2558 289 2601 cx
307 2543 418 2603 maredo
431 2552 492 2610 est,·
515 2553 544 2604 et
564 2545 694 2604 meinans
710 2547 830 2619 trartsit,
855 2551 884 2604 et
900 2547 1146 2620 concupiscentia
1161 2547 1238 2620 ejus,
1268 2548 1321 2622 qui
1342 2552 1440 2605 autem

191 2646 285 2704 serit
302 2649 480 2706 uoluntatem
504 2648 631 2719 Domini,
660 2654 761 2707 munet
789 2649 819 2706 in
842 2654 1007 2706 aeternum.
1053 2642 1174 2706 Veniat
1200 2651 1339 2708 minimus
1368 2664 1439 2724 apo·
1461 2637 1545 2692 ¹001*-

191 2744 312 2805 uorum
345 2744 399 2807 sed
433 2767 487 2810 aas
519 2752 671 2810 electionis
699 2744 775 2828 Dei,
810 2744 919 2808 veniat
946 2745 1101 2829 magister
1133 2745 1280 2829 gentium
1308 2744 1437 2826 Paulus,
1451 2710 1590 2840 ffc’ggjtffi

192 2843 372 2909 aedicator
394 2847 521 2912 divinae
543 2848 670 2933 gratiae
692 2847 864 2932 singularis
893 2850 925 2911 et
947 2847 1091 2932 mysterii
1120 2847 1265 2911 coelestis
1296 2847 1440 2930 copiosus

195 2945 342 3031 misor,
365 2947 420 3013 ille
441 2951 497 3035 qni
513 2950 610 3014 verba
625 2950 812 3033 ineffabilia,
837 2950 903 3014 sive
926 2950 958 3013 in
983 2971 1113 3034 corpore
1135 2951 1202 3013 sine
1219 2953 1310 3013 extra
1326 2971 1439 3031 corpus

191 3046 329 3134 sciens,
353 3051 388 3116 in
410 3052 542 3116 tertium
566 3053 687 3117 eoelum
709 3052 832 3117 levatus
856 3052 987 3133 erudivit,
1012 3053 1065 3135 elui
1081 3056 1175 3116 tanta
1196 3053 1304 3137 gratia
1325 3050 1439 3114 redun-

191 3143 277 3232 Wit,
297 3157 443 3239 utquam
465 3157 609 3220 omnium
632 3159 716 3220 esset
737 3158 926 3239 postremus
949 3155 1022 3239 plus
1037 3155 1184 3218 omnibus
1207 3155 1378 3236 laboraret,
1407 3156 1440 3215 et

191 3239 222 3349 {i
255 3272 313 3319 non
335 3256 438 3321 solum
460 3257 606 3323 fidelibus
629 3259 780 3341 insinuet,
804 3256 880 3341 quid
903 3257 1079 3341 superbae
1101 3261 1192 3341 parte
1215 3256 1360 3339 sentiret,
1384 3255 1440 3319 sed

191 3337 285 3461 flam,
305 3359 380 3443 qnid
402 3359 441 3423 de
463 3381 497 3424 se
519 3361 590 3445 ipso
611 3361 809 3446 pronuntiet,
834 3359 933 3424 tibere
956 3361 1101 3424 veritatis
1122 3359 1233 3423 doctor
1255 3358 1438 3423 annuntiet.

191 3442 217 3503 *i
241 3461 389 3541 qnoniam
403 3461 536 3547 longum
553 3466 602 3526 est
618 3468 745 3548 cuneta,
763 3486 845 3549 (prae
861 3464 899 3528 ad
916 3463 1001 3528 lianc
1018 3485 1144 3526 eausam
1161 3463 1336 3546 pertinent,
1353 3461 1439 3525 dieta

191 3556 340 3647 evolvere,
363 3567 527 3648 ponantur
542 3588 644 3649 pauca
667 3566 706 3631 de
728 3567 847 3652 antitis,
871 3590 909 3631 ex
930 3566 1044 3652 quibus
1061 3565 1152 3629 nobis
1168 3564 1438 3628 sufficientissime

191 3641 421 3750 demonstretur,
455 3668 559 3751 magis
593 3690 650 3732 nos
673 3692 745 3733 eum
767 3669 867 3734 Paulo
894 3670 1008 3733 debere
1036 3668 1209 3750 infirmari,
1245 3671 1281 3731 nt
1314 3666 1438 3730 habitet
1451 3668 1533 3723 tter.

191 3746 316 3832 Christus
338 3770 372 3834 in
395 3769 498 3853 nobis,
528 3793 624 3855 quium
646 3794 718 3834 cum
740 3773 882 3856 quolibet
905 3772 998 3836 aliter
1020 3772 1180 3835 sentiente
1202 3792 1298 3854 quam
1320 3769 1439 3835 Paulus
1460 3745 1559 3839 ω’.

194 3852 274 3931 f⁰ftes
294 3870 403 3955 videri,
428 3876 461 3936 et
483 3872 580 3957 velut,
604 3874 687 3958 quod
711 3874 805 3959 absit,
830 3874 949 3940 Christi
972 3873 1119 3938 remediis
1142 3895 1208 3937 non
1230 3894 1335 3958 egere.
1380 3873 1439 3936 Ait

191 3981 267 4050 eigo:
287 3977 356 4038 Scio
377 3982 466 4057 euim,
490 3983 563 4055 auia
575 4000 633 4040 aon
649 3982 767 4041 tubitet
782 3985 812 4042 in
827 3999 883 4054 me,
907 3982 964 4041 boc
978 3988 1029 4056 est,
1054 3983 1086 4041 in
1102 3998 1287 4054 carneuna,
1312 3982 1437 4050 totitem
1450 3961 1561 4084 2⁰23»

191 4090 247 4136 uam
266 4082 338 4140 uelle
358 4083 484 4158 adjacet
504 4084 585 4149 miti,
604 4086 755 4159 perficere
775 4091 874 4144 aretem
897 4084 1004 4144 borram
1027 4101 1087 4143 non
1110 4086 1238 4143 inuenio.
1272 4083 1339 4142 Nou
1360 4085 1437 4142 enirn
1517 4070 1556 4084 ”’

191 4181 256 4256 (aad
274 4186 347 4255 roto,
372 4184 429 4244 boc
447 4184 554 4257 sacio;
587 4203 647 4245 aon
675 4204 730 4259 cao
753 4203 864 4262 operor
891 4188 977 4258 titur,
1008 4187 1063 4245 seri
1084 4186 1166 4261 arrad
1190 4187 1308 4245 licebitne
1334 4188 1365 4243 in
1393 4202 1440 4243 nte

191 4292 336 4346 arentiam.
380 4281 478 4345 ltem:
503 4288 699 4348 Coridelector
726 4291 804 4348 enim
832 4290 895 4363 ieai
917 4289 973 4347 liei
997 4290 1159 4348 sectandam
1187 4291 1359 4348 interiorem
1387 4287 1438 4345 ieri·
1451 4271 1561 4394 ἓφῑζέ

191 4391 293 4464 riuem3
328 4390 416 4449 irtaco
444 4398 543 4449 aretem
570 4392 662 4450 utiam
684 4393 779 4465 traam
813 4394 843 4451 in
872 4392 1009 4450 membris
1037 4393 1109 4450 meis
1136 4399 1352 4468 renuntiantem
1379 4391 1442 4463 irai
1452 4378 1483 4392 ””
1521 4378 1559 4392 ““

191 4492 276 4552 nuris
302 4508 401 4565 meuc,
437 4509 476 4552 uc
502 4496 653 4568 captiuum
675 4511 721 4553 me
747 4496 903 4555 auceritem
931 4496 963 4553 in
988 4495 1055 4569 leae
1069 4496 1206 4568 peccati,
1237 4510 1316 4568 quae
1341 4495 1438 4552 estin

191 4593 307 4655 eminis
338 4597 419 4653 rucis.
466 4597 557 4655 Miser
583 4613 639 4670 cao
666 4595 763 4671 tomo,
794 4599 861 4671 qaia
886 4613 932 4656 me
963 4596 1101 4656 liberabit
1121 4597 1159 4656 de
1179 4613 1309 4671 corpore
1335 4598 1438 4655 mortis

191 4697 283 4776 rjra?
317 4699 426 4756 Gratia
449 4696 506 4756 Itei
525 4715 585 4773 per
613 4698 715 4758 Jesriru
739 4700 885 4759 Cieristam
901 4699 1059 4758 Iiomiriam
1082 4707 1226 4758 nostrum.
1271 4695 1375 4769 Quare
1404 4716 1438 4756 se

191 4796 269 4861 itur
292 4795 443 4858 nrisernm
465 4794 627 4859 hominem
650 4795 806 4880 appellat,
831 4818 928 4880 quare
951 4818 984 4860 se
1006 4797 1126 4880 gaudet
1148 4818 1205 4881 per
1224 4797 1342 4861 (thristi
1365 4818 1437 4881 gra-

191 4920 245 4965 nm
269 4896 310 4960 de
331 4897 444 4961 nirirtis
471 4919 603 4982 corpore
625 4897 765 4985 liberari,
792 4897 819 4961 si
843 4899 940 4962 nullis
962 4898 1129 4965 affectibus
1157 4899 1317 4965 hnmanae
1344 4898 1437 4964 mise·

1458 1489 1542 1544 1J0h.

1458 1565 1550 1628 l‚8sq.

1461 2930 1546 2982 tCor.

1455 3005 1561 3065 laesq.
