3450 5678
235 289 298 354 824
676 301 703 350 s.
719 300 927 351 noanrsnrn
950 301 1065 350 aaran

127 485 152 524 a.
163 471 221 523 518.
276 459 309 523 4.
354 459 582 541 Καταθυμίως
612 459 845 540 κοινωνοῦμεν
938 455 970 520 4.
1029 456 1182 522 Libenter
1239 457 1522 524 communicamus

234 560 273 628 ἐν
305 559 438 655 τούτοις
474 555 556 642 ύμῖν
589 569 659 635 τοῖς
689 558 844 642 δόγμασι.
898 557 1049 644 dogmata
1085 560 1148 623 ista
1181 559 1355 624 vobiscum.
1426 560 1522 626 Dicit

209 664 335 751 ,Atyn
357 663 422 746 γάρ
444 683 512 726 που
528 658 546 725 ὁ
562 659 758 744 σοφώτατος
774 665 846 725 Σα-
898 662 984 725 enim
1038 661 1294 746 sapientissimus
1342 662 1522 729 Salomon:

135 740 364 863 &liupan-
397 763 599 847 ,Μακάριος
621 760 639 828 ὁ
664 762 846 846 κηρύσσων
898 767 1028 842 Βεαεαε,
1064 771 1118 844 qui
1139 770 1305 844 praedicat
1331 771 1459 831 νεεδαιπ
1489 774 1521 830 in

170 851 176 876 ’
237 867 339 950 λόγον
373 867 420 942 εἰς
442 865 549 951 ἀκοὴν
571 861 846 941 ῦπακούοντος·“
900 887 1005 930 aurem
1043 871 1223 939 obedientis;
1272 868 1430 952 gaudium
1470 872 1522 934 est

238 965 427 1053 εύφροσμίη
449 968 512 1053 μὲν
535 959 600 1032 οῦν
624 968 695 1033 ἐστι
717 963 754 1031 τό
774 967 848 1030 δια-
900 967 1070 1052 siquidem,
1104 967 1248 1033 volentes
1271 969 1392 1054 alloqui
1421 974 1457 1034 et
1481 971 1522 1034 ad

237 1071 397 1153 λέγεσθαι
411 1080 481 1145 τοῖς
494 1069 669 1152 θέλουσιν,
694 1068 749 1133 καὶ
765 1069 850 1151 πρὸς
900 1074 1022 1134 rectam
1053 1071 1140 1135 viam
1175 1093 1244 1154 eos,
1280 1073 1334 1156 qui
1367 1094 1437 1136 non
1474 1094 1523 1136 re·

237 1170 299 1258 την
327 1170 438 1257 ὀρθήν
466 1169 549 1238 ὁδδν
576 1168 655 1247 τούς
683 1165 727 1256 μή
755 1169 849 1237 α’ντι-
900 1172 1082 1253 luctentur,
1138 1172 1271 1237 hortari.
1354 1172 1524 1239 Tenemus

51 1298 60 1314 ·
128 1289 224 1353 epea.
238 1277 443 1351 παλαίοντας
457 1274 718 1357 προτρέπεσθαι.
743 1273 851 1338 Κατέ-
902 1275 989 1339 enim
1020 1273 1162 1340 obsidem
1194 1275 1270 1340 fidei
1301 1277 1431 1340 vestrae
1461 1277 1524 1341 sub

238 1401 340 1462 χομεν
362 1374 426 1460 γαρ
450 1375 613 1460 ἐνέχυρον
635 1380 693 1459 τῆς
709 1378 851 1451 πίστεως
901 1377 1082 1442 litterarum
1124 1376 1323 1462 professione
1366 1381 1525 1443 constan·

237 1485 296 1564 τῆς
338 1476 517 1563 ὑμετέρας,
572 1470 633 1561 τὴν
672 1475 738 1542 ἀπὸ
782 1481 851 1542 τῶν
901 1480 997 1562 tiam,
1021 1501 1084 1563 qua
1106 1501 1125 1543 a
1146 1483 1427 1565 transgressorum
1446 1502 1525 1545 con·

238 1575 442 1666 γραμμάτων
486 1578 757 1666 ὁμολογηθεῖσαν
794 1582 850 1644 ἔν·
901 1582 1034 1666 tagione
1056 1581 1165 1665 divisi,
1189 1582 1229 1645 ad
1251 1581 1452 1665 apostolicae
1476 1606 1527 1648 se·

239 1699 370 1766 στασιν,
394 1680 439 1747 δι’
455 1675 495 1767 ἧς
518 1685 555 1748 έκ
579 1685 636 1766 τῆς
658 1686 726 1746 τῶν
741 1703 852 1765 παρα-
903 1685 952 1748 dis
979 1684 1131 1769 dogmata
1165 1687 1197 1747 et
1228 1682 1386 1748 mandata
1413 1707 1526 1750 recur-

238 1788 353 1868 βατιῦν
376 1784 482 1870 λύμης
505 1785 729 1869 χωρισθέντες
751 1781 852 1861 siccat
903 1786 988 1850 ritis:
1019 1807 1088 1850 sero
1111 1785 1239 1870 quidem
1260 1787 1345 1850 riam
1371 1787 1527 1853 veritatis

125 1921 126 1925 =
238 1891 297 1972 τῆς
325 1885 548 1972 ολποστολικῆς
576 1886 745 1969 καθέδρας
772 1886 852 1968 δόγ-
903 1888 1059 1973 ingressi,
1104 1887 1159 1952 sed
1195 1887 1387 1953 benedictus
1419 1889 1526 1973 Dens,

239 2013 326 2075 ματα
355 1989 411 2055 καὶ
441 1987 581 2065 ἐντολὰς
605 1988 849 2072 ἐπανέρχεσθε·
904 1991 958 2075 qui
994 2012 1060 2055 non
1097 1992 1133 2054 in
1169 1990 1268 2054 finem
1303 1989 1526 2075 obliviscitur,

239 2089 302 2170 ὀψὲ
323 2091 386 2176 μὲν
408 2082 473 2156 οῦν
496 2091 674 2174 ἐπιβάντες
694 2094 753 2174 τῆς
768 2088 851 2155 ὀδοῦ
903 2093 958 2177 qui
985 2092 1118 2178 corripit
1145 2096 1178 2157 et
1204 2092 1370 2175 medetur,
1411 2095 1527 2175 neeff)

240 2198 299 2278 της
320 2190 498 2278 ἀληθείας,
527 2189 602 2258 ἀλλ’
627 2188 806 2276 εὐλογητὸς
833 2188 851 2256 ὁ
904 2193 1055 2260 continue
1078 2194 1186 2279 gregis
1219 2193 1269 2258 sui
1296 2216 1373 2258 oves
1396 2196 1529 2280 patitur

242 2294 326 2373 Θεὸς
348 2295 411 2361 οῦκ
434 2296 482 2372 ει’ς
503 2295 597 2371 τέλος
625 2292 852 2360 ε’πιλανθύνε-
903 2297 1127 2361 insidiantium
1155 2296 1304 2381 luporum
1337 2300 1528 2382 rapacitate

241 2424 312 2481 ται,
341 2394 378 2475 ὃς
400 2397 553 2463 παιδεύει
583 2397 639 2460 καὶ
662 2397 767 2480 ἰᾶται,
796 2395 852 2460 καὶ
904 2398 1055 2482 discerpi,
1091 2399 1146 2483 qui
1172 2420 1230 2483 per
1257 2398 1527 2484 districtionis¹⁸)

242 2499 321 2568 οῦδὲ
349 2504 408 2585 τῆς
435 2497 609 2584 ἡνωμένης
643 2495 749 2562 αὐτοῦ
777 2500 852 2562 ποί·
904 2500 1152 2585 temperantiam
1194 2521 1254 2565 nee
1291 2502 1528 2570 coercitionem

241 2629 326 2690 μνης
353 2603 393 2668 τὰ
421 2602 573 2685 πρόβατα
602 2611 760 2685 καρτερεῖ
784 2603 853 2665 τῶν
905 2625 1033 2667 suorum
1049 2603 1188 2688 negligit
1202 2624 1262 2667 nec
1277 2603 1435 2667 salutem!
1461 2604 1527 2670 Sed

243 2704 537 2790 ἐπιβουλευόντων
570 2701 685 2767 λύκων
719 2707 758 2787 τῇ
791 2700 849 2785 ἆρ-
905 2706 980 2790 quid
1008 2705 1139 2788 mirum,
1174 2706 1201 2770 si
1223 2726 1297 2769 oves
1325 2704 1444 2770 relicto
1468 2707 1526 2772 illo

242 2813 332 2892 παγῇ
357 2807 577 2888 διασπᾶσθαι,
602 2801 638 2881 ῦς
653 2803 708 2868 διδ
724 2808 782 2888 τῆς
797 2829 852 2870 κε-
905 2829 970 2871 uno
1007 2811 1040 2872 ct
1075 2829 1150 2871 vcro
1191 2810 1320 2892 pastore
1356 2807 1526 2893 dispersas

243 2908 410 2994 κραμένης
452 2905 635 2990 αὐστηρίας
677 2903 757 2972 οὐδὲ
796 2911 854 2990 τῆς
906 2909 1040 2974 callidus
1073 2912 1224 2973 cruentus
1257 2912 1290 2972 et
1323 2931 1427 2993 rapax
1455 2917 1523 2975 tur·

243 3011 427 3096 ολσφαλειάς
463 3013 532 3073 τῶν
569 3010 666 3074 ι’δίων
704 3005 854 3093 ὑπερορᾷ
906 3013 994 3076 bavit
1016 3011 1165 3076 insidiis?
1192 3010 1254 3086 Qui
1275 3011 1522 3076 tutelamsuam

243 3113 324 3180 οῦδὲ
339 3118 398 3198 τῆς
412 3113 587 3196 σωτηρίας.
610 3107 708 3175 Ἀλλὰ
723 3113 757 3174 τί
765 3117 854 3175 θαν-
907 3114 1072 3197 deserunt,
1108 3113 1169 3198 ipsi
1191 3135 1225 3177 se
1247 3114 1418 3199 periculis,
1451 3115 1522 3200 qai·

243 3213 383 3302 μαστόν,
406 3215 437 3279 εἰ
456 3210 496 3277 τὰ
519 3212 672 3295 πρόβατα
700 3215 854 3277 καταλει-
906 3217 965 3281 bus
987 3216 1166 3298 lanientur,
1190 3220 1367 3300 exponunt.

245 3320 392 3404 μθέντος
429 3316 563 3382 ἐκείνου
599 3319 661 3380 τοῦ
695 3313 769 3391 ἑνὸς
801 3315 857 3379 καὶ

244 3419 412 3505 ἀληθινοῦ
456 3416 613 3501 ποιμένος
658 3417 856 3500 διασκορπι-

245 3522 372 3589 σθέντα
405 3517 423 3587 ὁ
450 3523 660 3602 πανοῦργος,
694 3517 712 3583 ὀ
741 3518 857 3602 αἵμασι

245 3625 461 3709 πεφυρμένος
476 3620 532 3686 καὶ
545 3619 665 3705 ἅρπαξ,
688 3630 761 3698 ταῖς
783 3621 857 3686 ἐνέ-

246 3729 342 3812 δραις
365 3724 542 3809 {viariam
589 3724 633 3789 oi
657 3721 718 3808 τὴν
744 3721 857 3807 ἀσφά-

246 3834 341 3895 λειαν
364 3826 425 3912 τὴν
441 3828 533 3892 ἰδίαν
550 3826 857 3911 καταλιμπάνοντες

246 3929 343 3996 αὐτοὶ
359 3926 499 4006 ἑαυτούς
513 3940 583 4007 τοῖς
598 3927 783 4010 κινδύνοις,
800 3922 857 4011 ὑφ’

247 4025 296 4099 οἷν
319 4032 583 4115 σπαράττονται,
616 4032 854 4116 ἐμβάλλουσιν.

288 4138 320 4200 5.
347 4133 451 4199 Ὥστε
475 4134 531 4198 καὶ
557 4139 624 4198 νῦν
651 4137 736 4217 γοῦν
759 4133 856 4216 στεῤ-
950 4137 980 4201 5.
1019 4135 1108 4221 Ergo
1138 4158 1225 4200 nunc
1258 4135 1375 4201 saltem
1411 4137 1513 4202 solidis

248 4238 318 4322 ῥοῦς
339 4235 488 4321 βήμασιν
512 4235 689 4322 ε’ντῇὸδῷ
707 4238 856 4299 coinua-
908 4239 1053 4323 passibus
1090 4240 1124 4302 in
1161 4239 1245 4303 viam
1282 4246 1434 4323 patrum,
1476 4239 1511 4304 ad

247 4338 366 4422 τέρων,
389 4336 473 4421 πρὸς
496 4334 538 4422 ἣν
561 4335 776 4421 ἀνεδρύμετε,
800 4340 855 4402 ἔν·
908 4363 1004 4425 quam
1034 4341 1231 4423 recurristis,
1265 4341 1418 4407 insistite.
1461 4341 1512 4407 Po

248 4458 362 4525 στητε·
385 4440 528 4505 δύναται
549 4440 614 4523 γὰρ
637 4437 750 4504 τὸτοῦ
767 4444 856 4505 Θεοῦ
907 4445 981 4506 tens
1009 4443 1070 4507 erit
1097 4441 1316 4508 misericordia
1338 4442 1415 4528 Dei,
1444 4443 1512 4508 alio·

317 4613 348 4679 ¹⁷)
366 4612 385 4665 b
404 4632 449 4666 nec
467 4618 572 4676 diutins,
592 4627 626 4665 cc
645 4614 676 4664 ut
693 4609 722 4664 in
740 4626 842 4680 graeco
861 4632 907 4666 nee
924 4619 996 4667 uniti.

318 4699 348 4765 ¹⁸)
367 4697 403 4752 (δ’
421 4704 617 4760 distinctionem,
635 4699 660 4750 a¹
681 4702 861 4751 distinctionis:
880 4698 1019 4753 mendose.
1051 4698 1105 4753 Alii
1124 4699 1276 4754 secundum
1295 4716 1388 4769 graec.
1407 4719 1510 4769 perm-

249 4788 364 4836 ‹lerninm
386 4789 545 4836 severitatem
568 4784 627 4849 (seu
647 4802 696 4851 per
718 4793 881 4851 temperatam
900 4787 1084 4852 ααειενίλαιται)
1107 4805 1156 4838 non
1174 4790 1277 4853 nepiipit
1295 4804 1396 4839 ενοναιιι
1417 4791 1509 4838 tutela·

248 4887 329 4937 neque
345 4872 458 4925 salutem.
477 4899 510 4908 -
527 4867 593 4922 Mox
610 4884 646 4923 cc
663 4873 699 4921 iili
716 4889 772 4922 ιιιιο.
