3450 5678
630 316 801 368 serenans
824 305 876 365 42.
1323 302 1386 369 459

118 478 170 562 qui
193 475 423 560 conscripsere,
447 473 579 539 nomina
601 472 731 558 penitus
753 473 956 557 ignorantur,
981 475 1014 536 et
1029 472 1070 535 ab
1084 471 1265 537 infidelibus
1288 473 1387 558 vel²⁴)
1404 477 1489 529 ³·495

118 578 226 643 idiotis
248 576 411 662 superflua
437 579 493 641 aut
520 576 626 641 minus
649 578 861 659 aptapquam
883 575 930 639 rei
951 573 1027 638 ordo
1049 573 1157 657 fuerit,
1181 595 1250 639 esse
1271 578 1387 658 putan-
1400 547 1491 596 ‘⁴⁹⁶'

68 765 73 770 .
117 685 184 745 tur:
208 679 294 745 sicut
316 678 482 763 cujusdam
503 678 673 764 Quirici²⁵)
697 681 730 742 et
750 676 909 771 Julittae,
927 677 1010 741 sicut
1032 675 1164 761 Georgii
1191 675 1387 761 aliorumque

117 781 300 866 hujusmodi
327 781 510 865 passiones,
544 802 626 863 quae
661 780 702 844 ab
734 778 904 844 haereticis
936 777 1147 863 perhibentur
1180 780 1384 864 compositae.

116 884 253 969 Propter
274 883 369 967 quod,
393 886 431 948 ut
452 882 574 947 dictum
597 886 656 966 est,
687 903 729 946 ne
751 881 802 946 vel
823 881 902 945 levis
924 880 1145 946 subsannandi
1171 881 1308 946 oriretur
1335 904 1386 947 oc-

118 987 213 1069 casio,
242 985 278 1050 in
306 987 420 1050 sancta
442 984 590 1050 Romana
620 984 754 1049 eeclesia
781 1005 860 1048 non·
875 983 1036 1068 leguntur.
1081 982 1150 1048 Nos
1176 987 1286 1048 tamen
1314 1006 1386 1048 cum

117 1086 284 1173 praedicta
304 1087 441 1152 eeclesia
463 1091 497 1151 et
518 1108 629 1151 omnes
650 1089 808 1171 martyres
831 1090 986 1151 eteorum
1005 1085 1161 1171 gloriosos
1176 1107 1307 1171 agones,
1331 1087 1386 1171 qui

117 1189 184 1256 Deo
204 1190 310 1274 magis
331 1211 428 1274 quam
449 1188 632 1253 hominibus
659 1189 729 1253 noti
757 1193 843 1271 suut,
873 1189 960 1252 omni
987 1187 1156 1252 devotione
1184 1209 1383 1252 veneramur.

199 1291 282 1357 Item
304 1291 387 1356 vitas
409 1294 549 1376 patrum,
577 1290 680 1374 Pauli,
709 1280 865 1374 Antonii,
895 1289 1072 1355 Hilarionis
1099 1293 1132 1354 et
1153 1290 1296 1354 omnium
1318 1311 1385 1355 ere-

117 1396 278 1477 mitarum,
301 1415 380 1478 quas
402 1397 512 1458 tamen
534 1394 583 1457 vir
598 1353 801 1458 beatisiimus
822 1392 1038 1477 Hieronymus
1060 1392 1289 1477 descripsitw),
1313 1414 1385 1459 cum

12 1541 15 1545 -
112 1497 202 1562 omni
224 1495 346 1561 honore
368 1495 567 1579 suscipimus.

118 1649 167 1704 cisi
184 1648 221 1704 ab
242 1648 341 1718 ignoto
363 1649 478 1704 auctore
496 1648 679 1718 conscriptis
695 1647 789 1702 multis
808 1646 950 1703 catholicis
971 1648 1113 1716 legantur,
1135 1648 1287 1718 improbat.
1321 1648 1384 1705 Non

117 1733 228 1789 defuero
244 1734 353 1801 tamem
377 1734 426 1803 qui
443 1733 518 1802 quod
535 1735 662 1788 Romana
680 1733 796 1789 ecclesia
813 1732 923 1803 publice
941 1749 995 1787 non
1012 1727 1207 1803 permittebat,
1226 1733 1312 1788 etiam
1329 1734 1385 1805 pri·

117 1819 201 1874 vatim
217 1816 398 1874 interdictum
413 1819 555 1890 putarent.
590 1818 671 1874 Unde
689 1818 764 1888 apud
782 1818 974 1873 Mabillonium
991 1816 1119 1887 Biturgia
1137 1817 1235 1873 Gallie.
1254 1836 1319 1889 pag.
1333 1826 1384 1875 467

116 1903 249 1974 passionis
271 1905 432 1958 sanctorum
449 1903 648 1959 Captianorum
670 1903 790 1973 scriptor
812 1905 959 1973 quosdam,
982 1902 1030 1972 qui
1047 1905 1203 1972 martyrum
1225 1906 1307 1974 gesta
1327 1904 1385 1973 legi
1451 1940 1454 1949 ·

116 1988 309 2059 prohiberent,
337 1988 440 2044 acriter
462 1988 560 2058 carpit.
589 1988 665 2043 rNos
688 1989 774 2058 igitur
795 1989 847 2042 iste
865 2006 898 2043 ac
920 1988 1023 2043 similes
1041 1989 1168 2043 veterum
1192 1988 1247 2043 loci
1274 1988 1384 2057 docent,

116 2074 220 2142 quanta
237 2072 311 2128 circa
327 2073 462 2143 legendos
479 2073 508 2127 in
526 2073 644 2129 ecclesia
660 2074 747 2128 libros
765 2074 903 2146 majorum
915 2075 1073 2129 nostrorum
1086 2072 1185 2143 religio
1197 2073 1289 2129 fuerit.
1314 2074 1383 2129 Lao·

115 2158 243 2214 (ticenum
260 2159 406 2214 concilium
423 2175 483 2215 can.
496 2165 529 2215 59
547 2159 646 2214 sancit:
666 2165 761 2213 ηιὶπίηιε
779 2164 805 2212 in
823 2179 854 2213 ea
871 2165 992 2228 tenendos
1009 2164 1089 2214 libros
1106 2179 1156 2214 non
1174 2164 1318 2221 canonicos,
1337 2167 1385 2214 sed

114 2251 181 2300 satos
198 2250 335 2300 comnicos
352 2249 445 2300 veteris
462 2265 493 2299 ac
510 2249 569 2300 noni
584 2248 744 2300 Testamenti.
772 2244 922 2298 Decretum
939 2244 1098 2314 hujusmodi
1114 2244 1156 2300 ita
1168 2246 1308 2315 temperat
1321 2261 1384 2300 con·

115 2330 207 2385 cilium
222 2328 440 2399 carthaginense
458 2329 511 2396 Ill,
534 2329 564 2383 ut
586 2329 736 2399 postquam
755 2345 813 2384 can.
826 2334 859 2383 47
877 2329 988 2384 statuit:
1013 2340 1124 2399 praeter
1142 2336 1288 2399 scripturas
1305 2351 1382 2387 cano·

115 2421 185 2470 nicar
200 2419 264 2470 uitet
284 2419 312 2469 in
328 2419 436 2470 sedecia
457 2421 557 2485 tenatur
574 2419 618 2469 aad
637 2420 734 2470 nonina
752 2419 893 2469 divinarum
910 2422 1110 2485 senpturarnm
1133 2404 1217 2487 paulo
1235 2417 1302 2487 post
1318 2418 1383 2485 sub,-

110 2499 201 2569 jidai:
226 2505 304 2555 liceat
320 2505 396 2554 stiam
412 2506 463 2569 lspi
477 2507 612 2568 passiones
629 2511 779 2570 martyr-am,
798 2521 871 2570 qaum
888 2507 1060 2556 anniamarii
1076 2507 1131 2556 dies
1149 2522 1234 2557 eorum
1251 2506 1384 2556 celebran-

113 2596 162 2640 tur.
188 2584 223 2640 ld
234 2600 345 2653 qnoque
362 2585 440 2639 utin
457 2585 579 2640 ecclesiis
596 2585 739 2655 passiones
756 2587 912 2655 martyrum
930 2585 1102 2656 legerentur,
1120 2587 1196 2656 apud
1208 2587 1304 2642 Gallos
1316 2590 1382 2642 ante

113 2670 215 2744 saeculi
231 2669 258 2724 V
276 2668 380 2725 exitum
402 2688 452 2724 usu
475 2673 618 2741 receptum
641 2671 725 2725 fnisse
743 2688 776 2725 cx
794 2690 815 2725 s.
836 2670 958 2726 Caesarii
976 2670 1146 2727 Arelatensis
1170 2688 1309 2739 sermone,
1334 2672 1402 2742 qui·

112 2755 141 2810 in
159 2754 314 2826 appendice
328 2757 409 2810 tomo
425 2755 451 2810 V
468 2773 489 2810 s.
503 2755 650 2825 Augustini
668 2755 740 2811 3tins
758 2759 811 2823 est,
830 2755 976 2825 colligitur.
1004 2757 1141 2811 Eundem
1153 2773 1260 2811 morem
1274 2760 1303 2811 ct
1320 2758 1383 2811 sub·

112 2841 176 2896 inde
193 2841 223 2895 in
240 2841 396 2896 Romanam
414 2841 560 2896 ecclesiam
576 2841 720 2896 inductum
739 2859 805 2908 csse,
823 2840 902 2895 testis
924 2844 966 2896 est
982 2841 1117 2896 Hadriani
1135 2843 1147 2896 l
1165 2843 1285 2912 epistola
1302 2851 1331 2909 3,
1353 2841 1383 2896 in

112 2943 169 2995 qus
184 2925 369 2997 praecipitur:
400 2931 477 2982 Vitae
492 2933 661 2997 patrandae
678 2930 851 3004 probabilitas
867 2930 1013 2982 auctoribus
1024 2931 1120 2980 rninime
1132 2932 1158 2980 in
1169 2933 1277 2982 ecclesia
1295 2935 1383 2995 lapan·

112 3024 169 3074 tur,·
186 3032 244 3067 nans
255 3015 288 3066 ab
300 3015 453 3068 oridodorcis
471 3018 586 3068 iituimac
598 3024 624 3067 et
640 3018 814 3081 suscipiuntur
832 3023 857 3066 ct
875 3018 999 3081 tepenter.
1028 3011 1189 3081 Cuiusmodi
1201 3013 1288 3067 verba
1298 3013 1383 3068 inter·

110 3096 248 3168 poletioni
271 3096 397 3167 superius
419 3099 533 3153 notatae
555 3099 729 3153 occasionem
753 3097 859 3151 dedisse
882 3097 957 3151 haud
979 3099 1085 3153 temere
1107 3097 1263 3152 videantur.
1300 3097 1380 3152 Proo-

111 3186 191 3238 terea
206 3184 319 3238 sanctus
335 3181 514 3251 Benedictus,
533 3184 610 3253 cuius
628 3184 657 3238 in
674 3182 851 3238 latitudinem
870 3199 993 3237 secessus
1011 3183 1047 3237 ad
1066 3182 1169 3238 Gelasii
1186 3185 1316 3252 tempora
1332 3185 1382 3238 aut

112 3266 222 3322 circiter
238 3268 372 3333 refertur,
389 3268 504 3338 regulae
521 3270 613 3340 capite
631 3278 647 3325 9
666 3285 721 3322 non
739 3267 889 3338 scripturas
908 3269 1018 3322 tantum
1035 3274 1083 3324 sed
1101 3279 1126 3323 et
1143 3273 1318 3337 expositiones
1336 3288 1381 3322 ea-

111 3373 177 3416 ram,
201 3373 267 3423 quoe
284 3375 301 3408 a
319 3360 523 3410 nominatissimis
546 3358 692 3410 doctoribus
710 3358 863 3409 orthodoxis
880 3365 905 3408 et
923 3359 1053 3409 catholicis
1071 3357 1189 3424 putribus
1208 3358 1297 3421 sactae
1313 3365 1381 3421 suni,

111 3436 169 3507 logi
185 3437 364 3508 praescribit;
382 3439 457 3507 quod
474 3457 538 3494 eum
555 3441 669 3511 praeter
681 3439 813 3495 ecclcsiae
826 3440 970 3494 Romanae
983 3457 1065 3493 usum
1075 3438 1286 3511 praescripsisse
1298 3454 1380 3493 nemo

110 3522 164 3577 sibi
181 3523 362 3593 persuaserit.
381 3522 501 3579 maximo
518 3525 566 3594 qui
584 3527 613 3580 et
630 3525 720 3596 ipsum
738 3524 859 3581 auctiorit
877 3523 1019 3579 Gelasium
1030 3524 1064 3591 in
1082 3525 1135 3579 hoc
1153 3524 1265 3580 decreto
1283 3535 1380 3579 tracta·

111 3618 151 3663 iss
168 3614 274 3663 onaan
290 3614 491 3664 orttodoaoram
507 3623 608 3678 patrum
625 3617 746 3679 rependas
763 3610 889 3681 proxime
907 3610 1130 3666 constituentem.

137 3704 143 3709 '
177 3695 211 3762 ¹⁴)
229 3692 355 3748 riwin
363 3693 398 3747 F*
416 3705 449 3757 ei,
468 3694 515 3749 alii
533 3695 601 3750 editi
613 3708 665 3750 aut.
692 3695 800 3750 Deinde
818 3696 854 3749 Κ4
872 3701 976 3758 ideoiis,
994 3695 1071 3751 K³O³
1088 3701 1175 3752 idiotis
1187 3708 1231 3751 aui
1243 3701 1328 3761 dictes,
1347 3714 1381 3752 ex

110 3781 190 3846 nota,
213 3780 244 3834 ut
264 3778 388 3847 videtur,
410 3780 571 3849 marginali,
594 3799 649 3850 qua
672 3781 733 3849 quis
755 3798 811 3836 uon
832 3780 992 3850 intelligens
1014 3780 1082 3851 quid
1104 3780 1157 3836 sibi
1178 3781 1262 3836 vellat
1284 3787 1379 3844 idiotis,

110 3864 252 3934 eregicne
264 3863 375 3936 scripsit
391 3877 435 3919 aut
454 3870 528 3920 Mis
546 3866 594 3933 (Hl
606 3878 650 3921 aut
662 3869 750 3935 dictis).
781 3866 817 3921 0⁹
834 3872 865 3921 ab
883 3871 1025 3933 infidelitas
1043 3872 1132 3921 addita
1146 3873 1289 3936 superflua,
1309 3885 1380 3935 quae

109 3948 204 4017 lectio,
223 3949 275 4005 etsi
292 3950 383 4004 rninus
400 3949 520 4017 sincera,
542 3951 566 4005 si
583 3954 678 4007 tamen
695 3960 734 4007 aet
750 3957 837 4007 idiotis
856 3951 1027 4018 retinuisset,
1046 3951 1151 4007 Gelasii
1170 3953 1292 4007 ruentem
1310 3954 1379 4008 satis

109 4036 175 4103 apte
193 4033 360 4110 explicaret„
390 4036 456 4090 Mox
474 4039 500 4091 c²
516 4054 573 4104 seq.
592 4043 692 4106 scripta
709 4057 765 4092 esse
781 4048 917 4106 parantia,
939 4038 1053 4107 praeter
1071 4036 1154 4092 fidem
1173 4038 1296 4092 omnium
1313 4056 1378 4091 mss.
1402 4042 1404 4046 ’

110 4118 204 4173 Potius
222 4119 340 4175 verbum
357 4127 454 4176 interm
471 4121 696 4191 subintelligitur.

175 4205 208 4272 ²⁵)
226 4205 259 4259 In
277 4211 309 4259 16
327 4223 390 4260 mse.
410 4207 507 4274 (etiam
525 4207 561 4260 Hs
574 4207 607 4260 F'
620 4207 669 4274 Xt)
688 4212 774 4262 (larici
790 4214 830 4262 vet
847 4213 939 4268 Uinici·
957 4223 1076 4274 moxque
1094 4211 1123 4263 a³
1140 4208 1260 4263 removit
1277 4228 1379 4277 compo·

106 4293 181 4343 sitan
222 4288 387 4345 Theodorus
410 4291 496 4346 leonii
518 4292 675 4362 opiscopus,
703 4292 750 4360 qui
773 4293 823 4346 sub
847 4294 931 4346 finem
953 4291 1064 4362 imperii
1086 4292 1235 4347 iustiniani
1256 4293 1302 4347 vol
1323 4308 1379 4345 non

106 4374 195 4428 multo
223 4377 288 4444 post
314 4374 466 4431 sinceriora
488 4376 649 4431 corumdem
671 4378 826 4447 martyrum
848 4379 929 4445 gesta
951 4395 985 4432 ex
1007 4377 1158 4432 traditione
1181 4377 1303 4432 virorum
1325 4376 1379 4430 fido

104 4458 256 4528 thgnorum
279 4459 466 4527 concinnavit,
488 4478 560 4516 anno
585 4468 651 4518 1660
672 4480 690 4517 a
712 4461 877 4516 Combcfisio
900 4461 976 4517 edita
1003 4480 1036 4517 ac
1059 4462 1176 4517 subinde
1199 4459 1378 4517 altuinartio

103 4545 180 4599 inter
196 4544 262 4599 acts
279 4545 383 4601 selecta
399 4548 554 4619 martyrum
573 4564 682 4614 recusa,
705 4548 823 4603 fatetur:
846 4546 876 4600 in
894 4544 963 4601 actis
980 4547 1048 4616 illis,
1071 4565 1143 4616 quae
1161 4564 1234 4601 nnnc
1251 4545 1378 4601 Gelasius

102 4629 250 4700 reprobat,
267 4633 345 4684 cerba
362 4641 469 4686 exstare
485 4639 648 4701 praetumida
665 4645 690 4687 et
708 4638 848 4689 inconsona
865 4652 995 4702 cupasque
1013 4638 1045 4688 ab
1062 4654 1110 4702 spe
1124 4637 1270 4687 Christiana
1286 4641 1376 4685 estra-

67 4762 73 4775 .
103 4735 168 4771 neas
189 4719 360 4782 continenda,
383 4723 578 4787 sapienterque
601 4724 645 4773 itta
664 4723 872 4774 Manichaeorum
888 4737 933 4773 seu
955 4724 1061 4773 odorum
1084 4723 1246 4788 quorunaiam
1267 4721 1378 4772 tancti·

100 4820 190 4856 corum
208 4805 295 4855 aliena
312 4807 470 4856 senesanna
488 4813 544 4857 arte
562 4808 689 4871 confecia,

169 4888 205 4954 ²⁶)
224 4883 259 4940 i*
270 4892 431 4957 conscripsit,
448 4887 517 4944 editi
528 4894 642 4960 scripsit.
668 4889 733 4945 Mox
745 4889 776 4944 0¹
785 4890 820 4946 Fi
830 4889 910 4946 F‘Fe
922 4910 976 4944 cans
988 4895 1092 4958 tenore,
1110 4888 1147 4946 H⁸
1160 4889 1252 4948 ntum
1263 4888 1376 4948 omittit.
