3450 5678
735 331 907 382 nrrsronu
931 320 981 382 40.
1434 317 1497 384 823

223 484 350 570 Κύριος
371 482 467 570 ἡμῶν
496 483 551 549 καὶ
579 489 637 569 της
659 481 833 570 ὑπομονῆς
884 489 969 551 tutes
998 489 1030 550 et
1056 486 1182 552 labores
1210 487 1336 552 lancem
1363 490 1493 577 retinet,
1508 515 1532 553 s.
1544 503 1602 554 618.

222 587 345 656 ἑαυτοῦ
368 587 569 664 διδάσκαλος
591 586 758 671 ἀνῆλθεν,
794 588 832 653 ἐν
883 591 974 653 stans
1008 592 1120 653 contra
1151 611 1277 655 venena
1307 590 1495 682 furentium,

221 694 266 777 τῷ
282 690 358 777 ίδίφ
373 694 490 754 τνπῶν
504 686 725 774 ὑποδείγματι
744 688 832 754 ἐκεί·
883 693 920 755 ut
953 691 1128 755 secundum
1162 693 1395 776 persecutionis
1431 697 1496 765 iras

221 816 314 876 νους,
338 781 388 868 οἷς
403 794 521 875 ἔμελλε
534 793 687 874 βοηθεῖν.
720 788 833 868 Αὐτός
883 791 948 856 illis
971 794 1093 858 aeterni
1116 794 1243 878 imperii
1271 794 1325 860 det
1349 819 1493 867 coronas.

220 890 344 979 μεταξύ
365 898 435 959 των
457 890 589 977 ἀρετῶν
611 892 668 956 καὶ
688 897 758 958 τῶν
773 893 833 958 κό-
883 894 1067 980 Resolvite,
1092 896 1203 980 quast)
1226 880 1495 968 Meoirabaeorum

220 1017 295 1061 πων
317 993 377 1060 τόν
399 993 500 1078 ζυγόν
522 994 663 1078 κατέχει,
697 994 830 1080 ίστάμε-
884 998 987 1062 exitus
1020 998 1201 1083 pertinaces
1235 1001 1324 1064 vetus
1360 1001 1495 1070 historic

220 1121 278 1175 νος
297 1093 388 1183 ’μετά
415 1101 484 1161 τῶν
518 1097 730 1181 δηλητηρίων
763 1101 832 1162 τῶν
883 1099 977 1164 laude
1020 1100 1238 1185 persequitur,
1288 1123 1351 1186 quo
1393 1103 1495 1172 Judss

220 1199 429 1285 μεμηνότων,
452 1198 510 1263 ἵνα
531 1196 615 1263 κατά
638 1195 701 1283 τὴν
723 1196 832 1283 ἀργήν
884 1202 965 1287 et¹⁶)
994 1201 1052 1265 illa
1079 1224 1227 1286 suprema
1254 1203 1395 1269 fidelium
1416 1207 1495 1292 pha·

218 1306 281 1368 τοῦ
304 1302 454 1386 διωγμοῦ
476 1295 578 1377 αύτός
599 1300 656 1366 ιιαλ
677 1304 735 1384 τῆς
750 1302 787 1365 αί
814 1340 832 1350 -
883 1303 960 1367 lanx
982 1305 1094 1369 mortis
1122 1304 1243 1371 honore
1264 1305 1433 1392 referatur,
1459 1310 1494 1375 in

219 1407 296 1470 νίον
324 1405 497 1486 βασιλείας
529 1399 608 1478 τούς
641 1402 832 1486 στεφάνους
883 1409 1004 1489 quanto
1031 1428 1085 1471 ore
1112 1407 1156 1471 sit
1178 1411 1329 1473 constans
1358 1411 1494 1495 populus

218 1505 384 1591 παράσχῃ.
433 1501 714 1588 Ἀναλογίσασδε,
751 1508 831 1570 ποία
882 1508 917 1572 in
939 1512 1048 1574 monte
1071 1513 1290 1594 consumptus.
1325 1510 1416 1597 Eue)
1432 1512 1494 1578 hee

218 1612 288 1674 τῶν
311 1609 524 1690 Μακαβαίων
552 1604 572 1690 ἡ
602 1607 732 1690 ἔξοδος,
761 1618 831 1684 τοῖς
882 1631 993 1675 omnes
1020 1633 1078 1695 pro
1101 1612 1309 1676 custodienda
1338 1612 1409 1698 lege
1431 1615 1493 1679 vir·

218 1718 428 1794 καρτερικοῑς
449 1705 469 1794 ἡ
492 1709 593 1792 πάλη,
617 1709 746 1790 ἱστορία
761 1714 831 1774 τῶν
882 1715 983 1796 tutes3
1017 1713 1139 1798 species
1172 1718 1205 1779 et
1232 1715 1345 1779 umbra
1370 1716 1492 1782 futuro-

219 1813 370 1878 ἐπαίνων
399 1811 573 1893 ἐφέπεται,
601 1813 682 1897 ποίᾳ
701 1808 831 1888 Ἰούδας
881 1835 952 1880 rum
984 1818 1078 1880 tantu
1114 1817 1259 1901 exempla
1292 1824 1492 1884 meruenmt:

218 1911 356 1998 κάκείνη
378 1917 447 1978 τῶν
471 1910 631 1997 ἀδελφῶν
653 1909 674 1998 ἡ
698 1912 829 1997 φάλαγξ
880 1937 939 1980 nos
966 1917 1001 1982 in
1022 1917 1168 2001 patribus
1194 1918 1347 2003 vidimus,
1381 1922 1492 2006 pulpa-

216 2015 371 2082 θανάτου
398 2019 477 2100 τιμῇ
500 2013 760 2098 ἀναγορεύεται,
790 2015 829 2080 ἐν
880 2018 999 2103 vimus,
1022 2020 1242 2103 probavimus,
1266 2042 1360 2105 quem
1381 2045 1492 2108 sequa-

217 2120 327 2194 ποίοις
350 2115 421 2182 ἐστὶ
443 2116 606 2200 στόμασιν
626 2112 741 2193 ὁλαὸς
756 2113 774 2182 ό
791 2117 829 2182 ἐν
880 2142 961 2184 mur.
1006 2120 1088 2197 Quid
1116 2143 1183 2187 non
1210 2122 1417 2189 deferendum
1443 2128 1492 2191 est

217 2224 263 2306 τῷ
292 2216 365 2303 ὄρει
394 2218 593 2295 ἀναλωθείς.
641 2219 707 2282 Καὶ
729 2210 829 2283 αὗται
880 2221 951 2285 rei?
988 2223 1071 2299 Quid
1094 2224 1317 2311 denegandum
1340 2231 1389 2292 est
1410 2229 1491 2292 veri-

217 2326 323 2387 πᾶσαι
345 2320 382 2384 αἱ
402 2319 563 2405 δυνάμεις
585 2317 671 2405 ὑπὲρ
693 2323 752 2404 τῆς
768 2324 830 2385 τοῦ
879 2324 965 2389 tati?
994 2325 1076 2402 Quid
1099 2349 1165 2392 non
1190 2327 1333 2393 debitum
1355 2329 1490 2394 Redem-

217 2424 325 2509 νόμον
348 2427 519 2507 φυλακῆς,
554 2420 745 2506 ὁμοιώματα
772 2423 830 2487 καὶ
880 2427 988 2509 ptori?

217 2525 309 2592 σκιαί
319 2529 389 2590 τῶν
399 2525 594 2609 μελλόντων
605 2515 717 2607 ούσαι,
727 2521 830 2609 ἀξιοί-

215 2635 330 2712 θησαν
344 2627 625 2712 παραδειγμάτων
638 2626 827 2692 τοσούτων·

216 2728 311 2816 ἡμεῖς
333 2729 372 2795 ἐν
393 2740 463 2805 τοῖς
485 2728 653 2813 πατράσιν
676 2728 828 2813 ἑωράκα-

216 2856 288 2917 ιιεν,
313 2830 594 2917 ε’φηλαφήσαμεν,
624 2831 826 2918 ἐδοκιμάσα-

216 2959 292 3021 μεν,
316 2935 355 3000 ἐν
376 2937 443 2999 τίνι
459 2932 749 3019 ἀκολουθήσομεν.
790 2938 834 3000 Τί

216 3035 280 3103 οὐκ
304 3035 484 3121 ἐφαρμόζει
505 3039 546 3121 τῇ
569 3032 748 3110 duodecem
790 3040 833 3101 Τί

217 3137 341 3227 ἀπᾴδει
371 3143 430 3223 τῆς
462 3134 639 3222 ἀληθείας;
694 3141 737 3203 Τι’
767 3135 831 3203 ούιι

217 3239 389 3328 ὀφείλεται
410 3245 456 3327 τῷ
479 3243 651 3325 λντρωτῇ;
1260 3296 1270 3332 ,

286 3449 317 3516 ¹⁴)
335 3447 379 3500 Its
397 3444 431 3499 θ’
445 3444 488 3499 (δ’.
520 3447 547 3498 οἱ
567 3464 629 3514 ηοω
690 3450 786 3500 laudes.
816 3445 888 3500 Hinc
905 3447 935 3500 et
951 3443 1154 3499 restituendum
1170 3444 1199 3499 iu
1217 3462 1319 3515 graeco
1337 3451 1410 3518 ποίῳ
1423 3456 1488 3513 ταῖς

216 3535 272 3589 τῶν
290 3532 476 3600 Μακαβαίων
500 3524 611 3596 ἐξόδοις
633 3537 814 3600 καρτερικαῐς
837 3527 855 3602 ἡ
879 3532 991 3584 παλαία
1014 3527 1126 3597 ἱστορία
1148 3532 1186 3603 τῷ
1208 3526 1316 3604 ἐπαίνῳ
1336 3527 1485 3600 ἕφίπεται.

216 3618 353 3673 Graecam
376 3613 582 3684 corruptionem
604 3617 714 3668 secutus
731 3614 869 3686 interpres
890 3615 976 3670 latine
994 3616 1023 3669 in
1041 3614 1107 3668 edit.
1127 3614 1223 3669 concil.
1249 3615 1288 3670 sic
1311 3633 1373 3671 eam
1397 3618 1487 3672 reddi·

216 3703 269 3758 dit:
293 3708 375 3773 qualis
394 3705 608 3754 Μαοίιαδαεονααι
630 3706 727 3760 exitus,
752 3721 816 3771 quae
839 3705 943 3755 ίαοίαίίο
966 3703 1145 3762 tolerantibus,
1170 3722 1235 3770 ηααε
1256 3705 1365 3755 tutoris
1387 3708 1486 3757 ίπιιάαιιι

214 3800 303 3844 secuta
318 3798 365 3842 eet.
392 3785 463 3840 Huic
481 3784 619 3840 consentit
636 3785 663 3851 b,
681 3784 734 3839 nisi
752 3786 827 3854 quod
844 3787 1003 3855 postremae
1021 3785 1103 3854 hujus
1121 3785 1275 3840 sententiae
1288 3786 1349 3840 loeo
1362 3787 1487 3858 reposuit

215 3895 266 3946 ηαα
282 3884 353 3928 vetus
370 3877 478 3928 λωίοιία
495 3890 540 3926 eos
556 3876 632 3925 laude
650 3881 789 3939 prosecuta
806 3883 852 3926 est.

285 3962 316 4027 ¹⁵)
334 3956 426 4026 Magis
442 3957 568 4027 placeret
585 3957 660 4025 quod
678 3957 753 4027 apud
771 3958 837 4011 bco
855 3972 889 4010 cx
906 3970 1008 4025 graeco
1026 3970 1186 4025 expressum
1198 3957 1253 4010 est:
1271 3967 1297 4011 et
1315 3964 1358 4012 ιλία
1374 3962 1486 4025 fratrum

214 4058 320 4100 caterva
336 4049 432 4098 λοιιονε
448 4049 624 4110 praedicatur.
653 4042 719 4096 Mox
731 4043 749 4097 b
762 4053 787 4096 et
805 4052 899 4113 quanto
917 4047 942 4095 ιἰι
953 4046 1049 4096 tortore
1060 4046 1108 4104 sit,
1128 4058 1162 4094 cc
1180 4058 1282 4111 graeco
1296 4043 1485 4099 consentiente

213 4137 240 4185 ιἰι
258 4133 374 4200 qualitur
393 4132 479 4182 oribus
497 4139 544 4181 est.

283 4216 314 4283 ¹⁶)
331 4213 351 4267 b
370 4217 406 4266 Ee
423 4217 486 4267 λαεο
508 4234 555 4282 ητα
577 4218 692 4268 οιωίοάία
715 4219 777 4283 lepis
799 4223 824 4266 et
846 4219 958 4274 uirtutis,
982 4232 1046 4282 quae
1064 4217 1164 4282 species
1186 4225 1210 4266 εί
1233 4216 1319 4267 umbra
1339 4217 1485 4280 futurorum

212 4310 280 4358 sunt.
304 4303 367 4354 Nos.
404 4315 439 4352 cc
457 4301 557 4352 Etenim
575 4304 647 4367 ipsae
664 4303 770 4352 uirtutes
793 4317 877 4352 omues
894 4318 944 4366 pro
962 4303 1077 4351 custodia
1096 4303 1158 4367 lepis
1175 4308 1246 4367 sunt,
1265 4308 1291 4352 et
1308 4319 1380 4368 quum
1397 4305 1482 4353 simili·

213 4390 315 4440 sudines
332 4404 364 4438 ue
382 4388 483 4438 umbrae
492 4389 636 4450 futurorum
651 4389 713 4445 τίτί,
733 4389 825 4452 άίγιιαε
834 4388 940 4449 suerunt
953 4392 1078 4438 tantorum
1090 4388 1270 4453 exemplorum.
1290 4387 1352 4438 Nos.
1377 4384 1484 4439 Graeca

212 4469 310 4526 littera
327 4469 380 4525 hoc
397 4470 490 4523 sonat:
523 4473 559 4522 Er
581 4474 628 4522 λαε
646 4488 730 4522 omnes
747 4488 796 4537 pro
815 4475 877 4538 lepis
894 4474 1010 4523 custodia
1027 4473 1133 4523 virtutes
1150 4489 1223 4539 quum
1237 4475 1337 4538 flpuroe
1356 4479 1440 4522 essent
1458 4482 1484 4524 et

213 4559 316 4610 umbrae
332 4559 488 4622 futurorum,
508 4565 581 4607 λαπία
599 4560 716 4622 exempla
733 4564 884 4607 meruerunt.
912 4558 975 4608 Nos.
1011 4552 1044 4607 G¹
1059 4553 1094 4607 G³
1107 4557 1132 4607 a*
1154 4558 1189 4607 El
1206 4559 1253 4608 due
1271 4574 1356 4608 omnes
1370 4574 1421 4623 pro
1439 4574 1483 4607 cu-

212 4646 350 4706 stodienda
366 4645 422 4709 {epe
440 4650 545 4694 virtutes
563 4641 600 4705 (ω1
619 4640 728 4707 virtutis)
746 4646 846 4708 speeies
864 4651 889 4693 et
906 4643 993 4693 umbra
1009 4643 1153 4706 futurorum
1171 4650 1244 4693 tanta
1256 4644 1375 4707 exempla
1386 4659 1482 4694 meme·

213 4737 281 4781 runt.
310 4731 371 4782 Νοτ.
412 4724 552 4778 Restituto
575 4717 679 4778 virtutes
701 4725 762 4777 loco
780 4730 880 4778 virturis
898 4726 927 4778 et
948 4723 1171 4795 interpunctione
1189 4725 1300 4779 mutata
1317 4724 1432 4779 sonatur
1450 4742 1483 4779 se

213 4810 375 4881 perspicuus
393 4810 425 4863 fit
442 4809 488 4863 hic
500 4809 588 4876 locus,
607 4809 685 4878 crp’us
701 4809 889 4879 intelligentis
907 4811 935 4864 et
952 4826 1084 4879 graecum
1101 4810 1285 4880 interpretem
1297 4810 1327 4863 et
1338 4808 1407 4864 alios
1419 4812 1482 4864 sub-

213 4895 279 4950 inde
296 4893 376 4966 fugit.
396 4893 554 4949 —Deinde
573 4911 607 4948 co
625 4899 787 4962 referendum
855 4900 1024 4965 redemptoris
1097 4901 1333 4950 αοααααιιίοανίιααι.
