3450 5678
182 368 187 375 ,
247 299 311 364 370
722 317 749 363 s.
767 316 908 364 onnusn
931 315 1045 363 aaran

137 468 382 554 a.ioo.niam⁷⁴)
413 468 495 552 quod
527 490 587 533 nec
615 469 789 533 auotoritas
823 469 932 535 divina
960 465 1104 555 delegit,
1142 491 1203 534 nec
1231 491 1392 534 canonum
1417 469 1524 535 forma

248 572 443 656 praestituit,
467 594 532 636 non
556 574 606 637 est
626 573 755 656 penitus
770 573 1005 660 usurpandum3
1029 571 1136 656 eisque
1150 571 1197 637 sie
1212 571 1432 638 ecelesiastica
1448 578 1526 638 sunt

247 674 381 739 ferenda
404 675 575 760 praesidia,
600 677 636 738 ut
656 674 739 738 nihil
762 677 981 740 committatur
1002 674 1161 739 illicitum.

147 772 233 839 XIV.
335 778 383 842 14.
409 776 576 843 Generalis
593 778 691 842 ctiam
708 779 856 863 querelae
871 778 1004 844 vitanda
1019 777 1237 863 praesumptio
1253 781 1313 863 est,
1329 801 1393 864 qua
1407 800 1526 864 prope·

246 881 374 945 modum
397 885 569 946 causantur
591 881 744 964 universi,
767 882 887 965 passim
909 903 1017 947 servos
1040 885 1073 945 et
1091 880 1295 966 originarios,
1320 880 1525 947 dominorum

242 984 317 1066 jura
346 984 691 1070 possessionumque)
720 984 899 1070 fugientes,
934 984 992 1048 sub
1020 983 1189 1070 religiosae
1218 972 1525 1072 conversationis²⁸)

246 1087 380 1171 obtentu
402 1087 453 1149 vel
476 1086 515 1150 ad
538 1087 733 1151 monasteria
756 1110 824 1152 sese
841 1087 996 1171 conferre,
1021 1089 1071 1151 vel
1093 1087 1135 1151 ad
1149 1086 1402 1153 ecclesiasticum
1418 1087 1526 1152 famu·

246 1188 346 1251 latum
369 1188 616 1254 conniventibus
639 1212 763 1275 quoque
785 1191 985 1275 praesulibus
1007 1189 1228 1255 indifferenter
1250 1189 1389 1256 admitti.
1433 1189 1525 1267 Quae

244 1291 346 1356 modis
369 1292 517 1356 omnibus
540 1297 589 1358 est
611 1292 834 1376 amovenda⁷⁷)
856 1293 1026 1377 pernicies,
1050 1314 1092 1357 ne
1106 1314 1164 1376 per
1179 1291 1355 1358 Christiani
1378 1293 1526 1359 nominis

244 1393 429 1458 institutum
452 1398 508 1459 aut
530 1395 636 1460 aliena
658 1396 805 1479 pervadi,
839 1399 896 1460 aut
921 1395 1051 1480 publica
1078 1395 1226 1460 videatur
1252 1394 1427 1481 disciplina
1449 1396 1526 1460 sub

244 1496 341 1561 verti:
364 1497 535 1582 praecipue
557 1521 654 1584 quum
676 1521 737 1563 nec
758 1499 862 1583 ipsam
884 1497 1055 1563 ministerii
1071 1497 1229 1564 clericalis
1243 1497 1306 1570 hac¹
1319 1488 1526 1585 obligatione

243 1744 280 1792 sis
297 1742 359 1791 viria
375 1749 481 1807 repente
500 1745 622 1793 uelantur.
641 1769 674 1778 —
692 1737 785 1794 Nihilo
803 1740 899 1794 tamen
916 1738 1008 1793 minus
1026 1737 1173 1793 concilium
1184 1737 1364 1795 'triburiense
1382 1754 1461 1794 anno
1473 1746 1527 1796 895

244 1823 415 1878 celebratum
438 1842 460 1878 e.
479 1829 512 1879 25
535 1824 657 1894 primum
680 1825 733 1880 hoe
755 1825 860 1880 Gelasii
881 1823 1025 1879 decretum
1047 1824 1193 1879 confirmat
1214 1823 1258 1879 his
1280 1823 1385 1879 verbis:
1422 1830 1526 1880 νέαισι

244 1919 327 1963 autem
344 1917 430 1963 oelnre
445 1918 593 1979 pontificum
611 1918 692 1965 nuthet
710 1921 828 1971 attentet,
847 1908 925 1979 prout
941 1920 1061 1963 stututum
1079 1916 1161 1964 estin
1179 1914 1290 1964 decretis
1310 1913 1410 1964 (letatii
1425 1930 1526 1979 papae.

244 1993 315 2046 Turn
335 1996 471 2061 quatenus
490 1996 634 2066 superiora
646 1995 846 2066 Capitularium
860 2012 908 2050 seu
921 1994 1099 2049 conciliorum
1111 1996 1225 2061 statuta,
1243 1995 1341 2049 illaeso
1354 1994 1466 2050 Gelasii
1478 1995 1527 2049 dc·

245 2080 333 2146 creto,
351 2080 534 2150 intelligenda
552 2081 619 2148 sint,
638 2080 730 2151 aperit
746 2081 775 2134 in
793 2080 865 2135 himo
877 2080 1003 2134 modum:
1023 2100 1069 2134 nor
1086 2092 1168 2134 nutem
1181 2085 1334 2135 auctoritate
1350 2091 1458 2149 patrum
1468 2086 1526 2149 eus·

196 2156 198 2160 ’
241 2168 304 2230 lidii
325 2170 351 2218 in
368 2170 416 2219 troc
432 2187 508 2221 sacro
526 2179 648 2221 conuentu
665 2173 789 2220 sancimus
807 2176 832 2218 et
853 2169 931 2219 iibere
949 2170 1110 2233 judicamus:
1131 2171 1156 2218 si
1172 2176 1263 2234 sponte
1280 2171 1392 2220 uelamen
1416 2186 1525 2236 quun·

244 2255 290 2303 uie
308 2270 365 2304 non
383 2265 574 2306 consecratu
581 2273 602 2305 n
619 2255 669 2305 ribi
685 2257 845 2319 imposuerit,
869 2261 893 2305 et
915 2257 941 2304 in
959 2257 1068 2305 ecciesiu
1089 2257 1157 2305 inter
1177 2257 1274 2305 uelatur
1292 2253 1447 2305 oblationem
1466 2254 1525 2305 Deo

244 2339 376 2398 obtuderit,
392 2343 451 2390 vetit
469 2344 542 2399 notit,
561 2342 790 2390 sanctimoniae
808 2340 943 2389 habiturn
961 2341 1068 2390 ulterius
1085 2339 1179 2391 tubere
1197 2339 1279 2390 debet.
1312 2333 1454 2390 Velamen
1471 2334 1525 2406 igi-

243 2421 290 2474 tur
309 2420 393 2476 etiam
411 2421 501 2475 viduis
519 2424 592 2487 erat,
610 2423 659 2477 sed
676 2438 732 2476 non
751 2432 939 2481 cornemium,-
956 2421 1031 2492 quod
1048 2423 1156 2489 tamen,
1174 2420 1242 2492 quia
1252 2424 1437 2475 remanentne
1449 2425 1523 2475 aar·

245 2518 284 2559 tus
302 2512 374 2573 erat,
393 2510 422 2561 et
439 2514 516 2561 uelum
533 2519 646 2561 sanetum
658 2509 687 2562 et
698 2528 791 2561 sumac
803 2512 1004 2561 conumutionis
1018 2512 1142 2571 uelamen,
1161 2507 1193 2560 ut
1210 2504 1301 2560 allatis
1317 2504 1347 2559 in
1364 2505 1437 2560 locis
1454 2498 1547 2559 vidi-⁰

244 2608 316 2657 mus,
335 2591 538 2661 appellabatur.
575 2592 654 2647 Hanc
678 2595 771 2647 autem
789 2591 897 2647 concilii
916 2591 1130 2662 explicationem
1149 2589 1252 2645 Gelusii
1271 2590 1358 2645 menti
1375 2606 1439 2646 case
1457 2608 1523 2647 eon·

243 2679 418 2745 seutaneam,
439 2695 472 2732 ex
490 2672 572 2732 dietis
589 2677 662 2732 illius
678 2677 753 2732 inira
770 2695 830 2747 cap.
846 2684 876 2731 al
895 2678 1074 2732 manifestum
1093 2679 1148 2743 ost,
1168 2675 1215 2730 ubi
1227 2679 1328 2730 notans
1339 2674 1416 2729 hunc
1427 2675 1521 2731 locum

242 2762 271 2814 in
290 2777 370 2817 cose
389 2769 421 2818 de
439 2770 519 2818 uiduis
536 2769 581 2818 sub
600 2771 667 2818 nulio
685 2768 860 2818 benedictione
878 2769 992 2817 velandis
1015 2769 1091 2817 tatius
1111 2763 1263 2817 (litteratore
1281 2765 1430 2816 memorat.
1468 2761 1521 2816 Do

243 2848 326 2916 nique
344 2848 398 2902 hoc
415 2849 558 2904 decretum
576 2869 625 2903 usu
643 2851 787 2919 receptum
805 2850 834 2902 ct
847 2847 980 2903 canoniea
992 2847 1160 2904 auctoritate
1172 2846 1308 2900 munitum
1321 2862 1398 2913 csse,
1417 2846 1522 2901 doceat

242 2951 293 2987 uos
305 2935 365 2987 tum
376 2933 432 2989 ista
444 2935 553 2991 concilii
571 2934 739 2990 Turonensis
752 2935 778 2987 lI
791 2952 813 2990 c.
827 2940 872 2990 20:
905 2940 974 2998 Quae
991 2945 1084 2989 uestem
1101 2941 1246 2995 mutarem,
1261 2937 1359 3001 uisque
1375 2937 1438 2987 doio
1450 2939 1477 2986 iu
1488 2952 1521 2987 eo

241 3025 389 3087 proposito,
409 3026 478 3088 quod
494 3026 633 3089 disposuit,
651 3040 820 3089 perseuerare
837 3031 969 3088 procurret.
1000 3023 1070 3074 Illud
1087 3039 1158 3079 uero.
1178 3024 1247 3089 quod
1263 3025 1344 3089 aiiqni
1360 3023 1466 3072 dicunt:
1483 3023 1519 3073 si·

243 3110 305 3164 dun,
325 3125 390 3174 quoe
403 3109 536 3160 benedictn
549 3126 597 3159 non
615 3110 678 3170 sirit,
697 3126 777 3174 priore
795 3126 845 3159 non
863 3109 938 3159 debet
955 3111 1069 3159 moritum
1087 3111 1214 3174 occipere,
1234 3124 1307 3174 quum
1324 3121 1411 3157 onnes
1422 3108 1517 3161 seint.

243 3195 311 3258 prend
329 3211 452 3260 nunquam
470 3200 496 3245 in
514 3196 643 3245 cononicis
661 3196 731 3245 liora
750 3197 841 3258 lepitur
859 3194 1002 3245 benedictio
1019 3195 1139 3252 viduatis3
1158 3191 1217 3243 tum
1235 3188 1305 3244 hoco
1317 3187 1430 3245 mositii
1441 3187 1519 3242 Pul·

243 3273 341 3328 aiensis
353 3275 392 3327 VI
410 3293 482 3330 armo
495 3280 545 3330 829
563 3275 653 3330 hahiti
672 3294 694 3329 c.
707 3283 752 3331 40:
781 3281 963 3344 Comperimus,
984 3280 1171 3345 quodquidam
1188 3279 1399 3345 presbyterem
1416 3278 1518 3329 creme

243 3370 269 3411 et
286 3366 496 3415 entraordinarie
514 3367 592 3416 uelum
609 3368 739 3417 viduorum
762 3368 909 3416 incoruuttir
928 3367 1058 3430 episeopis
1080 3368 1133 3415 suis
1153 3371 1345 3415 consecrarent.
1381 3363 1418 3414 or
1435 3351 1518 3414 anien

244 3452 325 3497 nititur
341 3452 485 3513 pontificum
501 3453 600 3502 nomm
617 3453 702 3502 velare
720 3459 840 3508 attentet,
859 3453 983 3500 canoniea
996 3451 1138 3501 arroteritae
1150 3449 1253 3503 initiet.
1284 3447 1359 3510 Quod
1368 3464 1432 3501 uero
1441 3465 1516 3515 pres·

244 3532 327 3594 dipteri
344 3537 490 3584 inconsultis
508 3540 636 3601 episeopis
653 3540 705 3587 siris
724 3540 800 3586 urhun
818 3537 949 3586 uiduarum
966 3551 1120 3587 consecrare
1138 3551 1188 3587 non
1203 3539 1382 3599 praesumant,
1405 3549 1518 3599 prorsus

244 3619 423 3668 interdicimus.
448 3617 540 3685 Atque
552 3618 605 3671 hoc
616 3617 781 3672 l’arisiensis
793 3617 892 3686 synodi
904 3619 1041 3672 statutum
1055 3616 1239 3687 comprobant
1251 3614 1427 3684 Capitularia
1437 3615 1487 3669 lib.
1500 3621 1516 3671 ‘i

245 3718 265 3752 c.
287 3705 346 3764 172,
370 3699 417 3752 ubi
439 3706 594 3770 arguuntur
616 3702 785 3772 presbyteri,
813 3703 889 3772 quod
909 3703 1071 3757 inconsultis
1094 3701 1231 3772 episcopis
1252 3701 1346 3756 velum
1366 3700 1517 3756 riduarmu

243 3788 449 3852 consecrarent,
473 3805 529 3843 non
552 3787 617 3857 quia
639 3788 672 3840 iis
691 3789 823 3843 consultis
841 3788 870 3841 id
888 3789 997 3856 liceret,
1017 3788 1066 3842 aed
1084 3788 1150 3856 quia
1167 3786 1286 3844 consulti
1302 3786 1345 3854 id,
1367 3786 1447 3856 quod
1463 3785 1517 3841 ribi

244 3868 311 3939 ipsis
329 3870 478 3926 inhibitum
496 3873 551 3938 est,
570 3872 758 3941 prohiberent.
1307 3874 1310 3883 '

309 3958 341 4023 ⁷⁴)
360 3958 403 4011 lia
420 3976 476 4011 mss
503 3957 627 4026 potiores
646 3958 1040 4025 (circumlustratur
1060 3959 1088 4012 d²
1107 3971 1132 4013 et
1150 3965 1225 4029 quod.
1259 3957 1314 4012 Alii
1330 3974 1400 4013 vcro
1418 3958 1517 4025 (etiam

244 4041 278 4094 pp
291 4042 318 4095 h'
332 4042 373 4109 hi)
386 4043 486 4097 omisso
501 4052 617 4112 quonium
635 4043 785 4113 subjiciunt
802 4044 887 4098 infra:
907 4049 964 4097 Non
977 4056 1016 4097 ert
1028 4064 1089 4111 erpo
1100 4051 1209 4113 penitus.
1236 4043 1356 4110 Moxque
1367 4042 1400 4097 d‘
1412 4048 1517 4113 detepit.

309 4130 341 4195 ⁷³¹)
360 4128 394 4181 0⁹
408 4129 451 4182 0¹¹
468 4130 503 4183 ΠΙ
522 4135 764 4199 possessionemque.
801 4129 861 4183 Hoc
878 4130 906 4182 in
925 4129 1047 4200 capitulo
1066 4129 1190 4183 Gelasius
1208 4129 1360 4194 restaurat,
1378 4128 1457 4197 quod
1479 4128 1517 4185 ab

242 4212 404 4267 innocentio
423 4214 434 4266 1
453 4213 562 4283 epistt
580 4233 606 4268 n.
620 4220 651 4268 14
669 4214 823 4268 delibatum
847 4216 876 4268 et
899 4232 916 4268 a
932 4215 1026 4269 Leone
1045 4214 1123 4284 epist.
1138 4221 1154 4268 4
1172 4220 1222 4268 cl
1246 4212 1390 4267 firmatum
1411 4215 1516 4269 iuerat

310 4301 342 4367 76)
361 4297 392 4352 0¹
411 4305 591 4363 conversionis,
604 4315 660 4354 non
672 4300 875 4354 contemnenda
892 4298 983 4354 lectio
1012 4300 1085 4353 Olim
1098 4299 1202 4369 quippe
1214 4303 1328 4354 conanti
1339 4297 1519 4365 dicebantur,

242 4383 289 4452 qui
308 4384 447 4438 saeculum
465 4383 648 4452 abdicabant,
671 4387 702 4437 ut
724 4402 753 4438 sc
772 4384 824 4438 Dei
842 4385 956 4440 servitio
974 4385 1174 4455 manciparent.
1205 4383 1341 4450 Quocirca
1357 4400 1380 4437 a.
1397 4384 1518 4441 Benedi-

242 4471 303 4522 ctus
320 4468 435 4539 regulae
447 4487 514 4524 suae
526 4473 611 4539 caput
624 4475 655 4524 58
674 4476 705 4524 rie
724 4476 859 4538 disciplina
876 4477 1091 4540 sunipienrtorwn
1106 4476 1219 4538 fratrum
1236 4469 1275 4525 sic
1293 4469 1418 4525 orditur:
1439 4475 1517 4527 Noni·

241 4566 282 4607 ter
298 4561 359 4624 -quir
382 4561 483 4609 ueniens
505 4561 541 4609 ad
561 4560 755 4610 conversionem.
795 4556 902 4611 Deinde
921 4562 1087 4610 err-cleriostiri
1106 4560 1243 4620 surnututus
1266 4556 1380 4610 nomine
1399 4555 1518 4611 clerium

242 4640 310 4692 ordo
333 4639 508 4710 designatur,
532 4640 605 4695 infra
623 4645 717 4696 autem
737 4644 839 4711 publiea
857 4648 992 4710 disciplina
1010 4642 1126 4695 vocatur
1144 4641 1243 4708 civilis,
1268 4641 1389 4710 atquae
1408 4642 1448 4697 ud
1465 4641 1517 4698 rei·

241 4724 370 4794 publicae
389 4725 592 4781 ordinationem
610 4726 740 4796 pertinet.

308 4813 341 4878 π)
359 4810 395 4864 D⁹
408 4811 437 4864 tl²
453 4817 623 4882 prohibendo,
642 4829 761 4882 moxque
779 4812 813 4867 D'
827 4813 863 4867 D⁹
875 4813 909 4867 E*
927 4818 1060 4868 christiani
1075 4818 1180 4868 nominis
1192 4819 1313 4873 instituio.
1332 4812 1383 4867 Η*5
1395 4817 1515 4871 cineru-

242 4901 329 4952 nitntis
347 4903 452 4952 nominis
523 4903 664 4968 praecipue
681 4909 717 4956 ut.
749 4899 814 4953 Mox
831 4899 866 4954 ud
878 4899 919 4953 pm
937 4904 1077 4967 oblatione,
1096 4900 1126 4954 et
1142 4898 1183 4952 P·
1200 4905 1322 4969 mysterii.
1426 4974 1437 4989 ·
