3450 5678
604 340 776 389 nrrsrom
801 331 850 388 10.
1296 321 1357 388 703

89 493 289 580 arguendum
295 544 304 576 ,
333 497 370 557 ut
391 494 508 557 iratum
530 494 667 557 maxime
689 493 807 574 Deum,
837 514 918 576 quae
940 514 1005 556 non
1029 496 1262 574 convenerant,
1286 514 1355 577 per·
1378 505 1454 573 (post

89 597 214 661 misisse
236 597 444 660 demonstres,
478 596 532 659 An
554 595 629 678 quia
644 594 855 679 Eutychianis
878 593 1060 658 nullatenus
1083 592 1273 679 acquiesco?
1305 593 1358 657 Me
1368 590 1393 626 a·
1404 575 1473 638 ⁶⁰⁰l

89 697 217 783 quidem
238 698 302 762 ista
324 718 389 762 non
411 697 573 778 sauciant,
607 696 661 760 sed
692 699 724 760 te
752 696 860 781 palam
882 698 1055 780 aperteque
1076 695 1356 782 demonstrantffl).

90 799 198 864 Meum
221 799 371 885 cogitasti
392 799 546 863 honorem
568 797 738 882 repellere,
765 819 860 882 quem
882 798 1066 863 interventu
1088 819 1145 863 suo
1167 798 1280 863 beatus
1301 797 1358 862 Pe·

89 905 159 966 trus
180 901 343 986 imposuit.
389 901 444 965 An
465 900 539 984 quia
561 900 736 984 imperator
758 920 806 981 es,
838 903 950 963 contra
973 899 1061 963 Petri
1083 900 1196 966 niteris
1217 903 1358 984 potesta-

90 1003 179 1067 tem?
215 1002 259 1067 Et
280 1003 335 1088 qui
357 1002 487 1068 Petmm
510 1001 764 1066 Alexandrinum
787 1001 918 1086 redipis,
948 1001 1078 1066 beatum
1100 1002 1278 1087 apostolum
1299 1000 1357 1066 Pe·

89 1101 176 1169 trum
197 1105 233 1170 in
254 1126 311 1169 suo
333 1105 546 1189 qualicunque
568 1103 687 1168 vicario
710 1103 834 1168 calcare
850 1103 1040 1167 contendis?
1072 1105 1126 1167 An
1148 1103 1236 1167 bene·
1251 1103 1357 1168 factas

90 1227 191 1271 essem
206 1206 234 1288 *,
258 1206 285 1270 si
307 1205 520 1291 Eutychianis
541 1206 699 1289 faverem,
733 1205 761 1269 si
783 1204 894 1269 Aeacii
921 1204 1044 1269 nomini
1067 1203 1357 1269 communicarem?

90 1307 205 1372 Latere
226 1329 293 1372 non
314 1312 432 1393 potest,
456 1309 596 1373 curiata
618 1308 813 1390 praetendis.

175 1409 205 1474 8.
244 1408 454 1475 Conferamus
478 1413 585 1473 autem
608 1409 760 1474 honorem
787 1409 989 1493 imperatoris
1017 1431 1088 1472 cum
1110 1407 1230 1473 honore
1253 1409 1380 1493 ponti.
1481 1398 1485 1405 ⁴

88 1511 175 1576 licis:
204 1511 290 1576 inter
312 1533 390 1595 quos
412 1515 539 1576 tantum
561 1511 662 1575 distat
672 1513 724 1595 ¹³),
759 1515 914 1594 quantum
943 1510 996 1574 ille
1018 1532 1124 1574 rerum
1145 1509 1356 1575 humanarum

90 1634 199 1676 curam
221 1613 322 1698 gerit,
351 1613 412 1677 iste
435 1612 625 1676 divinarum.
672 1612 720 1675 Tu
749 1612 921 1696 imperator
950 1636 968 1675 a
991 1612 1141 1696 pontifice
1163 1611 1358 1697 baptismum

89 1714 225 1799 accipis,
250 1718 453 1779 sacramenta
474 1715 589 1798 sumis,
614 1713 791 1778 orationem
813 1714 933 1797 poscis,
957 1713 1213 1779 benedictionem
1235 1736 1354 1799 speras,
1381 1722 1387 1801 ,¹

88 1815 325 1900 poenitentiam
347 1837 452 1901 rogas.
498 1816 663 1882 Postremo
686 1819 721 1879 tu
743 1815 883 1880 humana
907 1815 1128 1899 administras,
1153 1814 1208 1880 ille
1229 1816 1290 1880 tibi
1311 1817 1356 1881 di·
1375 1870 1378 1895 ,

89 1919 165 1981 vina
187 1917 363 2003 dispensat.
402 1917 514 2002 Itaque
536 1920 571 1980 ut
593 1940 659 1981 non
682 1917 786 1981 dicam
809 1917 961 2001 superior,
986 1919 1071 1982 certe
1093 1917 1235 2002 aequalis
1256 1917 1358 1982 honor
1372 1904 1378 1975 J

88 2022 147 2083 est.
193 2017 263 2083 Nec
289 2022 323 2083 te
350 2022 443 2102 putes
471 2020 581 2084 mundi
609 2042 727 2104 pompa
754 2018 962 2103 praecellere:
998 2023 1073 2094 cara
1101 2025 1183 2098 quod
1207 2001 1450 2124 infirmumffi‘gs·

88 2126 159 2203 oei,
181 2123 296 2197 fortius
316 2133 360 2186 ese
380 2127 556 2187 hominibus.
607 2121 718 2205 ltaque
751 2120 882 2202 videriS,
918 2120 993 2205 quid
1014 2124 1047 2185 te
1069 2120 1190 2185 deceat.
1234 2120 1356 2185 Tamen
1370 2110 1398 2177 i’
1420 2107 1443 2124 ”

86 2244 185 2307 quum
199 2222 235 2286 in
251 2222 488 2288 accusationem
502 2222 694 2307 proruperis,
718 2226 786 2286 tam
805 2222 922 2286 divinis
943 2222 1068 2307 legibus
1090 2245 1186 2307 quam
1208 2222 1356 2288 humanis
1372 2244 1374 2249 ·

86 2324 158 2409 pari
180 2345 305 2390 mecum
327 2333 412 2389 sorte
435 2326 598 2407 consistis,
620 2324 733 2408 inqua
749 2325 906 2388 cariturus
922 2322 1042 2388 honore
1057 2346 1190 2407 summo,
1212 2325 1238 2388 si
1253 2324 1354 2408 fuero,
1368 2318 1372 2371 ἶ

86 2426 163 2511 quia
183 2425 217 2490 id
238 2427 356 2510 mavis,
379 2430 412 2490 te
435 2429 606 2491 accusante
630 2426 810 2509 convictus,
835 2426 1007 2491 amissurus
1029 2426 1099 2509 pari
1109 2426 1147 2511 ¹⁴)
1170 2425 1306 2509 ratione,
1329 2416 1374 2491 „a

86 2549 153 2593 non
177 2528 369 2613 conviceris,
399 2529 604 2614 dignitatem.
650 2527 699 2593 Sit
727 2527 813 2591 istud
840 2528 875 2592 in
903 2527 1021 2591 mundo
1044 2527 1216 2611 judicium,
1247 2522 1373 2612 escape-f

86 2629 246 2716 ctante¹⁵)
269 2628 338 2694 Deo
360 2634 392 2695 et
408 2629 532 2715 angelis
549 2629 633 2715 ejuS,
657 2629 875 2714 spectaculum
897 2629 984 2693 omni
1007 2630 1134 2694 saeculo
1156 2630 1270 2714 simus,
1295 2652 1356 2714 quo
1369 2621 1382 2668 ¹
1395 2613 1456 2670 ⁰⁰¹·

1368 2684 1373 2715 l

85 2736 142 2797 aut
165 2731 312 2797 sacerdos
333 2731 437 2797 bonae
466 2733 567 2814 vitae,
599 2735 655 2795 aut
681 2732 856 2814 imperator
884 2730 1052 2816 religiosae
1079 2732 1253 2796 modestiae
1282 2753 1355 2809 conf
1370 2690 1435 2745 Μ’

1369 1186 1429 1239 *sc
1441 1191 1492 1252 epi·

1374 1272 1467 1321 scopus

86 2836 261 2919 sequantur
283 2832 477 2918 exemplum:
507 2833 583 2918 quia
604 2833 654 2897 his
677 2833 848 2917 praecipue
871 2833 993 2897 duobus
1014 2833 1130 2897 officiis
1152 2833 1276 2919 regitur
1297 2832 1354 2898 hu-

88 2957 220 3001 manum
241 2956 354 3021 genus,
378 2937 456 3017 et¹⁰)
479 2958 544 3000 non
567 2936 682 3000 debeat
704 2935 824 3019 aliquid
847 2956 955 2999 eorum
977 2935 1140 3018 exsistere,
1163 2956 1226 3020 quo
1248 2935 1355 3000 valeat
1376 2926 1378 2937 '

87 3037 203 3102 offendi
225 3036 404 3120 Divinitas,
433 3037 571 3102 maxime
601 3059 698 3122 quum
727 3040 860 3121 uterque
890 3037 992 3100 honor
1020 3036 1166 3101 videatur
1193 3058 1262 3100 esse
1284 3057 1353 3122 per-

87 3142 216 3223 petuus,
240 3142 335 3224 atque
358 3139 404 3202 ita
427 3138 568 3203 humano
590 3139 701 3224 generi
725 3161 763 3203 ex
787 3138 941 3203 alterutro
964 3138 1159 3203 consulatur.

170 3241 200 3307 9.
238 3239 366 3324 Precor,
389 3241 574 3326 imperator,
598 3263 676 3325 pace
699 3245 756 3305 tua
774 3240 919 3324 dixerim,
943 3244 1103 3305 memento
1124 3243 1157 3304 te
1180 3240 1351 3324 hominem,

88 3348 121 3408 ut
142 3343 246 3429 possis
268 3342 316 3407 uti
339 3363 490 3408 concessa
511 3342 571 3407 tibi
595 3342 749 3407 divinitus
769 3345 944 3426 potestate:
967 3342 1044 3427 quia
1058 3342 1185 3407 etiamsi
1199 3342 1279 3407 haec
1293 3343 1353 3407 sub

88 3445 225 3511 humano
246 3465 439 3529 praevenere
457 3444 595 3527 judicio,
625 3445 684 3508 sub
713 3444 820 3508 divino
849 3466 978 3509 necesse
1006 3448 1055 3509 est
1081 3448 1118 3508 ut
1140 3444 1353 3510 discutiantur

154 3703 185 3769 ¹2)
202 3699 278 3755 Editi
299 3705 474 3755 demonstrant
495 3720 571 3753 circum
593 3706 719 3767 copiloeee
741 3704 860 3755 bonorem
882 3707 1023 3769 repellere:
1046 3699 1224 3769 corriguntur
1245 3717 1279 3755 ex
1301 3718 1351 3756 ms.

87 3783 121 3841 llt
137 3784 250 3854 quidem
268 3783 404 3850 cornua,
423 3784 523 3853 quibus
541 3784 738 3854 proscindebat
755 3785 915 3839 Anastasius
927 3785 1134 3854 Symmachum,
1153 3785 1219 3852 quia
1236 3785 1259 3838 is
1276 3803 1353 3856 papa

88 3869 270 3940 Eutychianos
294 3869 418 3939 recipere
441 3869 569 3935 nolebat,
597 3869 796 3939 imperatorem
824 3870 903 3924 illurn
925 3869 1104 3939 Eutychianis
1133 3872 1227 3925 lavere
1257 3871 1351 3941 palam

87 3956 236 4026 aperteque
259 3953 501 4020 demonstrabant,
522 3972 574 4009 nec
597 3971 666 4025 opus
689 3957 750 4009 erat
772 3955 848 4009 istud
866 3954 979 4024 judiciis
1002 3955 1186 4025 comprobari.
1227 3955 1352 4011 Athaco

87 4041 212 4095 cumdem
229 4038 427 4109 imperatorem
445 4039 603 4109 Symmachi
625 4038 760 4098 bonorem
783 4040 918 4111 repellere
941 4039 1080 4109 cogitasse
1101 4055 1157 4094 non
1180 4040 1221 4095 ita
1239 4040 1351 4096 demon·

86 4125 218 4181 strabant.
231 4153 234 4159 ·
248 4122 320 4180 Sane
333 4123 513 4194 Symmachus
531 4125 559 4178 in
577 4124 629 4189 eis,
648 4141 719 4193 quae
738 4126 773 4178 ab
791 4125 874 4194 hqjus
892 4122 1000 4178 numeri
1017 4123 1096 4179 initio
1115 4123 1153 4180 ad
1169 4126 1253 4180 linem
1265 4143 1350 4193 usque

85 4210 222 4277 edisserit,
241 4225 274 4264 so
292 4209 371 4264 unice
389 4211 511 4280 spectat,
529 4211 560 4262 ut
577 4208 782 4263 ordinationem
794 4226 885 4276 suam,
904 4225 988 4277 quam
1000 4208 1163 4263 Anastasius
1175 4209 1350 4279 illegitimam

85 4295 166 4352 trisse
183 4294 367 4359 obtendebat,
385 4293 540 4363 legitimam
556 4295 665 4364 probet.

153 4383 183 4451 ¹³)
200 4380 315 4435 Eadem·
324 4392 436 4449 prorsus
455 4379 660 4448 argumentatio
679 4378 755 4449 apud
773 4377 863 4433 Gelas.
884 4396 926 4449 ep.
947 4385 1023 4433 1211.
1043 4386 1067 4435 ⁶2.

153 4468 183 4535 ¹⁴)
202 4463 311 4535 Quippe
329 4485 401 4534 quum
418 4454 599 4519 calumniantes
616 4471 653 4518 orl
676 4469 810 4519 uindictam
832 4477 924 4532 poscat
945 4470 1080 4520 similitudo
1102 4470 1233 4535 supplicii,
1258 4463 1348 4534 inquit

85 4549 221 4607 Honorius
237 4551 390 4619 imperator
408 4551 424 4604 l.
447 4556 477 4604 19
496 4549 561 4603 Cod.
581 4549 685 4603 l'heorl.
705 4547 750 4602 IX.
772 4555 799 4615 1,
819 4565 852 4603 ao
869 4548 982 4604 talionis
993 4552 1228 4619 poenafrequens
1245 4550 1274 4604 in
1286 4550 1349 4605 sori-

84 4636 171 4707 pturis
189 4635 362 4690 decernatur.

152 4724 183 4789 15)
200 4721 244 4775 lta
260 4719 289 4773 in
306 4738 355 4773 ms.
374 4736 452 4791 more
471 4722 595 4775 veterum
613 4718 751 4790 pingitur,
774 4718 900 4787 quamvis
923 4717 976 4775 hoc
993 4719 1109 4775 verbum
1127 4719 1195 4774 nihil
1213 4721 1289 4775 aliud
1307 4737 1347 4776 so-

83 4810 142 4874 net,
161 4821 245 4875 quam
263 4803 292 4858 in
309 4806 431 4876 vulgatis
447 4817 588 4874 spectante.

152 4895 183 4961 ¹⁶)
203 4891 232 4944 ln
249 4891 370 4961 vulgatis
389 4906 415 4946 ut
435 4913 491 4946 rrorr.
