3412 5664
371 305 434 370 784
811 320 840 368 s.
856 318 1063 367 noaursnra
1086 317 1200 365 nassa
1244 392 1257 405 ²

265 501 290 538 a.
300 490 357 538 517.
372 498 452 561 quae
475 474 515 538 ad
538 475 767 539 correctionem
789 472 960 556 prauitatis
982 493 1056 537 suae
1077 495 1097 536 a
1111 472 1205 536 nobis
1220 471 1368 556 quaesita
1389 470 1528 554 fuerant,
1549 493 1620 557 po
1618 482 1677 547 1l‘·

373 580 497 660 centes,
532 598 597 640 non
620 576 723 639 solum
750 597 816 639 non
843 574 1009 660 religiosos
1033 575 1133 657 viros,
1167 595 1267 658 penes
1293 595 1374 659 quos
1403 594 1516 638 causae
1540 574 1669 663 ipsiu

372 679 468 763 plena
491 700 559 742 esse
581 682 689 762 posset
710 677 895 760 instructio,
921 677 1096 741 secundum
1111 676 1288 741 constituta
1310 674 1444 760 'propria
1463 697 1526 740 non
1546 685 1662 746 niet

270 809 313 861 cp.
329 798 358 843 11
373 785 459 864 runt,
484 802 592 844 verum
615 780 723 863 etiam,
746 780 838 864 quasi
860 802 910 844 res
931 801 1030 863 parva
1047 781 1223 864 gereretur,
1246 777 1380 862 laicos²)
1405 780 1438 842 et
1459 777 1566 846 alienos
1598 761 1662 835 fil

279 863 307 913 ‘l
321 866 360 913 ¹²·
373 882 588 946 ecclesiastico
610 903 741 966 corpore
763 881 979 965 destinantes,
1010 904 1076 945 non
1104 903 1138 945 se
1160 880 1353 945 studuerunt
1375 879 1415 944 de
1438 901 1544 964 coeno,
1563 904 1579 966 q
1598 880 1664 925 ¹¹⁰

372 984 513 1047 immersi
534 987 697 1066 tenentur,
722 983 877 1066 evolvere,
901 1006 1011 1048 verum
1033 985 1131 1047 etiam
1146 982 1325 1048 catholicae
1339 981 1415 1047 fidei
1431 960 1668 1047 claritatem-'l

372 1086 552 1170 fulgentem
573 1108 646 1168 sua,
676 1085 759 1170 quod
782 1085 883 1168 absit,
912 1107 946 1150 se
969 1107 1061 1171 posse
1085 1085 1290 1149 crediderunt
1318 1061 1673 1149 sacracramenti

372 1187 463 1252 llaec
483 1188 546 1252 fuit
566 1188 668 1252 nostri
692 1209 787 1251 causa
809 1187 940 1271 silentii,
965 1210 1060 1273 quam
1082 1208 1138 1252 vos
1160 1208 1284 1272 quoque
1306 1185 1446 1272 spiritali
1466 1185 1678 1271 vobisp‘u

373 1290 483 1355 dentia
504 1291 667 1354 revelante
688 1290 823 1354 vidistis.
868 1289 950 1364 Quid
974 1290 1060 1354 enim
1082 1288 1205 1354 dehac
1228 1310 1324 1353 causa
1346 1291 1491 1374 poteram
1510 1275 1683 1354 ditatis

372 1392 489 1457 litteris
519 1392 677 1474 indicare,
712 1414 808 1476 quam
840 1392 874 1454 in
903 1395 990 1455 statu
1018 1414 1075 1457 suo
1108 1391 1257 1465 videbam
1288 1390 1403 1456 duram
1434 1391 1685 1477 pertinent-*⁴1

374 1495 532 1559 custodire
554 1492 744 1578 perfidiam?
778 1492 862 1557 Noui
884 1492 987 1557 exitus
1010 1494 1167 1559 sollicitae
1183 1493 1388 1580 diligentiam
1408 1492 1592 1559 relationisi
1623 1512 1687 1557 :1-

373 1596 514 1681 quirunt.
560 1594 621 1671 Qui
643 1596 681 1660 de
703 1596 797 1661 rebus
821 1595 960 1680 cognitis
982 1596 1065 1661 nihil
1087 1596 1225 1679 indicat,
1259 1595 1387 1660 abunde
1413 1596 1449 1661 in
1477 1598 1558 1660 statu
1575 1616 1685 1663 amo

373 1720 504 1762 manere
526 1698 634 1782 priora
657 1697 809 1762 declarat.

458 1801 489 1864 3.
524 1799 735 1885 Quapropter,
759 1800 965 1865 dilectissime
986 1800 1099 1884 frater,
1123 1803 1156 1864 et
1172 1822 1225 1865 vos
1240 1801 1466 1886 praesentibus
1479 1799 1617 1865 hortm
1632 1826 1684 1875 mr

374 1901 532 1987 alloquiis,
556 1903 588 1966 et
609 1924 667 1987 per
689 1924 744 1967 vos
766 1925 902 1989 quoque,
926 1903 1001 1988 quia
1023 1902 1149 1968 occasio
1164 1902 1240 1968 data
1255 1907 1315 1986 est,
1340 1902 1421 1968 alios
1438 1925 1496 1989 per
1509 1901 1680 1997 Galim,

374 2027 453 2090 quos
475 2003 553 2068 fides
576 2004 685 2068 eadem
707 2005 873 2070 nobiscum
895 2005 1115 2089 amplectitur,
1148 2005 1372 2089 admonemus,
1402 2004 1582 2090 promissam
1628 2022 1676 2083 et

375 2106 545 2172 amabilem
560 2105 628 2171 Deo
649 2106 723 2171 fidei
745 2129 872 2172 servare
895 2108 1126 2191 constantiam,
1150 2109 1183 2172 et
1202 2110 1479 2193 transgressorum
1492 2106 1675 2183 societate

275 2190 362 2314 ²¹3⁰ss
376 2209 553 2291 declinata,
577 2209 793 2274 constantiam
815 2214 954 2274 vestram
976 2218 1031 2275 ani
1051 2218 1117 2275 viro
1139 2216 1286 2290 virginem
1307 2221 1441 2288 castam,
1470 2209 1550 2275 sieut
1566 2230 1670 2297 spo-

319 2302 326 2326 ’
351 2303 549 2396 pandistis,
573 2317 716 2376 exhibere
737 2317 865 2377 Christo.
910 2311 955 2376 Et
978 2315 1103 2396 cavete,
1137 2334 1179 2377 ne
1205 2312 1289 2378 sicut
1315 2333 1450 2397 serpens
1470 2310 1565 2375 Evam
1589 2335 1667 2379 ee-

377 2415 469 2478 duxit
490 2414 610 2477 astutia
631 2435 704 2496 sua,
734 2413 782 2477 ita
796 2435 908 2478 sensus
924 2413 1103 2498 aliquorum
1131 2417 1378 2500 corrumpantur
1400 2437 1421 2479 a
1441 2411 1665 2498 simplicitate

377 2520 410 2580 et
432 2515 591 2598 castitate,
616 2537 696 2599 quae
720 2519 768 2580 est
790 2515 824 2579 in
846 2514 974 2581 Christo
988 2515 1076 2581 lesu.
1121 2516 1307 2582 Perniciosa
1328 2519 1407 2582 sunt
1428 2514 1663 2580 blandimmtn

265 2603 362 2723 ¹?08lf·
376 2618 572 2700 nocentium,
597 2621 693 2702 atque
715 2618 786 2682 ideo
808 2618 944 2703 vigilare
966 2640 1022 2683 vos
1039 2618 1201 2702 convenit,
1224 2618 1300 2703 quia
1323 2624 1518 2685 adversarius
1534 2622 1664 2683 saei:

290 2694 313 2735 δ’
337 2713 343 2724 ’
377 2726 528 2785 lausannae
548 2726 626 2784 sicut
647 2726 695 2784 leo
716 2728 840 2799 rapiens
862 2727 981 2799 circuit,
1006 2742 1156 2801 quaerens
1177 2742 1263 2801 quem
1285 2727 1420 2799 deuoret,
1450 2727 1501 2786 cai
1516 2724 1665 2785 mara

374 2826 475 2900 fortes
496 2830 527 2886 in
547 2827 625 2899 fide:
653 2822 727 2907 quia
750 2821 810 2887 hoc
832 2823 970 2907 speciale
992 2822 1115 2887 habent
1136 2823 1238 2906 patris
1266 2823 1316 2887 sui
1338 2822 1378 2887 de
1401 2822 1481 2888 oceli
1499 2843 1559 2886 aros
1572 2820 1664 2883 le*

373 2925 498 3010 jecti4),
523 2923 576 3009 qui
599 2924 736 3008 vestigia
758 2924 827 3008 ejus
849 2927 1024 3009 sequuntur
1046 2928 1080 2989 et
1101 2924 1252 3009 diligunt,
1275 2927 1312 2989 ut
1333 2924 1391 2989 illa
1412 2923 1546 2990 veritati
1559 2920 1663 2984 luz-³*

378 3026 496 3111 privati
519 3029 551 3090 et
574 3026 653 3090 alios
675 3026 840 3112 gaudeant
860 3048 917 3090 sua
939 3027 1134 3091 obscuritate
1156 3025 1287 3108 fuscari,
1320 3030 1354 3091 et
1374 3049 1473 3113 quum
1492 3016 1658 3112 perrari·

378 3129 456 3192 tatis
479 3150 554 3192 suae
576 3149 696 3212 poenas
718 3127 852 3192 luituros
875 3149 943 3192 esse
965 3151 999 3193 se
1021 3129 1141 3212 sciant,
1166 3127 1344 3213 exsultent,
1373 3128 1543 3195 simiseros
1556 3137 1651 3190 aul

380 3253 435 3294 sua
457 3230 664 3294 damnatione
687 3229 898 3315 conjungant.
935 3229 1021 3294 Nam
1042 3231 1127 3295 unde
1143 3234 1201 3313 est,
1225 3230 1309 3315 quod
1332 3250 1431 3316 quum
1449 3252 1504 3317 pm
1521 3238 1641 3311 ungu

380 3336 471 3417 parte
487 3353 506 3395 a
522 3331 729 3396 conterminis
745 3333 810 3396 suis
822 3331 1010 3415 Thracibus,
1027 3330 1200 3415 Dardanis,
1219 3332 1370 3416 Illyricis,
1395 3333 1521 3419 cognite
1531 3338 1630 3396 com
1700 3390 1702 3396 .

380 3433 590 3519 perversitate
612 3433 809 3516 deserantur,
833 3433 942 3517 procul
965 3434 1085 3519 positos
1107 3434 1313 3519 ignorantiae
1336 3457 1404 3520 spe,
1428 3422 1617 3500 fmudbad
1692 3462 1702 3487 ··

380 3536 476 3601 variis
499 3535 621 3599 artibus
644 3535 793 3600 nituntur
808 3536 951 3600 allicere:
974 3537 1037 3601 nisi
1051 3540 1088 3600 ut
1101 3535 1216 3618 lucem,
1240 3558 1337 3621 quam
1359 3537 1422 3622 ipsi
1436 3530 1611 3607 nointel,
1688 3560 1702 3599 a

380 3639 415 3703 in
438 3638 508 3702 aliis
531 3659 654 3722 quoquo
677 3638 775 3722 impia
799 3639 990 3724 contagione
1013 3637 1270 3703 commaculent?

465 3742 495 3803 4.
530 3739 577 3805 Ut
597 3743 705 3804 autem
726 3761 807 3824 quac
829 3740 896 3805 sint
916 3741 1057 3825 partium
1072 3762 1182 3805 earum
1196 3740 1303 3805 studia
1317 3741 1449 3827 possitis
1463 3756 1609 3828 agnum,

381 3843 488 3926 plures
510 3840 680 3925 Thracum,
704 3840 781 3906 licet
802 3842 1063 3927 persequentium
1076 3842 1258 3907 incursibus
1273 3842 1467 3927 alterantur,
1488 3844 1522 3909 in
1535 3842 1613 3908 nudi!

381 3950 491 4009 tamen
524 3943 746 4009 communione
778 3945 972 4030 persistunt,
1011 3944 1149 4010 scientes
1185 3945 1255 4009 fieri
1291 3945 1391 4010 fidem
1426 3968 1485 4032 per
1518 3944 1619 4011 adm

450 4205 471 4271 ²)
489 4201 628 4256 Videlicet
648 4206 832 4271 Theopompum
848 4212 874 4255 et
890 4204 1183 4263 &cemmeticensium
1202 4215 1271 4269 quos
1287 4201 1458 4258 mundus
1474 4219 1519 4274 ep.
1535 4198 1632 4259 ab

383 4287 502 4341 misdmn
520 4304 545 4340 a.
564 4293 613 4342 510
632 4287 699 4342 data
717 4286 902 4341 commendat.
938 4284 1018 4350 Quod
1034 4301 1101 4339 varo
1119 4284 1266 4353 subjicitur
1283 4298 1310 4339 et
1326 4293 1431 4342 alienos
1442 4293 1477 4343 all
1489 4294 1636 4345 «M

383 4394 504 4443 corpore,
527 4373 569 4426 ita
588 4371 802 4440 intelligendum
820 4373 874 4438 est,
897 4372 929 4424 ut
946 4369 992 4424 vel
1009 4371 1089 4425 extra
1106 4369 1210 4424 clerum
1228 4368 1273 4424 vel
1296 4368 1387 4425 etiam
1410 4375 1496 4431 extre
1511 4372 1642 4432 Badrin

383 4460 528 4527 tamquam
544 4456 649 4527 pagani
672 4458 721 4510 aut
742 4455 889 4510 haereticis
907 4454 1012 4510 addicti
1033 4454 1144 4509 luerint.
1180 4452 1271 4520 Quum
1289 4456 1390 4511 autem
1411 4457 1444 4512 hi
1463 4461 1502 4516 ab
1519 4458 1645 4517 m

384 4541 515 4596 destinati
532 4542 647 4609 fuerint,
665 4540 776 4596 nominc
795 4541 976 4607 Graecorum,
995 4555 1112 4610 quorum
1133 4538 1179 4594 hio
1197 4541 1380 4609 exponuntur
1398 4543 1534 4615 fraudes,
1548 4546 1649 4603 mihi

383 4626 406 4680 is
423 4628 577 4698 imperator
594 4629 716 4681 notatur.

452 4718 472 4782 ³)
492 4714 525 4767 G¹
540 4717 565 4768 a*
586 4719 704 4767 claritate
724 4716 851 4779 salirent&
874 4712 923 4766 sed
945 4711 1069 4767 litteram
1086 4733 1109 4765 m
1126 4712 1155 4765 in
1176 4711 1230 4766 fine
1247 4711 1409 4770 verborum
1432 4718 1524 4775 facile
1540 4719 1655 4775 onlffl

385 4799 427 4850 vcl
447 4799 531 4852 etiarn
550 4798 685 4865 adiiciunt
703 4796 811 4863 antiqui
829 4797 942 4851 librarii.
979 4797 1044 4851 Mox
1062 4797 1105 4853 ed.
1125 4802 1294 4863 edecimare,
1313 4799 1368 4853 ubi
1389 4802 1428 4856 G·
1448 4813 1585 4861 meuse.

455 4887 473 4953 ¹)
492 4883 603 4937 lliaboli
620 4882 762 4947 videlicet,
781 4881 828 4948 qui
846 4882 880 4936 dc
899 4884 976 4937 coelo
994 4882 1118 4952 dejectus
1136 4884 1186 4937 cst.

1698 4592 1702 4625 l
