3450 5678
543 344 736 394 ussermann
760 333 809 394 64.
834 334 885 393 65.
1292 332 1357 398 859

86 498 290 585 pervenimus
314 497 476 562 civitatem
502 498 584 562 feria
606 499 744 563 secunda
765 497 972 564 hebdomadis
995 501 1199 566 authenticae
1209 503 1245 588 ⁵).
1291 502 1354 567 De·
1368 511 1486 580 (atla.)
1571 546 1574 552 Ι

88 603 170 668 cimo
193 601 234 665 ab
256 600 335 666 urbe
356 600 521 685 praedicta
546 601 697 666 milliario
706 602 731 688 6)
761 601 912 667 sublimes
938 605 971 667 et
992 603 1157 688 magnifici
1180 604 1241 668 viri
1263 605 1356 670 nobis

87 705 309 788 occurrerunt,
332 702 419 768 inter
439 726 517 789 quos
540 706 616 769 sunt
636 704 792 790 magister
813 703 952 769 militum
967 704 1160 790 Vitalianus,
1185 706 1357 792 Pompejus

41 800 45 807 ’
87 811 120 872 et
141 806 361 890 Justinianus3
393 806 529 894 secuti⁷)
553 810 628 872 sunt
656 807 764 871 etalii
787 810 966 891 senatores,
1000 807 1156 892 multique
1180 808 1357 874 catholicae

86 910 161 975 fidei
185 909 289 974 calore
312 930 349 974 ac
372 908 528 973 desiderio
550 910 818 996 redintegrandae
840 910 930 994 pacis
946 910 1113 975 ardebant.
1143 909 1225 985 Quid
1240 910 1358 995 plura?

88 1012 168 1078 cum
191 1011 323 1076 summis
345 1033 428 1097 pene
450 1011 593 1076 omnium
615 1012 741 1097 gaudiis
763 1012 963 1098 ingredimur
986 1013 1159 1078 civitatem.

172 1116 202 1179 3.
240 1113 317 1178 Alia
338 1114 404 1197 die,
429 1136 510 1199 quae
532 1118 582 1178 est
602 1115 700 1180 tertia
721 1115 812 1198 feria,
836 1115 972 1200 piissimi
994 1114 1151 1200 principis
1173 1118 1358 1200 praesenta-

87 1239 158 1281 mur
179 1215 400 1300 adspectibus:
424 1219 558 1281 cunctus
580 1216 646 1282 illie
669 1218 781 1281 aderat
795 1219 937 1300 senatuS,
960 1217 995 1281 in
1011 1239 1072 1302 quo
1089 1220 1250 1282 conventu
1266 1221 1359 1284 crant

88 1322 121 1385 et
142 1319 284 1404 episcopi
312 1322 465 1403 quatuor,
500 1341 579 1404 quos
607 1320 773 1404 episcopus
804 1318 1185 1404 Constantinopolitanae
1213 1341 1272 1405 pro
1301 1343 1359 1386 sua

86 1442 225 1507 persona
259 1420 428 1485 direxerat.
481 1422 662 1487 Obtulimus
697 1421 906 1487 beatitudinis
939 1424 1064 1486 vestrae
1097 1421 1241 1506 litteras,
1280 1446 1359 1508 quas

89 1524 357 1589 clementissimus
379 1523 530 1609 princeps
553 1546 625 1588 cum
647 1525 763 1609 grandi
778 1524 959 1589 reverentia
974 1525 1124 1609 suscepit.
1159 1524 1256 1590 Dicta
1271 1531 1357 1611 sunt,

87 1649 170 1714 quae
192 1629 268 1690 ante
283 1625 553 1690 examinationem
569 1648 683 1691 causae
698 1627 841 1712 oportuit
854 1627 1020 1692 intimare:
1043 1648 1116 1691 mox
1133 1648 1229 1692 causa
1245 1632 1359 1713 coepta

90 1732 149 1794 est.
179 1727 380 1793 Hortabatur
401 1734 460 1793 nos
484 1729 749 1793 clementissimus
772 1730 962 1815 imperator,
985 1728 1046 1794 hoc
1069 1729 1226 1815 dicens⁸):
1255 1737 1360 1797 Videte

87 1838 219 1898 ciuitatis
240 1836 334 1911 hujus
354 1837 540 1911 episcopum,
570 1845 599 1896 et
621 1838 747 1897 invicem
774 1838 856 1897 vobis
874 1839 1006 1912 pacifico
1034 1838 1142 1898 ordine
1168 1838 1287 1898 reddite
1308 1856 1359 1899 rn-

87 1942 206 2000 tionem.
250 1932 318 1998 Nos
341 1956 359 1998 e
382 1936 494 1998 contra
515 1934 753 2018 respondimus:
783 1939 862 2011 Quid
888 1942 965 1999 imus
992 1939 1036 1998 cd
1062 1941 1233 2016 episcopum
1261 1947 1358 2001 certu—
1402 1930 1406 1936 ’

86 2045 170 2102 minu
194 2039 326 2113 fucere?
378 2042 521 2102 Dominus
548 2047 650 2101 noster
676 2043 863 2102 beatissimus
892 2058 979 2118 papa
1007 2043 1190 2116 Hemoda,
1226 2046 1279 2118 qui
1308 2059 1360 2105 nos

88 2147 218 2218 direxit,
247 2161 307 2205 non
328 2145 413 2204 nobis
430 2125 591 2220 proecepit
611 2150 745 2213 certare;
775 2145 830 2204 sed
844 2161 925 2220 prae
947 2145 1084 2205 munibus
1110 2144 1253 2205 trudemus
1275 2147 1360 2206 libel-

87 2249 164 2321 tum,
194 2262 280 2323 quem
308 2261 409 2306 omncs
435 2248 571 2322 episcopi
596 2249 725 2308 nolentes
751 2248 818 2307 sedi
843 2248 1030 2322 apostoticae
1056 2249 1255 2308 reconciliari
1275 2247 1359 2321 sece-

87 2345 211 2432 runt⁹):
232 2351 260 2409 si
274 2350 431 2424 praecipit
446 2351 549 2424 pictas
571 2355 684 2424 vestra,
708 2352 845 2425 tepntur;
867 2355 897 2409 et
918 2351 947 2409 si
966 2355 1009 2410 cst
1031 2350 1062 2409 in
1078 2351 1154 2424 ipso,
1178 2351 1261 2425 quod
1273 2351 1360 2425 ipno·

86 2459 174 2513 retur
196 2459 372 2512 nutucrum
394 2468 540 2512 essenon
567 2454 729 2527 credatur,
766 2453 884 2527 dicunt,
919 2457 949 2511 et
976 2458 1049 2512 tunc
1078 2453 1258 2512 ostendimus
1285 2454 1362 2514 ninii

87 2561 179 2616 extra
193 2555 347 2632 judicium
370 2555 604 2615 ecclesiasticum
627 2557 658 2615 in
680 2555 782 2617 eodem
805 2555 906 2613 libello
928 2570 991 2613 esse
1011 2555 1232 2630 conscriptum
1260 2562 1315 2618 ant
1335 2560 1363 2618 si

88 2660 136 2719 itti
150 2662 279 2734 possunt
301 2657 425 2730 docere,
456 2659 608 2731 quianon
631 2660 771 2718 conuenit
797 2658 941 2732 relipioni
967 2656 1152 2730 catholicae,
1182 2663 1254 2720 tunc
1277 2660 1361 2720 nobis

89 2761 232 2821 incumbit
253 2760 400 2836 probare.
451 2753 601 2818 Reiectus
631 2758 680 2818 est
706 2753 831 2819 libellus
860 2754 920 2818 sub
948 2756 1121 2837 conspectu
1149 2754 1305 2840 principis
1328 2760 1361 2822 ct

87 2860 228 2923 senatus.
266 2854 333 2920 Nos
357 2857 467 2920 statim
489 2855 728 2939 subjunximus:
752 2863 864 2922 Dicant
875 2866 1053 2937 praesentes
1068 2867 1200 2936 quatuor
1214 2866 1357 2939 episcopi,

87 2967 141 3041 qui
157 2965 268 3025 adsunt
278 2979 340 3040 pro
348 2965 816 3040 personoconstantinopolitani
825 2966 974 3041 episcopi,
991 2967 1019 3025 si
1031 2965 1108 3025 baec
1123 2981 1201 3039 pune
1213 2968 1244 3025 in
1255 2966 1358 3026 libello

86 3070 240 3142 iepuntnr,
263 3068 354 3141 pestis
374 3069 586 3127 ecclesiasticis
607 3069 728 3127 minime
741 3065 955 3126 continentur?
985 3061 1235 3146 Responderunt
1249 3062 1358 3126 omnia

86 3186 163 3229 vcra
185 3186 264 3228 esse.
309 3163 386 3228 Post
408 3186 489 3248 quae
511 3186 569 3229 nos
592 3164 829 3247 subjunximus:
860 3168 987 3229 Domine
1008 3172 1187 3244 imperator,
1218 3177 1248 3230 et
1276 3171 1359 3230 nobis

83 3272 235 3348 praedem
256 3271 387 3330 intorem
410 3273 545 3347 episcopi
564 3272 762 3344 absciderunt,
786 3276 815 3330 et
829 3272 888 3331 sibi
900 3273 1121 3332 convenientem
1137 3289 1200 3331 rem
1211 3271 1356 3344 fecerunt

87 3377 188 3435 dicere
203 3375 369 3433 ueritatem.
407 3368 483 3432 Mox
505 3368 770 3432 elementissimus
792 3368 966 3453 imperator
987 3369 1037 3432 his
1053 3368 1106 3453 qui
1126 3371 1262 3434 aderant
1277 3369 1359 3434 dixit

87 3471 261 3558 episcopis:
286 3477 376 3536 Etsi
395 3493 468 3536 cern
489 3484 572 3549 sunt,
598 3492 694 3551 qnare
715 3491 774 3535 non
793 3476 925 3549 fucitis?
969 3469 1124 3536 Similiter
1147 3474 1179 3535 et
1202 3471 1359 3556 aliquanti

86 3576 126 3640 de
148 3573 259 3639 ordine
282 3575 442 3639 senatorio
465 3573 629 3637 dixerunt:
652 3578 715 3639 Nos
736 3580 812 3638 inici
831 3595 951 3646 sumum
974 3579 1072 3638 dicitis
1094 3579 1170 3639 tinec
1193 3595 1266 3638 vern
1280 3594 1360 3638 esse:

85 3681 204 3758 facite,
228 3687 257 3740 et
278 3698 332 3740 nos
353 3683 515 3756 sequimur.

171 3779 203 3844 4.
240 3777 428 3844 Intermissa
456 3781 571 3864 quarta
604 3778 685 3844 feria
713 3778 880 3864 episeopus
910 3777 1292 3864 constantinopolitanus
1324 3778 1360 3843 in

155 3985 176 4053 5)
193 3982 214 4036 1.
235 3999 272 4051 s,
290 3983 322 4037 ut
338 3983 397 4054 ipse
415 3982 563 4038 Dioscorus
581 4000 643 4038 cum
661 3982 722 4039 aliis
744 3982 845 4054 legatis
862 3982 891 4036 in
907 3981 1037 4053 proxima
1054 3982 1173 4053 epistola
1190 3988 1246 4037 n.1
1265 3983 1360 4052 loque-

87 4069 187 4136 batur,
204 4072 377 4124 hebdomadae
394 4074 510 4136 majoris.

154 4155 175 4221 ⁸)
194 4152 261 4219 Seu,
285 4155 317 4207 ut
338 4153 367 4206 in
385 4153 503 4222 epistola
520 4154 656 4224 superiori
673 4161 706 4209 st
727 4173 754 4209 n.
776 4162 787 4208 l
813 4154 914 4209 diserte
937 4152 1111 4221 enuntiatur,
1135 4159 1221 4208 decen
1243 4157 1359 4210 nittibm.

84 4241 127 4296 Ex
145 4256 235 4310 eoque
253 4238 397 4294 conficitur
413 4246 532 4294 milliaria
550 4246 635 4294 decem
654 4242 683 4294 et
700 4247 784 4295 decem
802 4246 879 4294 miliia
896 4254 1051 4308 synonyma
1068 4255 1135 4294 esse.

154 4327 175 4390 7)
193 4325 261 4379 bec
279 4324 370 4379 verbis
387 4330 468 4378 cecidi
483 4337 542 4378 sunt
560 4325 667 4380 omissis
685 4325 801 4380 subinde
819 4331 950 4395 crmctique
968 4329 1108 4379 catholicae
1122 4329 1235 4392 ...fidei
1252 4328 1356 4378 ardore.

154 4414 175 4479 ⁸)
193 4409 395 4479 Imperatorem
413 4410 466 4465 hoo
484 4410 622 4465 dicturum
639 4410 810 4482 prospiciens
827 4409 984 4476 Hormisda,
1002 4408 1070 4477 quid
1088 4408 1114 4464 ei
1132 4408 1357 4479 respondendum

87 4497 172 4563 esset,
192 4495 271 4566 epist.
282 4501 316 4550 49
333 4503 388 4549 nu
407 4495 633 4566 praescripserat.
669 4497 757 4552 Porro
773 4496 927 4567 imperator
944 4496 1166 4565 inconspectum
1184 4510 1263 4547 suum
1281 4492 1359 4561 lege·

86 4583 130 4636 tos
148 4581 206 4636 sine
224 4579 319 4650 regiae
336 4580 412 4635 urbis
435 4580 566 4651 episcopo
584 4582 679 4637 venire
699 4583 877 4653 permittens,
901 4580 1028 4637 nonnihil
1051 4578 1157 4636 remisit
1175 4579 1211 4633 ab
1228 4577 1278 4632 illa
1296 4594 1359 4633 con·

87 4666 242 4733 suetudine,
260 4682 340 4736 quae,
357 4669 389 4720 ut
401 4666 481 4737 epist.
497 4673 511 4721 ‘i
524 4667 720 4734 dividimus,
738 4689 786 4737 per
800 4673 945 4738 episcopum
959 4669 1263 4734 Constantinopolitnnum
1275 4682 1359 4716 omnes

88 4757 239 4820 irnperntori
255 4756 390 4820 episcopos
407 4759 573 4821 praesentari
588 4753 709 4808 volebat.

154 4839 176 4905 ο)
193 4837 212 4890 b
229 4842 338 4902 socient,
357 4838 394 4892 ad
411 4854 500 4907 marg.
517 4843 646 4905 fecerunt,
666 4838 741 4909 quod
757 4838 873 4910 perinde
891 4840 934 4895 est
952 4839 1037 4908 atque
1056 4841 1251 4905 exscripserunt
1264 4845 1290 4888 et
1301 4835 1359 4887 sub·

89 4927 230 4993 scriptione
247 4943 293 4977 eun
311 4934 393 4977 ratum
410 4928 559 4983 tabuerunt.
