<?xml version="1.0" encoding="UTF-8"?>
<!DOCTYPE html PUBLIC "-//W3C//DTD XHTML 1.0 Transitional//EN"
    "http://www.w3.org/TR/xhtml1/DTD/xhtml1-transitional.dtd">
<html xmlns="http://www.w3.org/1999/xhtml" xml:lang="en" lang="en">
 <head>
  <title>
</title>
<meta http-equiv="Content-Type" content="text/html;charset=utf-8" />
  <meta name='ocr-system' content='tesseract 3.04.00' />
  <meta name='ocr-capabilities' content='ocr_page ocr_carea ocr_par ocr_line ocrx_word'/>
</head>
<body>
  <div class='ocr_page' id='page_1' title='image "./epistolaeromano00cousgoog/epistolaeromano00cousgoog_0518.png"; bbox 0 0 3450 5678; ppageno 0'>
   <div class='ocr_carea' id='block_1_1' title="bbox 583 264 1389 346">
    <p class='ocr_par' dir='ltr' id='par_1_1' title="bbox 583 264 1389 346">
     <span class='ocr_line' id='line_1_1' title="bbox 583 264 1389 346; baseline 0.009 -9"><span class='ocrx_word' id='word_1_1' title='bbox 583 292 777 340; x_wconf 82' lang='lat' dir='ltr'>nrrsronas</span> <span class='ocrx_word' id='word_1_2' title='bbox 801 282 851 340; x_wconf 80' lang='lat'>42.</span> <span class='ocrx_word' id='word_1_3' title='bbox 876 282 927 340; x_wconf 76' lang='lat'>43.</span> <span class='ocrx_word' id='word_1_4' title='bbox 1133 264 1138 271; x_wconf 57' lang='grc'><em>’</em></span> <span class='ocrx_word' id='word_1_5' title='bbox 1327 280 1389 346; x_wconf 77' lang='grc'>471</span> 
     </span>
    </p>
   </div>
   <div class='ocr_carea' id='block_1_2' title="bbox 61 444 1492 1335">
    <p class='ocr_par' dir='ltr' id='par_1_2' title="bbox 61 444 1492 1335">
     <span class='ocr_line' id='line_1_2' title="bbox 91 444 1490 533; baseline 0.004 -20"><span class='ocrx_word' id='word_1_6' title='bbox 91 449 283 515; x_wconf 84' lang='lat' dir='ltr'>scillianus</span> <span class='ocrx_word' id='word_1_7' title='bbox 315 447 357 511; x_wconf 90' lang='lat' dir='ltr'>ab</span> <span class='ocrx_word' id='word_1_8' title='bbox 391 446 568 531; x_wconf 79' lang='lat' dir='ltr'>Hispania,</span> <span class='ocrx_word' id='word_1_9' title='bbox 603 444 772 510; x_wconf 81' lang='lat' dir='ltr'>Nestorius</span> <span class='ocrx_word' id='word_1_10' title='bbox 801 445 1196 533; x_wconf 75' lang='lat' dir='ltr'>ConstantinopolitanuS,</span> <span class='ocrx_word' id='word_1_11' title='bbox 1227 449 1388 518; x_wconf 80' lang='lat' dir='ltr'><strong>Maximus</strong></span> <span class='ocrx_word' id='word_1_12' title='bbox 1404 459 1490 511; x_wconf 56' lang='lat'>&amp;495</span> 
     </span>
     <span class='ocr_line' id='line_1_3' title="bbox 90 527 1492 640; baseline 0 -22"><span class='ocrx_word' id='word_1_13' title='bbox 90 551 317 636; x_wconf 66' lang='lat' dir='ltr'>Cynicae),</span> <span class='ocrx_word' id='word_1_14' title='bbox 340 549 538 635; x_wconf 79' lang='lat' dir='ltr'>lampetius,</span> <span class='ocrx_word' id='word_1_15' title='bbox 562 547 744 632; x_wconf 90' lang='lat' dir='ltr'>Dioscorus,</span> <span class='ocrx_word' id='word_1_16' title='bbox 767 549 942 640; x_wconf 84' lang='lat' dir='ltr'>Eutyches,</span> <span class='ocrx_word' id='word_1_17' title='bbox 966 550 1082 615; x_wconf 86' lang='lat' dir='ltr'>Petrus</span> <span class='ocrx_word' id='word_1_18' title='bbox 1104 554 1137 615; x_wconf 88' lang='lat' dir='ltr'>et</span> <span class='ocrx_word' id='word_1_19' title='bbox 1159 552 1240 617; x_wconf 90' lang='lat' dir='ltr'>alius</span> <span class='ocrx_word' id='word_1_20' title='bbox 1260 552 1386 639; x_wconf 91' lang='lat' dir='ltr'>Petrus,</span> <span class='ocrx_word' id='word_1_21' title='bbox 1400 527 1492 578; x_wconf 66' lang='lat'>‘4⁹⁶&#39;</span> 
     </span>
     <span class='ocr_line' id='line_1_4' title="bbox 88 651 1408 738; baseline 0.002 -21"><span class='ocrx_word' id='word_1_22' title='bbox 88 677 126 717; x_wconf 82' lang='lat' dir='ltr'>e</span> <span class='ocrx_word' id='word_1_23' title='bbox 158 652 275 738; x_wconf 91' lang='lat' dir='ltr'>quibus</span> <span class='ocrx_word' id='word_1_24' title='bbox 303 674 386 717; x_wconf 91' lang='lat' dir='ltr'>unus</span> <span class='ocrx_word' id='word_1_25' title='bbox 414 651 645 716; x_wconf 81' lang='lat' dir='ltr'>Alexandriam</span> <span class='ocrx_word' id='word_1_26' title='bbox 672 651 753 716; x_wconf 86' lang='lat' dir='ltr'>alius</span> <span class='ocrx_word' id='word_1_27' title='bbox 787 652 996 717; x_wconf 78' lang='lat' dir='ltr'>Antiochiam</span> <span class='ocrx_word' id='word_1_28' title='bbox 1022 654 1212 738; x_wconf 89' lang='lat' dir='ltr'>maculavit,</span> <span class='ocrx_word' id='word_1_29' title='bbox 1248 655 1408 729; x_wconf 85' lang='lat' dir='ltr'>Aeacius</span> 
     </span>
     <span class='ocr_line' id='line_1_5' title="bbox 88 754 1387 840; baseline 0.002 -18"><span class='ocrx_word' id='word_1_30' title='bbox 88 754 494 840; x_wconf 74' lang='lat' dir='ltr'>(innatantiuopolitanus</span> <span class='ocrx_word' id='word_1_31' title='bbox 518 776 589 820; x_wconf 89' lang='lat' dir='ltr'>cum</span> <span class='ocrx_word' id='word_1_32' title='bbox 612 754 813 819; x_wconf 77' lang='lat' dir='ltr'>consortibus</span> <span class='ocrx_word' id='word_1_33' title='bbox 836 754 911 839; x_wconf 89' lang='lat' dir='ltr'>suis,</span> <span class='ocrx_word' id='word_1_34' title='bbox 936 777 996 820; x_wconf 91' lang='lat' dir='ltr'>nee</span> <span class='ocrx_word' id='word_1_35' title='bbox 1016 778 1084 820; x_wconf 91' lang='lat' dir='ltr'>non</span> <span class='ocrx_word' id='word_1_36' title='bbox 1105 759 1137 820; x_wconf 91' lang='lat' dir='ltr'>et</span> <span class='ocrx_word' id='word_1_37' title='bbox 1151 778 1262 822; x_wconf 91' lang='lat' dir='ltr'>omnes</span> <span class='ocrx_word' id='word_1_38' title='bbox 1278 758 1387 824; x_wconf 92' lang='lat' dir='ltr'>haere-</span> 
     </span>
     <span class='ocr_line' id='line_1_6' title="bbox 88 856 1386 943; baseline 0.003 -22"><span class='ocrx_word' id='word_1_39' title='bbox 88 858 309 943; x_wconf 72' lang='lat' dir='ltr'>siarchae92)</span> <span class='ocrx_word' id='word_1_40' title='bbox 337 879 507 942; x_wconf 88' lang='lat' dir='ltr'>eorumque</span> <span class='ocrx_word' id='word_1_41' title='bbox 536 856 686 942; x_wconf 88' lang='lat' dir='ltr'>discipuli</span> <span class='ocrx_word' id='word_1_42' title='bbox 722 857 788 921; x_wconf 87' lang='lat' dir='ltr'>sive</span> <span class='ocrx_word' id='word_1_43' title='bbox 816 858 1013 923; x_wconf 85' lang='lat' dir='ltr'>schismatici</span> <span class='ocrx_word' id='word_1_44' title='bbox 1041 858 1219 924; x_wconf 89' lang='lat' dir='ltr'>docuerunt</span> <span class='ocrx_word' id='word_1_45' title='bbox 1239 861 1290 924; x_wconf 91' lang='lat' dir='ltr'>vel</span> <span class='ocrx_word' id='word_1_46' title='bbox 1313 883 1386 926; x_wconf 91' lang='lat' dir='ltr'>eon-</span> 
     </span>
     <span class='ocr_line' id='line_1_7' title="bbox 61 958 1385 1047; baseline 0.002 -22"><span class='ocrx_word' id='word_1_47' title='bbox 61 963 324 1047; x_wconf 72' lang='lat' dir='ltr'>‘scripserunt</span> <span class='ocrx_word' id='word_1_48' title='bbox 357 982 491 1044; x_wconf 91' lang='lat' dir='ltr'>quorum</span> <span class='ocrx_word' id='word_1_49' title='bbox 524 959 657 1024; x_wconf 90' lang='lat' dir='ltr'>nomina</span> <span class='ocrx_word' id='word_1_50' title='bbox 689 958 821 1023; x_wconf 88' lang='lat' dir='ltr'>minime</span> <span class='ocrx_word' id='word_1_51' title='bbox 844 960 1034 1045; x_wconf 83' lang='lat' dir='ltr'>retinentur,</span> <span class='ocrx_word' id='word_1_52' title='bbox 1069 982 1136 1024; x_wconf 92' lang='lat' dir='ltr'>non</span> <span class='ocrx_word' id='word_1_53' title='bbox 1167 962 1271 1026; x_wconf 93' lang='lat' dir='ltr'>solum</span> <span class='ocrx_word' id='word_1_54' title='bbox 1293 985 1385 1047; x_wconf 90' lang='lat' dir='ltr'>repu-</span> 
     </span>
     <span class='ocr_line' id='line_1_8' title="bbox 91 1061 1385 1148; baseline 0.002 -21"><span class='ocrx_word' id='word_1_55' title='bbox 91 1063 213 1148; x_wconf 85' lang='lat' dir='ltr'>diata,</span> <span class='ocrx_word' id='word_1_56' title='bbox 237 1085 348 1128; x_wconf 80' lang='lat' dir='ltr'>verum</span> <span class='ocrx_word' id='word_1_57' title='bbox 370 1063 468 1127; x_wconf 90' lang='lat' dir='ltr'>etiarn</span> <span class='ocrx_word' id='word_1_58' title='bbox 490 1062 530 1125; x_wconf 90' lang='lat' dir='ltr'>ab</span> <span class='ocrx_word' id='word_1_59' title='bbox 553 1061 641 1126; x_wconf 91' lang='lat' dir='ltr'>omni</span> <span class='ocrx_word' id='word_1_60' title='bbox 662 1061 810 1126; x_wconf 85' lang='lat' dir='ltr'>Romana</span> <span class='ocrx_word' id='word_1_61' title='bbox 833 1062 991 1127; x_wconf 88' lang='lat' dir='ltr'>catholica</span> <span class='ocrx_word' id='word_1_62' title='bbox 1012 1066 1044 1126; x_wconf 91' lang='lat' dir='ltr'>et</span> <span class='ocrx_word' id='word_1_63' title='bbox 1060 1062 1236 1146; x_wconf 89' lang='lat' dir='ltr'>apostolica</span> <span class='ocrx_word' id='word_1_64' title='bbox 1251 1063 1385 1130; x_wconf 86' lang='lat' dir='ltr'>ecclesia</span> 
     </span>
     <span class='ocr_line' id='line_1_9' title="bbox 93 1163 1384 1250; baseline 0.002 -21"><span class='ocrx_word' id='word_1_65' title='bbox 93 1166 281 1231; x_wconf 84' lang='lat' dir='ltr'>eliminata</span> <span class='ocrx_word' id='word_1_66' title='bbox 315 1167 411 1249; x_wconf 88' lang='lat' dir='ltr'>atque</span> <span class='ocrx_word' id='word_1_67' title='bbox 445 1186 517 1229; x_wconf 89' lang='lat' dir='ltr'>cum</span> <span class='ocrx_word' id='word_1_68' title='bbox 539 1164 604 1228; x_wconf 88' lang='lat' dir='ltr'>suis</span> <span class='ocrx_word' id='word_1_69' title='bbox 637 1163 821 1229; x_wconf 84' lang='lat' dir='ltr'>auctoribus</span> <span class='ocrx_word' id='word_1_70' title='bbox 855 1167 1082 1250; x_wconf 85' lang='lat' dir='ltr'>auctorumque</span> <span class='ocrx_word' id='word_1_71' title='bbox 1109 1166 1298 1249; x_wconf 84' lang='lat' dir='ltr'>sequacibus</span> <span class='ocrx_word' id='word_1_72' title='bbox 1326 1168 1384 1232; x_wconf 90' lang='lat' dir='ltr'>sub</span> 
     </span>
     <span class='ocr_line' id='line_1_10' title="bbox 98 1266 1382 1335; baseline 0.002 -3"><span class='ocrx_word' id='word_1_73' title='bbox 98 1267 331 1334; x_wconf 82' lang='lat' dir='ltr'>anathematis</span> <span class='ocrx_word' id='word_1_74' title='bbox 352 1266 518 1332; x_wconf 84' lang='lat' dir='ltr'>insolubili</span> <span class='ocrx_word' id='word_1_75' title='bbox 539 1266 667 1331; x_wconf 91' lang='lat' dir='ltr'>vinculo</span> <span class='ocrx_word' id='word_1_76' title='bbox 689 1266 725 1330; x_wconf 90' lang='lat' dir='ltr'>in</span> <span class='ocrx_word' id='word_1_77' title='bbox 740 1269 906 1330; x_wconf 89' lang='lat' dir='ltr'>aeternum</span> <span class='ocrx_word' id='word_1_78' title='bbox 922 1267 1112 1332; x_wconf 77' lang='lat' dir='ltr'>confitemur</span> <span class='ocrx_word' id='word_1_79' title='bbox 1134 1290 1202 1333; x_wconf 91' lang='lat' dir='ltr'>esse</span> <span class='ocrx_word' id='word_1_80' title='bbox 1218 1270 1382 1335; x_wconf 88' lang='lat' dir='ltr'>damnata.</span> 
     </span>
    </p>
   </div>
   <div class='ocr_carea' id='block_1_3' title="bbox 602 1487 873 1591">
    <p class='ocr_par' dir='ltr' id='par_1_3' title="bbox 602 1487 873 1591">
     <span class='ocr_line' id='line_1_11' title="bbox 602 1487 873 1591; baseline 0.007 -21"><span class='ocrx_word' id='word_1_81' title='bbox 602 1487 799 1591; x_wconf 81' lang='lat' dir='ltr'>‚Epistola</span> <span class='ocrx_word' id='word_1_82' title='bbox 824 1488 873 1572; x_wconf 80' lang='lat'>43</span> 
     </span>
    </p>
   </div>
   <div class='ocr_carea' id='block_1_4' title="bbox 152 1640 1496 1915">
    <p class='ocr_par' dir='ltr' id='par_1_4' title="bbox 152 1640 1496 1915">
     <span class='ocr_line' id='line_1_12' title="bbox 724 1640 773 1678; baseline 0 -1"><span class='ocrx_word' id='word_1_83' title='bbox 724 1640 773 1678; x_wconf 85' lang='lat' dir='ltr'>seu</span> 
     </span>
     <span class='ocr_line' id='line_1_13' title="bbox 152 1708 1496 1856; baseline -0.001 -62"><span class='ocrx_word' id='word_1_84' title='bbox 152 1735 270 1794; x_wconf 60' lang='lat' dir='ltr'>&amp;noti</span> <span class='ocrx_word' id='word_1_85' title='bbox 291 1735 420 1793; x_wconf 80' lang='lat' dir='ltr'>Gelasii</span> <span class='ocrx_word' id='word_1_86' title='bbox 440 1737 567 1792; x_wconf 68' lang='lat' dir='ltr'>Romae</span> <span class='ocrx_word' id='word_1_87' title='bbox 589 1735 742 1804; x_wconf 81' lang='lat' dir='ltr'>episcopi</span> <span class='ocrx_word' id='word_1_88' title='bbox 763 1736 938 1804; x_wconf 85' lang='lat' dir='ltr'>exemplar</span> <span class='ocrx_word' id='word_1_89' title='bbox 962 1736 1127 1830; x_wconf 73' lang='lat' dir='ltr'>epistolae</span> <span class='ocrx_word' id='word_1_90' title='bbox 1149 1739 1194 1795; x_wconf 84' lang='lat' dir='ltr'>sd</span> <span class='ocrx_word' id='word_1_91' title='bbox 1217 1739 1336 1808; x_wconf 80' lang='lat' dir='ltr'>Syriae</span> <span class='ocrx_word' id='word_1_92' title='bbox 1392 1708 1496 1856; x_wconf 51' lang='lat' dir='ltr'>ffissgi’)</span> 
     </span>
     <span class='ocr_line' id='line_1_14' title="bbox 558 1830 1484 1915; baseline 0.001 -22"><span class='ocrx_word' id='word_1_93' title='bbox 558 1837 735 1906; x_wconf 83' lang='lat' dir='ltr'>episcopos</span> <span class='ocrx_word' id='word_1_94' title='bbox 756 1837 881 1895; x_wconf 88' lang='lat' dir='ltr'>missae</span> <span class='ocrx_word' id='word_1_95' title='bbox 891 1831 925 1915; x_wconf 88' lang='lat'>¹).</span> <span class='ocrx_word' id='word_1_96' title='bbox 1478 1830 1484 1840; x_wconf 88' lang='lat'>&#39;</span> 
     </span>
    </p>
   </div>
   <div class='ocr_carea' id='block_1_5' title="bbox 44 1985 1424 2484">
    <p class='ocr_par' dir='ltr' id='par_1_5' title="bbox 44 1985 1424 2397">
     <span class='ocr_line' id='line_1_15' title="bbox 44 1985 1346 2054; baseline 0 -13"><span class='ocrx_word' id='word_1_97' title='bbox 44 1990 106 2049; x_wconf 73' lang='lat' dir='ltr'>Pht.</span> <span class='ocrx_word' id='word_1_98' title='bbox 144 1988 282 2040; x_wconf 72' lang='lat' dir='ltr'>Occasione</span> <span class='ocrx_word' id='word_1_99' title='bbox 299 1993 408 2051; x_wconf 79' lang='lat' dir='ltr'>arrepto</span> <span class='ocrx_word' id='word_1_100' title='bbox 425 1987 457 2037; x_wconf 84' lang='lat' dir='ltr'>de</span> <span class='ocrx_word' id='word_1_101' title='bbox 475 1986 651 2038; x_wconf 83' lang='lat' dir='ltr'>monachorum</span> <span class='ocrx_word' id='word_1_102' title='bbox 673 1989 799 2050; x_wconf 81' lang='lat' dir='ltr'>manipulo</span> <span class='ocrx_word' id='word_1_103' title='bbox 821 1993 912 2037; x_wconf 80' lang='lat' dir='ltr'>contro</span> <span class='ocrx_word' id='word_1_104' title='bbox 930 1985 1114 2052; x_wconf 73' lang='lat' dir='ltr'>Eutychianam</span> <span class='ocrx_word' id='word_1_105' title='bbox 1131 1987 1256 2039; x_wconf 87' lang='lat' dir='ltr'>haeresim</span> <span class='ocrx_word' id='word_1_106' title='bbox 1270 1991 1346 2054; x_wconf 76' lang='lat' dir='ltr'>fldem</span> 
     </span>
     <span class='ocr_line' id='line_1_16' title="bbox 143 2071 1346 2138; baseline 0.001 -14"><span class='ocrx_word' id='word_1_107' title='bbox 143 2075 290 2125; x_wconf 78' lang='lat' dir='ltr'>catholicam</span> <span class='ocrx_word' id='word_1_108' title='bbox 306 2075 443 2138; x_wconf 73' lang='lat' dir='ltr'>profitente</span> <span class='ocrx_word' id='word_1_109' title='bbox 461 2078 493 2121; x_wconf 49' lang='lat' dir='ltr'>el&gt;</span> <span class='ocrx_word' id='word_1_110' title='bbox 503 2072 680 2136; x_wconf 81' lang='lat' dir='ltr'>episcoporum</span> <span class='ocrx_word' id='word_1_111' title='bbox 693 2071 786 2138; x_wconf 77' lang='lat' dir='ltr'>Syriae</span> <span class='ocrx_word' id='word_1_112' title='bbox 798 2072 925 2135; x_wconf 73' lang='lat' dir='ltr'>leqalioae</span> <span class='ocrx_word' id='word_1_113' title='bbox 944 2073 976 2122; x_wconf 81' lang='lat' dir='ltr'>de</span> <span class='ocrx_word' id='word_1_114' title='bbox 993 2079 1061 2122; x_wconf 77' lang='lat' dir='ltr'>statu</span> <span class='ocrx_word' id='word_1_115' title='bbox 1074 2074 1196 2124; x_wconf 87' lang='lat' dir='ltr'>ecclesiae</span> <span class='ocrx_word' id='word_1_116' title='bbox 1210 2073 1346 2126; x_wconf 77' lang='lat' dir='ltr'>orientalis</span> 
     </span>
     <span class='ocr_line' id='line_1_17' title="bbox 143 2140 1344 2225; baseline 0.002 -17"><span class='ocrx_word' id='word_1_117' title='bbox 143 2162 285 2218; x_wconf 65' lang='lat' dir='ltr'>arumnis,</span> <span class='ocrx_word' id='word_1_118' title='bbox 313 2160 385 2222; x_wconf 82' lang='lat' dir='ltr'>ipsos</span> <span class='ocrx_word' id='word_1_119' title='bbox 407 2159 542 2222; x_wconf 82' lang='lat' dir='ltr'>episcopos</span> <span class='ocrx_word' id='word_1_120' title='bbox 564 2158 600 2206; x_wconf 83' lang='lat' dir='ltr'>ari</span> <span class='ocrx_word' id='word_1_121' title='bbox 620 2140 722 2207; x_wconf 82' lang='lat' dir='ltr'>similem</span> <span class='ocrx_word' id='word_1_122' title='bbox 745 2157 932 2221; x_wconf 75' lang='lat' dir='ltr'>professionem</span> <span class='ocrx_word' id='word_1_123' title='bbox 959 2159 1091 2208; x_wconf 76' lang='lat' dir='ltr'>tenendam</span> <span class='ocrx_word' id='word_1_124' title='bbox 1113 2159 1241 2217; x_wconf 76' lang='lat' dir='ltr'>hortatur,</span> <span class='ocrx_word' id='word_1_125' title='bbox 1254 2157 1289 2224; x_wconf 86' lang='lat' dir='ltr'>(a.</span> <span class='ocrx_word' id='word_1_126' title='bbox 1308 2160 1344 2225; x_wconf 77' lang='grc'>2).</span> 
     </span>
     <span class='ocr_line' id='line_1_18' title="bbox 144 2242 1344 2309; baseline 0.003 -15"><span class='ocrx_word' id='word_1_127' title='bbox 144 2243 265 2294; x_wconf 82' lang='lat' dir='ltr'>Miseram</span> <span class='ocrx_word' id='word_1_128' title='bbox 286 2245 353 2294; x_wconf 83' lang='lat' dir='ltr'>iliius</span> <span class='ocrx_word' id='word_1_129' title='bbox 375 2243 488 2306; x_wconf 69' lang='lat' dir='ltr'>reyionis</span> <span class='ocrx_word' id='word_1_130' title='bbox 510 2243 586 2291; x_wconf 86' lang='lat' dir='ltr'>uicem</span> <span class='ocrx_word' id='word_1_131' title='bbox 610 2243 691 2300; x_wconf 72' lang='lat' dir='ltr'>dolce,</span> <span class='ocrx_word' id='word_1_132' title='bbox 720 2242 764 2291; x_wconf 84' lang='lat' dir='ltr'>ubi</span> <span class='ocrx_word' id='word_1_133' title='bbox 785 2243 911 2292; x_wconf 80' lang='lat' dir='ltr'>haeretici</span> <span class='ocrx_word' id='word_1_134' title='bbox 932 2244 1030 2306; x_wconf 76' lang='lat' dir='ltr'>impune</span> <span class='ocrx_word' id='word_1_135' title='bbox 1052 2244 1241 2294; x_wconf 68' lang='lat' dir='ltr'>debacchantur</span> <span class='ocrx_word' id='word_1_136' title='bbox 1258 2242 1294 2309; x_wconf 86' lang='lat' dir='ltr'>(n.</span> <span class='ocrx_word' id='word_1_137' title='bbox 1308 2245 1344 2308; x_wconf 84' lang='lat'>3).</span> 
     </span>
     <span class='ocr_line' id='line_1_19' title="bbox 142 2316 1424 2397; baseline 0.001 -17"><span class='ocrx_word' id='word_1_138' title='bbox 142 2329 357 2393; x_wconf 66' lang='lat' dir='ltr'>&amp;sciotherum</span> <span class='ocrx_word' id='word_1_139' title='bbox 378 2328 494 2378; x_wconf 86' lang='lat' dir='ltr'>deDeo</span> <span class='ocrx_word' id='word_1_140' title='bbox 515 2342 612 2391; x_wconf 84' lang='lat' dir='ltr'>passo</span> <span class='ocrx_word' id='word_1_141' title='bbox 637 2335 772 2377; x_wconf 79' lang='lat' dir='ltr'>commeato</span> <span class='ocrx_word' id='word_1_142' title='bbox 791 2325 937 2392; x_wconf 77' lang='lat' dir='ltr'>(al-7),</span> <span class='ocrx_word' id='word_1_143' title='bbox 969 2328 1106 2394; x_wconf 75' lang='lat' dir='ltr'>iterumque</span> <span class='ocrx_word' id='word_1_144' title='bbox 1129 2331 1165 2379; x_wconf 86' lang='lat' dir='ltr'>ad</span> <span class='ocrx_word' id='word_1_145' title='bbox 1182 2331 1259 2394; x_wconf 78' lang='lat' dir='ltr'>fidem</span> <span class='ocrx_word' id='word_1_146' title='bbox 1281 2347 1345 2397; x_wconf 73' lang='lat' dir='ltr'>eraa</span> <span class='ocrx_word' id='word_1_147' title='bbox 1420 2316 1424 2326; x_wconf 41' lang='lat'>⁸</span> 
     </span>
    </p>

    <p class='ocr_par' dir='ltr' id='par_1_6' title="bbox 296 2405 1280 2484">
     <span class='ocr_line' id='line_1_20' title="bbox 296 2405 1280 2484; baseline 0.001 -21"><span class='ocrx_word' id='word_1_148' title='bbox 296 2419 398 2480; x_wconf 74' lang='lat' dir='ltr'>patrum</span> <span class='ocrx_word' id='word_1_149' title='bbox 415 2419 440 2463; x_wconf 79' lang='lat' dir='ltr'>et</span> <span class='ocrx_word' id='word_1_150' title='bbox 458 2412 591 2462; x_wconf 71' lang='lat' dir='ltr'>Ecclesiae</span> <span class='ocrx_word' id='word_1_151' title='bbox 610 2413 749 2462; x_wconf 70' lang='lat' dir='ltr'>catholicae</span> <span class='ocrx_word' id='word_1_152' title='bbox 768 2414 910 2462; x_wconf 81' lang='lat' dir='ltr'>doctrinam</span> <span class='ocrx_word' id='word_1_153' title='bbox 928 2414 1016 2463; x_wconf 79' lang='lat' dir='ltr'>incitat</span> <span class='ocrx_word' id='word_1_154' title='bbox 1035 2411 1069 2477; x_wconf 92' lang='lat' dir='ltr'>(n.</span> <span class='ocrx_word' id='word_1_155' title='bbox 1083 2415 1100 2464; x_wconf 85' lang='lat'>8</span> <span class='ocrx_word' id='word_1_156' title='bbox 1112 2420 1138 2464; x_wconf 78' lang='lat' dir='ltr'>ee</span> <span class='ocrx_word' id='word_1_157' title='bbox 1149 2412 1185 2478; x_wconf 83' lang='lat'>9).</span> <span class='ocrx_word' id='word_1_158' title='bbox 1259 2405 1280 2484; x_wconf 20' lang='grc' dir='ltr'><em>ᾖ</em></span> 
     </span>
    </p>
   </div>
   <div class='ocr_carea' id='block_1_6' title="bbox 150 2560 1377 2857">
    <p class='ocr_par' dir='ltr' id='par_1_7' title="bbox 150 2560 1377 2857">
     <span class='ocr_line' id='line_1_21' title="bbox 150 2560 1377 2650; baseline 0.001 -21"><span class='ocrx_word' id='word_1_159' title='bbox 150 2567 322 2649; x_wconf 80' lang='grc' dir='ltr'><strong><em>Κυρίοις</em></strong></span> <span class='ocrx_word' id='word_1_160' title='bbox 353 2585 429 2647; x_wconf 83' lang='grc' dir='ltr'>μου</span> <span class='ocrx_word' id='word_1_161' title='bbox 457 2560 590 2626; x_wconf 78' lang='grc' dir='ltr'><strong><em>πάντα</em></strong></span> <span class='ocrx_word' id='word_1_162' title='bbox 616 2568 713 2626; x_wconf 67' lang='lat' dir='ltr'>beo-</span> <span class='ocrx_word' id='word_1_163' title='bbox 809 2562 987 2626; x_wconf 85' lang='lat' dir='ltr'>Dominis</span> <span class='ocrx_word' id='word_1_164' title='bbox 1021 2563 1118 2628; x_wconf 89' lang='lat' dir='ltr'>meis</span> <span class='ocrx_word' id='word_1_165' title='bbox 1146 2564 1377 2650; x_wconf 86' lang='lat' dir='ltr'>religiosis·</span> 
     </span>
     <span class='ocr_line' id='line_1_22' title="bbox 211 2660 1376 2750; baseline 0.002 -19"><span class='ocrx_word' id='word_1_166' title='bbox 211 2662 478 2750; x_wconf 77' lang='grc' dir='ltr'><strong><em>σεβεστάποις</em></strong></span> <span class='ocrx_word' id='word_1_167' title='bbox 500 2664 566 2728; x_wconf 79' lang='lat' dir='ltr'>nai</span> <span class='ocrx_word' id='word_1_168' title='bbox 589 2660 708 2729; x_wconf 79' lang='lat' dir='ltr'>daco-</span> <span class='ocrx_word' id='word_1_169' title='bbox 871 2665 983 2729; x_wconf 89' lang='lat' dir='ltr'>simis</span> <span class='ocrx_word' id='word_1_170' title='bbox 1028 2669 1066 2737; x_wconf 87' lang='lat' dir='ltr'>et</span> <span class='ocrx_word' id='word_1_171' title='bbox 1101 2667 1376 2733; x_wconf 88' lang='lat' dir='ltr'>sanctissimis</span> 
     </span>
     <span class='ocr_line' id='line_1_23' title="bbox 210 2765 1376 2857; baseline 0 -23"><span class='ocrx_word' id='word_1_172' title='bbox 210 2768 347 2844; x_wconf 81' lang='grc' dir='ltr'><em>τάτοις</em></span> <span class='ocrx_word' id='word_1_173' title='bbox 362 2765 712 2842; x_wconf 82' lang='grc' dir='ltr'><strong><em>ἐπισκόποιςΚοσ-</em></strong></span> <span class='ocrx_word' id='word_1_174' title='bbox 785 2846 791 2857; x_wconf 38' lang='grc' dir='ltr'>Ι</span> <span class='ocrx_word' id='word_1_175' title='bbox 870 2767 1073 2850; x_wconf 89' lang='lat' dir='ltr'>episcopis</span> <span class='ocrx_word' id='word_1_176' title='bbox 1086 2767 1293 2855; x_wconf 72' lang='lat' dir='ltr'>Oosmae2),</span> <span class='ocrx_word' id='word_1_177' title='bbox 1311 2770 1376 2834; x_wconf 82' lang='lat' dir='ltr'>Se-</span> 
     </span>
    </p>
   </div>
   <div class='ocr_carea' id='block_1_7' title="bbox 210 2866 1481 2960">
    <p class='ocr_par' dir='ltr' id='par_1_8' title="bbox 210 2866 1481 2960">
     <span class='ocr_line' id='line_1_24' title="bbox 210 2866 1481 2960; baseline 0.002 -26"><span class='ocrx_word' id='word_1_178' title='bbox 210 2871 310 2960; x_wconf 56' lang='lat' dir='ltr'>nass),</span> <span class='ocrx_word' id='word_1_179' title='bbox 337 2871 599 2954; x_wconf 81' lang='grc' dir='ltr'><strong><em>Σεβηριανῷ,</em></strong></span> <span class='ocrx_word' id='word_1_180' title='bbox 628 2868 712 2933; x_wconf 83' lang='grc' dir='ltr'>Κύ-</span> <span class='ocrx_word' id='word_1_181' title='bbox 870 2869 1051 2953; x_wconf 88' lang='lat' dir='ltr'>veriano,</span> <span class='ocrx_word' id='word_1_182' title='bbox 1091 2870 1208 2954; x_wconf 84' lang='lat' dir='ltr'>Cyre,</span> <span class='ocrx_word' id='word_1_183' title='bbox 1246 2866 1373 2956; x_wconf 79' lang='lat' dir='ltr'>Zoilo,</span> <span class='ocrx_word' id='word_1_184' title='bbox 1478 2936 1481 2942; x_wconf 81' lang='grc'><strong>,</strong></span> 
     </span>
    </p>
   </div>
   <div class='ocr_carea' id='block_1_8' title="bbox 322 3063 408 3071">
    <p class='ocr_par' dir='ltr' id='par_1_9' title="bbox 322 3063 408 3071">
     <span class='ocr_line' id='line_1_25' title="bbox 322 3063 408 3071; baseline 0.012 -1"><span class='ocrx_word' id='word_1_185' title='bbox 322 3063 408 3071; x_wconf 68' lang='grc' dir='ltr'>...ι-</span> 
     </span>
    </p>
   </div>
   <div class='ocr_carea' id='block_1_9' title="bbox 60 3158 1373 4931">
    <p class='ocr_par' dir='ltr' id='par_1_10' title="bbox 97 3158 1371 3480">
     <span class='ocr_line' id='line_1_26' title="bbox 100 3158 1370 3229; baseline 0.001 -14"><span class='ocrx_word' id='word_1_186' title='bbox 100 3159 168 3214; x_wconf 88' lang='lat' dir='ltr'>licet</span> <span class='ocrx_word' id='word_1_187' title='bbox 184 3158 292 3229; x_wconf 79' lang='lat' dir='ltr'>Pelagii</span> <span class='ocrx_word' id='word_1_188' title='bbox 310 3158 468 3228; x_wconf 90' lang='lat' dir='ltr'>discipulus.</span> <span class='ocrx_word' id='word_1_189' title='bbox 492 3158 594 3212; x_wconf 88' lang='lat' dir='ltr'>Postea</span> <span class='ocrx_word' id='word_1_190' title='bbox 611 3160 637 3212; x_wconf 83' lang='lat' dir='ltr'>a&#39;</span> <span class='ocrx_word' id='word_1_191' title='bbox 652 3159 675 3211; x_wconf 82' lang='lat' dir='ltr'>o&#39;</span> <span class='ocrx_word' id='word_1_192' title='bbox 690 3174 747 3225; x_wconf 87' lang='lat' dir='ltr'>seq.</span> <span class='ocrx_word' id='word_1_193' title='bbox 764 3162 918 3212; x_wconf 70' lang='lat' dir='ltr'>sissinium</span> <span class='ocrx_word' id='word_1_194' title='bbox 936 3158 1144 3227; x_wconf 81' lang='lat' dir='ltr'>refragantibus</span> <span class='ocrx_word' id='word_1_195' title='bbox 1163 3158 1289 3214; x_wconf 89' lang='lat' dir='ltr'>omuibus</span> <span class='ocrx_word' id='word_1_196' title='bbox 1307 3178 1370 3216; x_wconf 87' lang='lat' dir='ltr'>mss.</span> 
     </span>
     <span class='ocr_line' id='line_1_27' title="bbox 98 3242 1371 3315; baseline -0.001 -16"><span class='ocrx_word' id='word_1_197' title='bbox 98 3244 181 3299; x_wconf 83' lang='lat' dir='ltr'>Licet</span> <span class='ocrx_word' id='word_1_198' title='bbox 200 3245 285 3299; x_wconf 82' lang='lat' dir='ltr'>fuerit</span> <span class='ocrx_word' id='word_1_199' title='bbox 305 3243 472 3298; x_wconf 83' lang='lat' dir='ltr'>Maximinus</span> <span class='ocrx_word' id='word_1_200' title='bbox 493 3244 650 3298; x_wconf 84' lang='lat' dir='ltr'>haereticus</span> <span class='ocrx_word' id='word_1_201' title='bbox 668 3242 799 3310; x_wconf 70' lang='lat' dir='ltr'>Aricinus,</span> <span class='ocrx_word' id='word_1_202' title='bbox 830 3246 926 3298; x_wconf 86' lang='lat' dir='ltr'>eontra</span> <span class='ocrx_word' id='word_1_203' title='bbox 953 3259 1037 3312; x_wconf 90' lang='lat' dir='ltr'>quem</span> <span class='ocrx_word' id='word_1_204' title='bbox 1059 3242 1230 3312; x_wconf 85' lang='lat' dir='ltr'>Augustinus</span> <span class='ocrx_word' id='word_1_205' title='bbox 1253 3244 1371 3315; x_wconf 83' lang='lat' dir='ltr'>scripsit,</span> 
     </span>
     <span class='ocr_line' id='line_1_28' title="bbox 98 3326 1371 3396; baseline 0.002 -12"><span class='ocrx_word' id='word_1_206' title='bbox 98 3329 209 3383; x_wconf 74' lang='lat' dir='ltr'>enam</span> <span class='ocrx_word' id='word_1_207' title='bbox 225 3328 311 3384; x_wconf 91' lang='lat' dir='ltr'>nihilo</span> <span class='ocrx_word' id='word_1_208' title='bbox 329 3328 419 3383; x_wconf 90' lang='lat' dir='ltr'>minus</span> <span class='ocrx_word' id='word_1_209' title='bbox 436 3330 466 3383; x_wconf 90' lang='lat' dir='ltr'>et</span> <span class='ocrx_word' id='word_1_210' title='bbox 482 3332 657 3382; x_wconf 71' lang='lat' dir='ltr'>Maronianus</span> <span class='ocrx_word' id='word_1_211' title='bbox 669 3326 824 3393; x_wconf 87' lang='lat' dir='ltr'>Donatista,</span> <span class='ocrx_word' id='word_1_212' title='bbox 842 3345 859 3381; x_wconf 90' lang='lat' dir='ltr'>a</span> <span class='ocrx_word' id='word_1_213' title='bbox 878 3344 932 3396; x_wconf 89' lang='lat' dir='ltr'>quo</span> <span class='ocrx_word' id='word_1_214' title='bbox 947 3332 1164 3392; x_wconf 54' lang='lat' dir='ltr'>,llaxiruianistae</span> <span class='ocrx_word' id='word_1_215' title='bbox 1184 3327 1231 3396; x_wconf 90' lang='lat' dir='ltr'>qui</span> <span class='ocrx_word' id='word_1_216' title='bbox 1249 3346 1282 3383; x_wconf 89' lang='lat' dir='ltr'>co</span> <span class='ocrx_word' id='word_1_217' title='bbox 1302 3329 1371 3386; x_wconf 89' lang='lat' dir='ltr'>duee</span> 
     </span>
     <span class='ocr_line' id='line_1_29' title="bbox 97 3412 949 3480; baseline -0.002 -12"><span class='ocrx_word' id='word_1_218' title='bbox 97 3431 119 3468; x_wconf 90' lang='lat' dir='ltr'>a</span> <span class='ocrx_word' id='word_1_219' title='bbox 136 3413 237 3469; x_wconf 84' lang='lat' dir='ltr'>ceteris</span> <span class='ocrx_word' id='word_1_220' title='bbox 254 3412 408 3468; x_wconf 81' lang='lat' dir='ltr'>Donatistis</span> <span class='ocrx_word' id='word_1_221' title='bbox 425 3415 605 3479; x_wconf 85' lang='lat' dir='ltr'>secesserunt,</span> <span class='ocrx_word' id='word_1_222' title='bbox 623 3415 735 3467; x_wconf 81' lang='lat' dir='ltr'>luerunt</span> <span class='ocrx_word' id='word_1_223' title='bbox 752 3412 949 3480; x_wconf 81' lang='lat' dir='ltr'>cognominati.</span> 
     </span>
    </p>

    <p class='ocr_par' dir='ltr' id='par_1_11' title="bbox 97 3497 1373 3739">
     <span class='ocr_line' id='line_1_30' title="bbox 168 3497 1373 3569; baseline 0.002 -17"><span class='ocrx_word' id='word_1_224' title='bbox 168 3500 201 3567; x_wconf 78' lang='lat'>’¹)</span> <span class='ocrx_word' id='word_1_225' title='bbox 218 3498 253 3552; x_wconf 67' lang='grc' dir='ltr'>Ρ*</span> <span class='ocrx_word' id='word_1_226' title='bbox 271 3501 300 3554; x_wconf 89' lang='lat' dir='ltr'>et</span> <span class='ocrx_word' id='word_1_227' title='bbox 318 3498 386 3553; x_wconf 88' lang='lat' dir='ltr'>editi</span> <span class='ocrx_word' id='word_1_228' title='bbox 400 3504 503 3568; x_wconf 69' lang='lat' dir='ltr'>(laicum,</span> <span class='ocrx_word' id='word_1_229' title='bbox 522 3498 613 3553; x_wconf 87' lang='lat' dir='ltr'>verius</span> <span class='ocrx_word' id='word_1_230' title='bbox 631 3497 759 3553; x_wconf 90' lang='lat' dir='ltr'>meliores</span> <span class='ocrx_word' id='word_1_231' title='bbox 776 3516 839 3551; x_wconf 88' lang='lat' dir='ltr'>mss.</span> <span class='ocrx_word' id='word_1_232' title='bbox 854 3497 950 3565; x_wconf 87' lang='lat' dir='ltr'>(etiam</span> <span class='ocrx_word' id='word_1_233' title='bbox 969 3498 1000 3553; x_wconf 76' lang='lat'>0²</span> <span class='ocrx_word' id='word_1_234' title='bbox 1009 3499 1042 3552; x_wconf 63' lang='lat'>10¹¹</span> <span class='ocrx_word' id='word_1_235' title='bbox 1051 3499 1086 3553; x_wconf 66' lang='lat' dir='ltr'>nd</span> <span class='ocrx_word' id='word_1_236' title='bbox 1095 3498 1135 3552; x_wconf 77' lang='lat' dir='ltr'>Fm</span> <span class='ocrx_word' id='word_1_237' title='bbox 1145 3498 1193 3568; x_wconf 64' lang='lat' dir='ltr'>Hi)</span> <span class='ocrx_word' id='word_1_238' title='bbox 1211 3503 1321 3569; x_wconf 75' lang='lat' dir='ltr'>Cynicus</span> <span class='ocrx_word' id='word_1_239' title='bbox 1338 3501 1373 3568; x_wconf 71' lang='grc' dir='ltr'>(Ιο</span> 
     </span>
     <span class='ocr_line' id='line_1_31' title="bbox 98 3582 1372 3654; baseline 0.002 -16"><span class='ocrx_word' id='word_1_240' title='bbox 98 3587 225 3652; x_wconf 78' lang='lat' dir='ltr'>cinicus),</span> <span class='ocrx_word' id='word_1_241' title='bbox 243 3600 299 3654; x_wconf 86' lang='lat' dir='ltr'>quo</span> <span class='ocrx_word' id='word_1_242' title='bbox 321 3583 433 3639; x_wconf 91' lang='lat' dir='ltr'>nomine</span> <span class='ocrx_word' id='word_1_243' title='bbox 455 3583 614 3654; x_wconf 85' lang='lat' dir='ltr'>appellatur</span> <span class='ocrx_word' id='word_1_244' title='bbox 630 3587 760 3638; x_wconf 68' lang='lat' dir='ltr'>Munianus</span> <span class='ocrx_word' id='word_1_245' title='bbox 779 3582 1080 3654; x_wconf 72' lang='lat' dir='ltr'>constantinopolitani</span> <span class='ocrx_word' id='word_1_246' title='bbox 1103 3583 1211 3639; x_wconf 86' lang='lat' dir='ltr'>concilii</span> <span class='ocrx_word' id='word_1_247' title='bbox 1233 3594 1372 3642; x_wconf 73' lang='lat' dir='ltr'>mounes</span> 
     </span>
     <span class='ocr_line' id='line_1_32' title="bbox 97 3669 1010 3739; baseline -0.004 -15"><span class='ocrx_word' id='word_1_248' title='bbox 97 3672 128 3724; x_wconf 87' lang='lat' dir='ltr'>et</span> <span class='ocrx_word' id='word_1_249' title='bbox 146 3669 262 3724; x_wconf 84' lang='lat' dir='ltr'>Damasi</span> <span class='ocrx_word' id='word_1_250' title='bbox 280 3669 399 3739; x_wconf 85' lang='lat' dir='ltr'>epistola</span> <span class='ocrx_word' id='word_1_251' title='bbox 415 3676 431 3724; x_wconf 86' lang='lat'>8</span> <span class='ocrx_word' id='word_1_252' title='bbox 449 3669 604 3723; x_wconf 87' lang='lat' dir='ltr'>damnatus.</span> <span class='ocrx_word' id='word_1_253' title='bbox 1006 3673 1010 3681; x_wconf 92' lang='grc'><strong>’</strong></span> 
     </span>
    </p>

    <p class='ocr_par' dir='ltr' id='par_1_12' title="bbox 94 3751 1372 4166">
     <span class='ocr_line' id='line_1_33' title="bbox 168 3751 1371 3827; baseline 0.004 -19"><span class='ocrx_word' id='word_1_254' title='bbox 168 3756 202 3823; x_wconf 83' lang='lat'>⁸²)</span> <span class='ocrx_word' id='word_1_255' title='bbox 219 3751 264 3808; x_wconf 74' lang='lat' dir='ltr'>lia</span> <span class='ocrx_word' id='word_1_256' title='bbox 280 3754 314 3808; x_wconf 82' lang='lat' dir='ltr'>F²</span> <span class='ocrx_word' id='word_1_257' title='bbox 326 3755 364 3807; x_wconf 74' lang='lat' dir='ltr'>H⁸</span> <span class='ocrx_word' id='word_1_258' title='bbox 374 3754 398 3808; x_wconf 68' lang='grc' dir='ltr'>Ιῦ</span> <span class='ocrx_word' id='word_1_259' title='bbox 412 3757 437 3808; x_wconf 75' lang='lat'>0⁹</span> <span class='ocrx_word' id='word_1_260' title='bbox 450 3756 495 3818; x_wconf 77' lang='lat'>0¹⁰,</span> <span class='ocrx_word' id='word_1_261' title='bbox 514 3753 566 3807; x_wconf 86' lang='lat' dir='ltr'>nisi</span> <span class='ocrx_word' id='word_1_262' title='bbox 584 3753 660 3822; x_wconf 87' lang='lat' dir='ltr'>quod</span> <span class='ocrx_word' id='word_1_263' title='bbox 677 3754 700 3807; x_wconf 71' lang='grc' dir='ltr'>Ιο</span> <span class='ocrx_word' id='word_1_264' title='bbox 718 3759 911 3809; x_wconf 74' lang='lat' dir='ltr'>haeresiarches</span> <span class='ocrx_word' id='word_1_265' title='bbox 929 3766 953 3809; x_wconf 80' lang='lat' dir='ltr'>et</span> <span class='ocrx_word' id='word_1_266' title='bbox 972 3775 1058 3811; x_wconf 84' lang='lat' dir='ltr'>carran</span> <span class='ocrx_word' id='word_1_267' title='bbox 1076 3762 1215 3825; x_wconf 82' lang='lat' dir='ltr'>discipulos</span> <span class='ocrx_word' id='word_1_268' title='bbox 1233 3762 1277 3827; x_wconf 87' lang='lat' dir='ltr'>qui</span> <span class='ocrx_word' id='word_1_269' title='bbox 1292 3762 1371 3813; x_wconf 83' lang='lat' dir='ltr'>schis-</span> 
     </span>
     <span class='ocr_line' id='line_1_34' title="bbox 95 3838 1372 3912; baseline 0.001 -18"><span class='ocrx_word' id='word_1_270' title='bbox 95 3842 198 3905; x_wconf 63' lang='lat' dir='ltr'>matica,</span> <span class='ocrx_word' id='word_1_271' title='bbox 217 3843 244 3893; x_wconf 77' lang='lat'>0⁹</span> <span class='ocrx_word' id='word_1_272' title='bbox 262 3845 441 3910; x_wconf 66' lang='lat' dir='ltr'>discipulique*</span> <span class='ocrx_word' id='word_1_273' title='bbox 450 3844 619 3895; x_wconf 82' lang='lat' dir='ltr'>schismatica.</span> <span class='ocrx_word' id='word_1_274' title='bbox 638 3838 718 3892; x_wconf 60' lang='grc' dir='ltr'>ΡΨ)</span> <span class='ocrx_word' id='word_1_275' title='bbox 728 3838 790 3893; x_wconf 74' lang='lat'>0²0¹</span> <span class='ocrx_word' id='word_1_276' title='bbox 804 3844 922 3894; x_wconf 88' lang='lat' dir='ltr'>haeresei</span> <span class='ocrx_word' id='word_1_277' title='bbox 934 3840 976 3908; x_wconf 72' lang='lat'>(0²</span> <span class='ocrx_word' id='word_1_278' title='bbox 989 3843 1125 3909; x_wconf 79' lang='lat' dir='ltr'>haeretici)</span> <span class='ocrx_word' id='word_1_279' title='bbox 1145 3845 1372 3912; x_wconf 81' lang='lat' dir='ltr'>haereseorumque</span> 
     </span>
     <span class='ocr_line' id='line_1_35' title="bbox 95 3923 1372 3995; baseline 0.001 -16"><span class='ocrx_word' id='word_1_280' title='bbox 95 3930 229 3993; x_wconf 77' lang='lat' dir='ltr'>discipuli,</span> <span class='ocrx_word' id='word_1_281' title='bbox 248 3924 282 3978; x_wconf 76' lang='lat' dir='ltr'>F&#39;</span> <span class='ocrx_word' id='word_1_282' title='bbox 294 3924 331 3978; x_wconf 86' lang='lat' dir='ltr'>H³</span> <span class='ocrx_word' id='word_1_283' title='bbox 343 3923 377 3979; x_wconf 72' lang='grc' dir='ltr'>Ο9</span> <span class='ocrx_word' id='word_1_284' title='bbox 396 3929 517 3979; x_wconf 84' lang='lat' dir='ltr'>haereses</span> <span class='ocrx_word' id='word_1_285' title='bbox 536 3924 582 3991; x_wconf 82' lang='lat' dir='ltr'>(H⁸</span> <span class='ocrx_word' id='word_1_286' title='bbox 595 3923 629 3978; x_wconf 66' lang='grc' dir='ltr'>0ο</span> <span class='ocrx_word' id='word_1_287' title='bbox 642 3928 773 3993; x_wconf 86' lang='lat' dir='ltr'>haeresei)</span> <span class='ocrx_word' id='word_1_288' title='bbox 791 3930 969 3980; x_wconf 78' lang='lat' dir='ltr'>haereseorum</span> <span class='ocrx_word' id='word_1_289' title='bbox 988 3932 1117 3995; x_wconf 81' lang='lat' dir='ltr'>discipuli,</span> <span class='ocrx_word' id='word_1_290' title='bbox 1143 3925 1181 3979; x_wconf 73' lang='lat' dir='ltr'>Xe</span> <span class='ocrx_word' id='word_1_291' title='bbox 1194 3930 1372 3981; x_wconf 86' lang='lat' dir='ltr'>haereseorum</span> 
     </span>
     <span class='ocr_line' id='line_1_36' title="bbox 95 4009 1372 4081; baseline 0.002 -18"><span class='ocrx_word' id='word_1_292' title='bbox 95 4029 162 4080; x_wconf 73' lang='lat' dir='ltr'>qaas</span> <span class='ocrx_word' id='word_1_293' title='bbox 174 4014 298 4064; x_wconf 80' lang='lat' dir='ltr'>haeretici</span> <span class='ocrx_word' id='word_1_294' title='bbox 308 4016 361 4065; x_wconf 85' lang='lat' dir='ltr'>sive</span> <span class='ocrx_word' id='word_1_295' title='bbox 372 4014 532 4072; x_wconf 74' lang='lat' dir='ltr'>schismatici,</span> <span class='ocrx_word' id='word_1_296' title='bbox 553 4014 579 4063; x_wconf 87' lang='grc' dir='ltr'>Γ</span> <span class='ocrx_word' id='word_1_297' title='bbox 591 4014 707 4064; x_wconf 86' lang='lat' dir='ltr'>haeresei</span> <span class='ocrx_word' id='word_1_298' title='bbox 723 4014 843 4065; x_wconf 86' lang='lat' dir='ltr'>haereses</span> <span class='ocrx_word' id='word_1_299' title='bbox 862 4031 995 4081; x_wconf 77' lang='lat' dir='ltr'>cornuaque</span> <span class='ocrx_word' id='word_1_300' title='bbox 1013 4017 1139 4081; x_wconf 83' lang='lat' dir='ltr'>discipuli,</span> <span class='ocrx_word' id='word_1_301' title='bbox 1159 4009 1227 4066; x_wconf 88' lang='lat' dir='ltr'>editi</span> <span class='ocrx_word' id='word_1_302' title='bbox 1245 4011 1293 4066; x_wconf 88' lang='lat' dir='ltr'>alii</span> <span class='ocrx_word' id='word_1_303' title='bbox 1310 4016 1372 4066; x_wconf 88' lang='lat' dir='ltr'>hae·</span> 
     </span>
     <span class='ocr_line' id='line_1_37' title="bbox 94 4094 1098 4166; baseline 0.006 -18"><span class='ocrx_word' id='word_1_304' title='bbox 94 4100 174 4149; x_wconf 76' lang='lat' dir='ltr'>retici</span> <span class='ocrx_word' id='word_1_305' title='bbox 188 4115 323 4166; x_wconf 80' lang='lat' dir='ltr'>eorumque</span> <span class='ocrx_word' id='word_1_306' title='bbox 341 4094 465 4164; x_wconf 79' lang='lat' dir='ltr'>discipuli.</span> <span class='ocrx_word' id='word_1_307' title='bbox 501 4094 567 4158; x_wconf 73' lang='lat' dir='ltr'>Mox</span> <span class='ocrx_word' id='word_1_308' title='bbox 584 4094 622 4148; x_wconf 65' lang='lat' dir='ltr'>Xe</span> <span class='ocrx_word' id='word_1_309' title='bbox 640 4100 782 4157; x_wconf 75' lang='lat' dir='ltr'>retinemus,</span> <span class='ocrx_word' id='word_1_310' title='bbox 802 4095 836 4147; x_wconf 65' lang='lat' dir='ltr'>Fi</span> <span class='ocrx_word' id='word_1_311' title='bbox 849 4095 890 4148; x_wconf 70' lang='lat' dir='ltr'>Fe</span> <span class='ocrx_word' id='word_1_312' title='bbox 902 4095 925 4148; x_wconf 82' lang='lat' dir='ltr'>Ic</span> <span class='ocrx_word' id='word_1_313' title='bbox 944 4102 1098 4154; x_wconf 77' lang='lat' dir='ltr'>retinuimus.</span> 
     </span>
    </p>

    <p class='ocr_par' dir='ltr' id='par_1_13' title="bbox 91 4179 1369 4506">
     <span class='ocr_line' id='line_1_38' title="bbox 164 4179 1369 4251; baseline 0.002 -18"><span class='ocrx_word' id='word_1_314' title='bbox 164 4181 197 4247; x_wconf 66' lang='grc' dir='ltr'>ω)</span> <span class='ocrx_word' id='word_1_315' title='bbox 215 4179 240 4233; x_wconf 69' lang='lat'>1⁶</span> <span class='ocrx_word' id='word_1_316' title='bbox 251 4182 279 4234; x_wconf 85' lang='lat' dir='ltr'>a¹</span> <span class='ocrx_word' id='word_1_317' title='bbox 293 4183 319 4234; x_wconf 60' lang='grc' dir='ltr'>σι</span> <span class='ocrx_word' id='word_1_318' title='bbox 331 4197 389 4251; x_wconf 90' lang='lat' dir='ltr'>seq.</span> <span class='ocrx_word' id='word_1_319' title='bbox 408 4185 591 4235; x_wconf 78' lang='lat' dir='ltr'>r&#39;naissolusiu&#39;:</span> <span class='ocrx_word' id='word_1_320' title='bbox 612 4180 795 4234; x_wconf 90' lang='lat' dir='ltr'>emendantur</span> <span class='ocrx_word' id='word_1_321' title='bbox 813 4198 846 4234; x_wconf 88' lang='lat' dir='ltr'>ex</span> <span class='ocrx_word' id='word_1_322' title='bbox 864 4179 986 4234; x_wconf 91' lang='lat' dir='ltr'>melioris</span> <span class='ocrx_word' id='word_1_323' title='bbox 1003 4181 1088 4236; x_wconf 89' lang='lat' dir='ltr'>notae</span> <span class='ocrx_word' id='word_1_324' title='bbox 1106 4199 1169 4236; x_wconf 88' lang='lat' dir='ltr'>mss.</span> <span class='ocrx_word' id='word_1_325' title='bbox 1206 4182 1281 4236; x_wconf 86' lang='lat' dir='ltr'>Voce</span> <span class='ocrx_word' id='word_1_326' title='bbox 1300 4189 1369 4236; x_wconf 77' lang='lat' dir='ltr'>irso-</span> 
     </span>
     <span class='ocr_line' id='line_1_39' title="bbox 93 4263 1367 4335; baseline 0 -17"><span class='ocrx_word' id='word_1_327' title='bbox 93 4269 167 4318; x_wconf 74' lang='lat' dir='ltr'>loidi</span> <span class='ocrx_word' id='word_1_328' title='bbox 179 4264 241 4333; x_wconf 76' lang='lat' dir='ltr'>Jam</span> <span class='ocrx_word' id='word_1_329' title='bbox 258 4263 336 4319; x_wconf 78' lang='lat' dir='ltr'>senx</span> <span class='ocrx_word' id='word_1_330' title='bbox 354 4266 380 4319; x_wconf 90' lang='grc' dir='ltr'>ΙΙ</span> <span class='ocrx_word' id='word_1_331' title='bbox 398 4264 478 4335; x_wconf 89' lang='lat' dir='ltr'>epist.</span> <span class='ocrx_word' id='word_1_332' title='bbox 493 4271 509 4319; x_wconf 85' lang='grc'><strong>6</strong></span> <span class='ocrx_word' id='word_1_333' title='bbox 530 4264 559 4318; x_wconf 90' lang='lat' dir='ltr'>in</span> <span class='ocrx_word' id='word_1_334' title='bbox 578 4265 716 4319; x_wconf 87' lang='lat' dir='ltr'>sententia</span> <span class='ocrx_word' id='word_1_335' title='bbox 739 4265 870 4320; x_wconf 86' lang='lat' dir='ltr'>adversus</span> <span class='ocrx_word' id='word_1_336' title='bbox 888 4265 1019 4319; x_wconf 90' lang='lat' dir='ltr'>Acacium</span> <span class='ocrx_word' id='word_1_337' title='bbox 1042 4283 1106 4320; x_wconf 88' lang='lat' dir='ltr'>usus</span> <span class='ocrx_word' id='word_1_338' title='bbox 1123 4266 1227 4333; x_wconf 86' lang='lat' dir='ltr'>fuerat,</span> <span class='ocrx_word' id='word_1_339' title='bbox 1251 4283 1367 4334; x_wconf 86' lang='lat' dir='ltr'>eamque</span> 
     </span>
     <span class='ocr_line' id='line_1_40' title="bbox 93 4348 1365 4420; baseline 0.001 -18"><span class='ocrx_word' id='word_1_340' title='bbox 93 4365 195 4404; x_wconf 84' lang='lat' dir='ltr'>vocem</span> <span class='ocrx_word' id='word_1_341' title='bbox 207 4349 341 4418; x_wconf 83' lang='lat' dir='ltr'>Gelasius,</span> <span class='ocrx_word' id='word_1_342' title='bbox 359 4354 390 4405; x_wconf 86' lang='lat' dir='ltr'>ut</span> <span class='ocrx_word' id='word_1_343' title='bbox 407 4350 525 4405; x_wconf 88' lang='lat' dir='ltr'>vidimus</span> <span class='ocrx_word' id='word_1_344' title='bbox 543 4368 576 4404; x_wconf 90' lang='lat' dir='ltr'>ac</span> <span class='ocrx_word' id='word_1_345' title='bbox 594 4350 678 4404; x_wconf 87' lang='lat' dir='ltr'>visuri</span> <span class='ocrx_word' id='word_1_346' title='bbox 696 4368 798 4418; x_wconf 88' lang='lat' dir='ltr'>sumus,</span> <span class='ocrx_word' id='word_1_347' title='bbox 817 4350 919 4405; x_wconf 89' lang='lat' dir='ltr'>retinet</span> <span class='ocrx_word' id='word_1_348' title='bbox 936 4348 996 4419; x_wconf 86' lang='lat' dir='ltr'>ipse</span> <span class='ocrx_word' id='word_1_349' title='bbox 1015 4367 1048 4404; x_wconf 89' lang='lat' dir='ltr'>ac</span> <span class='ocrx_word' id='word_1_350' title='bbox 1065 4365 1122 4403; x_wconf 92' lang='lat' dir='ltr'>non</span> <span class='ocrx_word' id='word_1_351' title='bbox 1139 4352 1225 4406; x_wconf 89' lang='lat' dir='ltr'>semel</span> <span class='ocrx_word' id='word_1_352' title='bbox 1238 4350 1365 4420; x_wconf 82' lang='lat' dir='ltr'>explicat.</span> 
     </span>
     <span class='ocr_line' id='line_1_41' title="bbox 91 4433 1367 4506; baseline 0 -18"><span class='ocrx_word' id='word_1_353' title='bbox 91 4433 148 4488; x_wconf 83' lang='lat' dir='ltr'>Vel</span> <span class='ocrx_word' id='word_1_354' title='bbox 166 4452 200 4490; x_wconf 89' lang='lat' dir='ltr'>ex</span> <span class='ocrx_word' id='word_1_355' title='bbox 214 4451 252 4490; x_wconf 86' lang='lat' dir='ltr'>ea</span> <span class='ocrx_word' id='word_1_356' title='bbox 270 4435 398 4502; x_wconf 87' lang='lat' dir='ltr'>formula,</span> <span class='ocrx_word' id='word_1_357' title='bbox 415 4453 471 4504; x_wconf 90' lang='lat' dir='ltr'>qua</span> <span class='ocrx_word' id='word_1_358' title='bbox 489 4434 626 4490; x_wconf 84' lang='lat' dir='ltr'>clauditur</span> <span class='ocrx_word' id='word_1_359' title='bbox 643 4434 717 4489; x_wconf 90' lang='lat' dir='ltr'>istud</span> <span class='ocrx_word' id='word_1_360' title='bbox 735 4435 886 4503; x_wconf 87' lang='lat' dir='ltr'>decretum,</span> <span class='ocrx_word' id='word_1_361' title='bbox 905 4435 941 4488; x_wconf 90' lang='lat' dir='ltr'>ad</span> <span class='ocrx_word' id='word_1_362' title='bbox 951 4434 1055 4490; x_wconf 87' lang='lat' dir='ltr'>Gelasii</span> <span class='ocrx_word' id='word_1_363' title='bbox 1073 4435 1201 4506; x_wconf 87' lang='lat' dir='ltr'>tempora</span> <span class='ocrx_word' id='word_1_364' title='bbox 1218 4435 1367 4506; x_wconf 89' lang='lat' dir='ltr'>pertinere,</span> 
     </span>
    </p>

    <p class='ocr_par' dir='ltr' id='par_1_14' title="bbox 60 4519 1367 4674">
     <span class='ocr_line' id='line_1_42' title="bbox 60 4519 1367 4591; baseline -0.003 -16"><span class='ocrx_word' id='word_1_365' title='bbox 60 4520 72 4538; x_wconf 77' lang='lat'>‘</span> <span class='ocrx_word' id='word_1_366' title='bbox 91 4537 152 4575; x_wconf 87' lang='lat' dir='ltr'>non</span> <span class='ocrx_word' id='word_1_367' title='bbox 168 4519 240 4575; x_wconf 83' lang='lat' dir='ltr'>falso</span> <span class='ocrx_word' id='word_1_368' title='bbox 257 4520 311 4591; x_wconf 88' lang='lat' dir='ltr'>ipsi</span> <span class='ocrx_word' id='word_1_369' title='bbox 328 4520 496 4590; x_wconf 77' lang='lat' dir='ltr'>adscriptum</span> <span class='ocrx_word' id='word_1_370' title='bbox 518 4537 590 4587; x_wconf 90' lang='lat' dir='ltr'>esse,</span> <span class='ocrx_word' id='word_1_371' title='bbox 609 4520 768 4575; x_wconf 87' lang='lat' dir='ltr'>dinoscitur.</span> <span class='ocrx_word' id='word_1_372' title='bbox 810 4521 844 4573; x_wconf 67' lang='lat' dir='ltr'>Fi</span> <span class='ocrx_word' id='word_1_373' title='bbox 857 4520 896 4574; x_wconf 79' lang='lat' dir='ltr'>Fm</span> <span class='ocrx_word' id='word_1_374' title='bbox 916 4520 1060 4575; x_wconf 88' lang='lat' dir='ltr'>claudunt:</span> <span class='ocrx_word' id='word_1_375' title='bbox 1080 4525 1198 4590; x_wconf 71' lang='lat' dir='ltr'>Explicit</span> <span class='ocrx_word' id='word_1_376' title='bbox 1216 4524 1367 4588; x_wconf 74' lang='lat' dir='ltr'>explanatio</span> 
     </span>
     <span class='ocr_line' id='line_1_43' title="bbox 86 4610 322 4674; baseline -0.017 -14"><span class='ocrx_word' id='word_1_377' title='bbox 86 4611 157 4674; x_wconf 71' lang='lat' dir='ltr'>fidei</span> <span class='ocrx_word' id='word_1_378' title='bbox 172 4610 322 4661; x_wconf 77' lang='lat' dir='ltr'>catholicae.</span> 
     </span>
    </p>

    <p class='ocr_par' dir='ltr' id='par_1_15' title="bbox 90 4686 1367 4846">
     <span class='ocr_line' id='line_1_44' title="bbox 165 4686 1367 4762; baseline 0 -17"><span class='ocrx_word' id='word_1_379' title='bbox 165 4693 185 4759; x_wconf 86' lang='lat'>¹)</span> <span class='ocrx_word' id='word_1_380' title='bbox 203 4691 247 4746; x_wconf 83' lang='lat' dir='ltr'>Ita</span> <span class='ocrx_word' id='word_1_381' title='bbox 263 4690 294 4745; x_wconf 89' lang='lat' dir='ltr'>in</span> <span class='ocrx_word' id='word_1_382' title='bbox 311 4691 418 4747; x_wconf 83' lang='lat' dir='ltr'>Graeco</span> <span class='ocrx_word' id='word_1_383' title='bbox 436 4690 606 4746; x_wconf 87' lang='lat' dir='ltr'>inscribitur:</span> <span class='ocrx_word' id='word_1_384' title='bbox 633 4694 701 4746; x_wconf 85' lang='grc' dir='ltr'>Τοῦ</span> <span class='ocrx_word' id='word_1_385' title='bbox 721 4687 824 4761; x_wconf 79' lang='grc' dir='ltr'>ἁγίου</span> <span class='ocrx_word' id='word_1_386' title='bbox 843 4695 1014 4747; x_wconf 75' lang='lat' dir='ltr'>Pelusiae</span> <span class='ocrx_word' id='word_1_387' title='bbox 1033 4686 1226 4746; x_wconf 72' lang='grc' dir='ltr'><strong><em>ἐπισκόπου</em></strong></span> <span class='ocrx_word' id='word_1_388' title='bbox 1241 4686 1367 4762; x_wconf 73' lang='grc' dir='ltr'>Ῥώμης</span> 
     </span>
     <span class='ocr_line' id='line_1_45' title="bbox 90 4771 1178 4846; baseline -0.002 -14"><span class='ocrx_word' id='word_1_389' title='bbox 90 4771 376 4845; x_wconf 60' lang='lat' dir='ltr'>{coniecturalis</span> <span class='ocrx_word' id='word_1_390' title='bbox 394 4780 620 4846; x_wconf 81' lang='grc' dir='ltr'><strong><em>πεμφθείσης</em></strong></span> <span class='ocrx_word' id='word_1_391' title='bbox 639 4784 711 4839; x_wconf 80' lang='grc' dir='ltr'>τοίς</span> <span class='ocrx_word' id='word_1_392' title='bbox 730 4779 789 4845; x_wconf 77' lang='grc' dir='ltr'>τῆς</span> <span class='ocrx_word' id='word_1_393' title='bbox 808 4779 942 4843; x_wconf 77' lang='grc' dir='ltr'><strong><em>Συρίας</em></strong></span> <span class='ocrx_word' id='word_1_394' title='bbox 960 4772 1178 4840; x_wconf 73' lang='grc' dir='ltr'><strong><em>ἐπισκόποις.</em></strong></span> 
     </span>
    </p>

    <p class='ocr_par' dir='ltr' id='par_1_16' title="bbox 163 4860 1366 4931">
     <span class='ocr_line' id='line_1_46' title="bbox 163 4860 1366 4931; baseline 0.002 -16"><span class='ocrx_word' id='word_1_395' title='bbox 163 4863 185 4929; x_wconf 87' lang='lat'>²)</span> <span class='ocrx_word' id='word_1_396' title='bbox 202 4860 245 4915; x_wconf 81' lang='lat' dir='ltr'>Ex</span> <span class='ocrx_word' id='word_1_397' title='bbox 264 4861 372 4917; x_wconf 81' lang='lat' dir='ltr'>coaevis</span> <span class='ocrx_word' id='word_1_398' title='bbox 393 4860 435 4915; x_wconf 91' lang='lat' dir='ltr'>illi</span> <span class='ocrx_word' id='word_1_399' title='bbox 456 4879 486 4916; x_wconf 90' lang='lat' dir='ltr'>so</span> <span class='ocrx_word' id='word_1_400' title='bbox 504 4860 583 4916; x_wconf 89' lang='lat' dir='ltr'>nobis</span> <span class='ocrx_word' id='word_1_401' title='bbox 600 4861 676 4931; x_wconf 88' lang='lat' dir='ltr'>apud</span> <span class='ocrx_word' id='word_1_402' title='bbox 693 4861 817 4931; x_wconf 86' lang='lat' dir='ltr'>chuien</span> <span class='ocrx_word' id='word_1_403' title='bbox 836 4866 927 4918; x_wconf 85' lang='lat' dir='ltr'>Oriens</span> <span class='ocrx_word' id='word_1_404' title='bbox 944 4868 1098 4918; x_wconf 78' lang='lat' dir='ltr'>chrisuanas</span> <span class='ocrx_word' id='word_1_405' title='bbox 1116 4864 1182 4917; x_wconf 88' lang='lat' dir='ltr'>tom.</span> <span class='ocrx_word' id='word_1_406' title='bbox 1194 4861 1220 4914; x_wconf 97' lang='lat' dir='ltr'>ll</span> <span class='ocrx_word' id='word_1_407' title='bbox 1244 4861 1366 4917; x_wconf 88' lang='lat' dir='ltr'>offerunt</span> 
     </span>
    </p>
   </div>
   <div class='ocr_carea' id='block_1_10' title="bbox 0 0 1730 5678">
    <p class='ocr_par' dir='ltr' id='par_1_17' title="bbox 0 0 1730 5678">
     <span class='ocr_line' id='line_1_47' title="bbox 0 0 1730 5678; baseline 0 7"><span class='ocrx_word' id='word_1_408' title='bbox 0 0 1730 5678; x_wconf 95' lang='lat' dir='ltr'> </span> 
     </span>
    </p>
   </div>
  </div>
 </body>
</html>
