3450 5678
698 360 892 411 unsronsn
917 354 1020 411 1-3.
1430 351 1492 416 743

258 523 380 570 eeclesias
391 519 536 570 Nestorium
553 526 578 569 et
592 519 754 583 Eutpcbetem
772 536 905 586 eorumque
922 523 1006 572 socios
1020 523 1152 579 detestari,
1171 530 1197 572 et
1213 538 1241 573 se
1258 524 1379 588 imprimis
1396 540 1458 588 apo·
1505 556 1529 594 a·
1541 546 1598 594 515·

258 607 364 656 staticus
380 607 450 655 sedis
467 606 625 655 uenerationi
642 607 768 655 addictum
786 621 841 656 esse
860 605 895 670 (n.
910 608 923 654 1
937 613 962 656 et
974 606 1009 670 2).
1049 607 1159 657 Tandem
1181 615 1208 657 at
1229 610 1265 658 ad
1281 623 1309 658 se
1324 623 1375 672 pro
1391 624 1458 673 paee

363 697 365 702 ⁴
634 692 797 740 ecelesiarum
813 691 909 741 scriba
926 691 1076 742 obtestatur.

376 823 511 907 Sacr0,
545 822 779 887 beatissimo
811 826 850 887 et
878 824 1151 888 comministro
1177 824 1285 908 patri
1312 823 1490 890 Hormis-

467 925 537 989 dae
559 924 781 989 Dorotheus
811 925 1025 1010 episeopus
1047 924 1428 992 Thessalonicensis
1450 929 1491 992 in

468 1026 634 1091 Domino
657 1026 838 1091 salutem.

309 1149 337 1211 1.
369 1147 427 1210 Ait
447 1145 584 1230 quodam
605 1145 674 1209 loco
697 1149 814 1210 cuncta
828 1146 1031 1211 beatissimus
1051 1146 1232 1212 divinorum
1245 1151 1490 1233 praesepiorum

222 1271 372 1335 promens
393 1248 548 1312 miracula
570 1245 736 1311 Salomon:
763 1251 848 1313 Sicut
870 1269 951 1327 aqua
969 1252 1093 1327 fripida
1115 1257 1237 1313 animae
1258 1255 1372 1314 sitienti
1390 1235 1583 1360 suasrisss'gi’g'5

221 1364 274 1430 est,
297 1355 522 1429 sabratenum
543 1355 680 1413 nantium
701 1341 873 1428 tonatnq'ua
895 1371 935 1413 ea
957 1358 1056 1416 terris.
1094 1350 1139 1415 Et
1160 1373 1250 1415 sacer
1272 1350 1376 1415 David
1398 1352 1489 1437 spiri-
1537 1346 1544 1371 ’
1585 1349 1591 1360 ’

221 1453 340 1519 tuelem
361 1451 493 1537 pulsans
515 1450 615 1535 lyram
638 1451 763 1534 psallit:
789 1455 883 1528 Ouum
905 1459 1034 1532 speciosi
1050 1458 1145 1533 pedes
1158 1474 1269 1531 eamn,
1294 1461 1348 1533 qui
1361 1439 1577 1534 ecanae-RQ

219 1563 320 1621 lirant
340 1559 435 1636 bono,
469 1553 516 1618 sic
538 1551 683 1637 equidem
711 1557 744 1617 et
764 1574 823 1617 nos
846 1557 978 1618 cunctas
1001 1554 1128 1619 docens.
1173 1552 1256 1630 Quid
1266 1555 1291 1642 ¹)
1314 1558 1421 1620 autem
1443 1578 1490 1622 sic

221 1661 271 1722 est
291 1655 418 1721 animae
440 1654 578 1720 hominis
601 1676 712 1738 suave,
737 1658 793 1719 ant
814 1656 889 1740 quid
910 1657 958 1720 ita
979 1656 1164 1741 impinguat
1185 1677 1272 1740 ossa,
1303 1679 1399 1742 quam
1420 1680 1490 1743 spe-

221 1760 305 1825 cioso
326 1757 441 1823 nuntio
464 1777 671 1842 cognoscere:
699 1778 792 1822 verae
815 1757 904 1842 pacis
926 1757 1118 1822 nutritorem
1140 1761 1172 1822 et
1195 1761 1303 1822 rectae
1324 1781 1489 1844 nunquam

220 1864 364 1927 errantes
385 1863 641 1945 propugnatores
669 1859 743 1923 fidei
771 1859 812 1924 ad
834 1860 1041 1926 ecclesiarum
1063 1864 1249 1925 sanctarum
1270 1859 1409 1926 transire
1432 1884 1489 1948 gu-

220 1962 408 2046 bernacula,
440 1965 473 2026 et
494 1965 659 2046 tamquam
681 1982 719 2025 ex
741 1983 814 2026 arce
836 1962 974 2046 quadam
996 1962 1037 2025 ad
1059 1984 1249 2026 consensum
1273 1961 1334 2026 Dei
1357 1985 1488 2049 congre-

220 2087 297 2152 gare
319 2065 472 2149 dispersa,
496 2067 529 2127 et
551 2062 704 2127 continuo
726 2064 854 2148 quidem
875 2063 943 2148 in²)
966 2064 1184 2148 principatum
1205 2066 1279 2128 tuae
1302 2063 1385 2129 sedis
1399 2057 1488 2131 fisti-

218 2169 350 2251 nantes3
379 2166 522 2231 membra
544 2164 718 2247 Ecclesiae,
742 2187 822 2250 quae
845 2165 935 2229 vobis
958 2164 1104 2230 Christus
1126 2168 1159 2230 et
1180 2165 1267 2230 Deus
1289 2170 1400 2231 noster
1422 2191 1488 2234 ere·
1543 2223 1548 2234 .

218 2269 300 2334 didit
320 2267 495 2333 venerandi
516 2266 618 2352 patris
639 2266 928 2351 supplicationibus
953 2288 1109 2350 annuens,
1135 2268 1376 2356 contemnentia
1397 2270 1487 2354 prius
1587 2312 1589 2316 -

219 2370 438 2452 concordiam,
462 2369 502 2433 ad
524 2369 682 2433 unitatem
705 2368 828 2452 venire,
858 2371 891 2433 et
912 2366 1159 2452 praecedentem
1181 2369 1370 2434 divisionem
1392 2374 1487 2456 atque

217 2472 371 2538 invidiam
392 2474 518 2536 vestrae
539 2473 668 2535 tantum
689 2470 899 2535 ordinationis
918 2470 1074 2554 perimere
1093 2469 1265 2556 ealculoi);
1288 2474 1321 2535 et
1341 2494 1430 2537 nunc
1450 2474 1487 2539 in

218 2574 419 2640 concordiam
448 2576 542 2658 atque
565 2573 803 2656 serenitatem⁴)
832 2576 980 2637 constare
1006 2594 1134 2636 omnem
1155 2572 1330 2638 terminum
1353 2579 1485 2640 sanctae

216 2677 303 2742 illius
324 2676 514 2741 Ecclesiae?
1119 2740 1121 2745 A

300 2779 331 2844 2.
368 2777 459 2844 Haec
486 2776 670 2861 didicimus,
702 2799 769 2842 non
800 2779 876 2841 ante
908 2776 1010 2840 multa
1043 2777 1149 2862 spatia
1175 2779 1345 2862 temporis3
1379 2801 1486 2864 spera·

216 2883 324 2968 bem⁶)
348 2884 470 2963 autem,
504 2884 537 2944 et
560 2880 726 2964 antiquam
754 2878 1017 2944 consuetudinem
1045 2900 1242 2964 cognoscens
1264 2879 1429 2946 Ecclesiae
1452 2886 1487 2947 et

215 2988 356 3051 vestmm
384 2983 517 3047 audiens
545 2982 694 3047 socialem
727 2984 761 3046 et
787 2980 1100 3066 irreprehensibilem
1128 3003 1266 3065 morem,
1301 3005 1340 3047 ex
1368 2985 1483 3049 vestris

215 3086 332 3151 litteris
353 3084 494 3149 firmiora
516 3087 610 3169 atqhe
633 3083 853 3148 manifestiora
876 3105 1078 3169 cognoscere.
1124 3083 1185 3148 Sed
1207 3084 1282 3169 quie
1303 3087 1481 3172 temporei)

215 3188 329 3253 hiemis
353 3187 493 3251 adhaec
523 3208 576 3250 vos
601 3185 764 3271 implenda
792 3189 934 3250 retentos
963 3206 1030 3250 esse
1059 3184 1272 3271 consideravi,
1310 3189 1343 3251 et
1370 3190 1481 3272 aptum

216 3294 311 3376 atque
333 3289 476 3353 debitum
498 3288 575 3370 fuit,
605 3291 637 3352 et
658 3287 788 3373 plenam
810 3290 842 3351 et
863 3287 924 3351 Dei
952 3288 1137 3351 amatricem
1160 3287 1327 3352 ceritatem
1349 3288 1481 3371 etiem⁷)

214 3477 318 3532 santia
335 3475 494 3546 Symmachi
512 3492 544 3530 ac
562 3476 736 3529 decessomm
753 3473 782 3527 in
795 3490 878 3528 musa
893 3472 960 3539 fuit,
979 3490 1027 3527 cur
1039 3472 1200 3528 Auasbmm
1217 3490 1235 3528 a
1251 3473 1408 3529 litterarum
1421 3491 1483 3530 con-

215 3561 360 3618 suetudine
378 3578 437 3616 sese
455 3559 617 3614 abstineret.

232 3655 248 3703 3
283 3650 303 3716 ¹)
320 3647 365 3701 Iba
382 3647 430 3713 G¹;
454 3647 527 3701 bec
545 3649 672 3715 Quidquid
692 3656 774 3698 autem
795 3656 834 3698 est
856 3649 894 3698 ita
916 3650 1013 3699 animae
1035 3649 1060 3701 n.
1076 3663 1097 3701 s.
1118 3654 1161 3697 aut
1179 3650 1216 3698 ita
1290 3650 1364 3713 pacis
1382 3652 1482 3700 nuntia-

215 3745 302 3788 torem.

281 3821 303 3886 ²)
321 3819 365 3872 Ita
383 3817 431 3884 G¹3
449 3817 522 3870 bec
540 3822 576 3870 ad
594 3821 678 3884 prino.
697 3826 714 3869 t.
733 3834 755 3869 s.
772 3818 925 3881 festinantes
942 3835 963 3868 a.
985 3818 1081 3881 fratris
1101 3819 1326 3884 supplicationibus
1344 3827 1482 3871 annuentes

214 3913 240 3958 ei
257 3907 366 3957 membra
384 3906 517 3956 Ecclesiae
536 3920 600 3971 quae
675 3905 798 3966 eredidit,
816 3904 1008 3954 contemnentia.

201 3998 205 4007 '
281 3990 302 4056 ³)
321 3987 355 4042 G¹
369 3989 395 4042 a¹
414 3992 543 4044 ciamus:
564 3985 638 4038 bcc
663 3989 767 4039 caicato.
808 3983 885 4048 Quae
908 3983 1032 4051 sequitur
1054 3989 1183 4040 armantia
1205 3983 1280 4039 idem
1303 3986 1385 4040 sonat
1406 3986 1482 4055 qnod

214 4079 358 4142 dispositio.
1335 4093 1337 4098 ·

281 4158 364 4226 ⁴)1ta
386 4158 420 4212 (ll
437 4160 477 4223 a¹3
499 4155 566 4209 beo
587 4160 733 4209 societatem
754 4158 881 4222 conflatae
904 4153 958 4220 (vel
981 4157 1113 4222 conflare).
1156 4153 1269 4208 Mallem
1295 4160 1321 4208 in
1343 4161 1481 4212 eoncordia

213 4256 289 4314 atque
306 4248 445 4297 serenitate
463 4252 590 4296 constare.

282 4331 301 4395 5)
320 4328 387 4381 beo
404 4330 568 4395 sperabamus
640 4334 820 4393 copnascentes
893 4327 1038 4385 erudientes,
1057 4321 1155 4376 contra
1171 4300 1220 4377 ide.
1240 4323 1331 4379 fidem.

281 4416 302 4481 ⁸)
321 4413 364 4466 lta
381 4412 430 4479 G¹;
447 4412 515 4465 bec
532 4411 686 4465 mutarunt:
706 4421 801 4477 tenpus
875 4411 1009 4460 retinuisse
1027 4411 1205 4460 scanderatnr
1223 4420 1248 4462 et
1265 4421 1351 4477 aptam
1368 4421 1394 4463 et
1410 4413 1480 4464 debi-

215 4510 263 4552 tum
279 4503 331 4564 suit
348 4502 455 4565 plenam.
1061 4552 1065 4559 ¹

280 4581 416 4650 ⁷)Nequc
442 4581 488 4634 hic
511 4597 572 4633 eum
594 4578 714 4633 Barouio
742 4576 955 4646 praeferendum
980 4581 1110 4646 putamus
1137 4584 1212 4631 enam
1238 4583 1330 4633 scama
1354 4588 1479 4642 sancire:

212 4668 265 4722 hoe
283 4666 356 4721 enim
375 4664 428 4719 sibi
445 4664 516 4728 nult,
540 4682 615 4731 cum,
638 4662 686 4731 qui
707 4664 833 4731 perfecta
850 4661 967 4717 canate
984 4661 1090 4731 agitur,
1111 4662 1225 4717 nimiam
1243 4666 1272 4717 et
1289 4665 1477 4734 scrupulosam

212 4751 241 4805 in
259 4750 356 4806 officiis
375 4749 562 4819 diligentiam,
580 4748 628 4802 ubi
645 4748 773 4810 interest,
792 4746 1026 4813 manumissore,
1044 4746 1170 4816 adeoque
1187 4747 1254 4802 lieet
1270 4749 1419 4804 Hormisda
1436 4753 1477 4804 ut·

212 4838 279 4907 pote
296 4835 443 4890 novissime
463 4834 618 4901 ordinatus,
640 4833 789 4887 secundum
806 4833 949 4901 receptum
966 4846 1072 4885 morem
1094 4831 1170 4902 prior
1188 4831 1308 4886 scribere
1325 4834 1476 4901 teneretur,

213 4920 277 4976 huic
293 4924 388 4976 tarum
407 4918 597 4974 consuetudini
614 4936 644 4974 se
661 4916 847 4988 scrupulosius
865 4916 969 4972 servire
986 4915 1114 4972 noluisse.

1463 1556 1469 1569 ,
1504 1514 1543 1573 10,
1554 1515 1591 1561 15.
1656 1559 1660 1566 ,
