3412 5664
675 316 864 367 nersronas
888 307 1021 365 14-18.
1317 369 1321 376 ,
1437 304 1480 369 33

263 478 393 553 δᾳιιῙΙΙιιῙιιιε
408 476 536 533 eeclesiae
552 478 709 552 episcopum
722 479 873 541 constituit,
892 477 982 534 sedin
998 479 1030 532 iis
1045 478 1124 533 etiam
1140 477 1246 541 litteris,
1264 477 1360 551 quibus
1377 487 1404 535 et
1416 479 1481 536 Gre·

261 564 326 640 gorius
333 561 351 617 ll
368 561 530 617 Bonilaeium
552 561 743 636 lloguntinum
763 573 789 620 et
811 563 957 620 Gerbertus
970 563 1136 637 Stephanum
1149 560 1318 632 Gajaeensem
1333 580 1348 619 a
1363 581 1392 620 se
1409 564 1481 621 ordi·

260 658 312 705 auos
324 645 477 722 significant,
500 647 627 721 legimus.
664 647 717 703 Sed
733 665 765 704 ea
781 650 818 704 vis
835 657 877 704 est
892 647 1106 709 consuetudinis.
1129 648 1240 703 maxime
1262 650 1330 703 circa
1352 649 1481 705 formulas

259 733 349 789 diuturno
367 749 415 796 usu
436 740 572 806 receptas,
598 741 628 787 ut
648 734 733 788 rarius
756 735 782 789 in
804 734 842 789 eis
861 733 996 807 quidpiam
1016 741 1145 789 mutetur.
1177 731 1334 789 Hin'cmarus
1351 736 1480 790 tamenin

259 819 324 874 itteris
335 815 506 890 lledenulplro
522 818 652 891 episeopo
668 835 682 872 a
697 834 727 874 se
743 816 867 874 ordinato
883 818 952 873 datis
965 826 992 873 et
1004 817 1086 879 elero,
1103 817 1190 872 ordini
1206 827 1286 890 atque
1301 816 1373 892 plebi
1387 820 1482 874 inscri-

259 904 299 976 ptis,
310 901 374 975 plura
385 900 517 957 formulae
532 911 679 959 consuetae
695 901 774 958 rerba
789 904 828 958 sic
844 911 940 965 servat,
958 911 988 958 ut
1004 901 1076 975 quod
1093 904 1249 958 nominatim
1272 902 1305 958 de
1322 903 1392 959 diris
1408 906 1435 960 in
1451 920 1481 958 ea

256 996 330 1042 nutum
343 995 388 1057 ert,
404 987 513 1060 penitus
528 988 683 1043 reticeatur.
715 987 766 1042 llas
782 1005 865 1060 porro
880 987 984 1043 litteras
1009 989 1049 1043 sie
1063 987 1229 1060 auspicatur:
1256 987 1337 1044 Sicut
1359 990 1383 1044 b.
1397 1007 1480 1061 papa

258 1073 401 1128 lumentias
422 1074 514 1142 docet,
531 1078 644 1145 oportet
659 1090 711 1130 nos
732 1074 786 1129 doe
807 1077 901 1145 sequi,
926 1070 1003 1146 qdod
1017 1075 1140 1128 eeclesia
1156 1073 1287 1129 Romana
1304 1076 1440 1143 custodit,
1463 1093 1481 1128 a

257 1176 293 1229 aaa
304 1160 462 1228 principium
477 1173 585 1214 sacrae
600 1161 787 1214 institutionis
802 1174 854 1214 nos
869 1162 1020 1229 accepisse
1035 1159 1149 1213 dubiam
1164 1174 1220 1213 non
1237 1165 1290 1215 est.
1319 1158 1481 1231 Propterea

256 1243 382 1297 deaurato
405 1259 441 1298 ac
463 1243 558 1298 verbis
578 1243 603 1298 b.
623 1243 755 1316 Greporii
776 1259 824 1299 eos
847 1245 956 1316 alloqui
968 1258 1176 1314 procuramus,
1198 1246 1389 1311 insinuantes,
1414 1247 1481 1316 puin

255 1327 410 1398 palantibus
425 1329 574 1384 desideriis
590 1332 694 1384 restris
709 1329 777 1384 nidd
795 1330 942 1383 attulimus
954 1330 1109 1397 tarditatis,
1123 1327 1252 1398 fratrem
1261 1330 1328 1400 jam
1344 1336 1371 1384 et
1387 1332 1481 1399 cuipi-

255 1427 338 1483 nrpua
351 1419 476 1469 nostrum
489 1413 710 1485 Hedenntpham
729 1414 805 1469 uadis
820 1414 988 1469 ordinantes
1068 1412 1120 1468 Cui
1129 1413 1297 1482 distitteris,
1315 1430 1391 1486 quas
1402 1417 1485 1470 socri

255 1511 347 1553 cannes
360 1499 505 1555 ordinatos
518 1503 603 1571 prius
617 1500 653 1554 dc
668 1500 854 1555 conciliorum
873 1501 1005 1568 placitis,
1028 1514 1064 1554 ne
1085 1514 1116 1553 sc
1131 1499 1242 1570 aliquid
1261 1506 1363 1555 contra
1385 1516 1482 1555 cornrn

254 1589 332 1638 natata
345 1586 433 1656 episse
452 1587 609 1655 poeniteat,
627 1587 786 1640 instructos
801 1584 837 1639 alr
853 1584 1069 1640 ordinatoribus
1083 1587 1143 1639 suis
1158 1583 1290 1639 manibus
1305 1601 1402 1641 aarum
1417 1576 1482 1640 eon-

253 1671 347 1739 nriptas
357 1669 463 1740 jubent
484 1673 637 1741 accipere,
660 1671 817 1726 seeundum
839 1669 1020 1725 traditionem
1048 1670 1275 1724 ecclesiasticam
1301 1671 1429 1726 dedimus
1456 1674 1483 1724 in

252 1754 376 1809 eandotir:
392 1768 428 1809 ne
443 1772 570 1826 anquam
585 1756 784 1811 ordinationes
794 1761 969 1826 praesumat
985 1756 1116 1822 illicitas,
1141 1770 1177 1809 nc
1192 1753 1346 1826 bipamnm‚
1370 1762 1421 1810 aut
1436 1758 1486 1827 qui

252 1840 362 1909 arginem
378 1842 404 1894 si
418 1840 454 1895 de
469 1842 638 1912 conjnpatis
653 1841 793 1913 apendunr
809 1846 861 1908 est,
878 1856 936 1894 non
952 1846 994 1894 est
1009 1841 1128 1895 sortitus
1143 1854 1274 1908 umorem,
1298 1855 1390 1912 nepae
1402 1842 1484 1896 illite-

251 1930 398 1979 ratan...et
413 1932 503 1985 cetera
514 1933 624 1980 nostrae
640 1923 772 1980 iormulae
787 1925 872 1980 instar
887 1940 974 1997 usque
989 1922 1021 1978 ad
1036 1921 1115 1979 verba
1131 1941 1187 1980 non
1199 1925 1306 1980 audeat
1315 1940 1485 1995 promouere

250 2004 363 2076 (Sinam.
374 2025 451 2064 cone.
465 2007 533 2064 Gall.
546 2008 555 2064 l
567 2027 593 2083 p.
603 2009 672 2071 658,
685 2008 819 2065 hincmari
831 2025 873 2082 ep.
883 2007 922 2065 52
935 2008 978 2064 ed.
992 2007 1082 2082 lligae
1092 2006 1163 2065 Patr.
1177 2008 1222 2063 lat.
1236 2017 1256 2064 t.
1268 2008 1326 2066 126
1340 2009 1392 2065 col.
1401 2008 1483 2080 211).

249 2089 287 2147 tta
298 2093 437 2155 anundum,
455 2093 626 2149 lliacmarum
643 2095 750 2157 testari,
772 2095 810 2149 ita
834 2110 865 2149 se
885 2095 912 2149 iu
928 2091 1023 2149 dandis
1039 2093 1093 2149 illis
1105 2092 1202 2149 litteris
1219 2093 1415 2150 ecclesiasticae
1432 2102 1485 2149 tra·

247 2175 430 2234 dtiodmorem
445 2195 556 2253 gerere.
579 2187 609 2234 ut
631 2180 788 2235 nominatim
810 2177 939 2234 ecclesiae
954 2176 1089 2233 Romanae
1110 2178 1159 2233 hae
1173 2180 1201 2239 ia
1216 2195 1245 2233 re
1261 2177 1485 2234 cousuetudinem

247 2263 309 2334 sequi
324 2279 349 2317 se
361 2261 530 2336 profiteatur.
559 2262 659 2319 lteinde
674 2265 808 2320 neminem
825 2278 932 2318 movere
948 2261 1043 2325 dehet,
1065 2261 1138 2336 quod
1154 2263 1219 2336 ipsis
1235 2264 1314 2318 etiam
1332 2263 1485 2319 Gelasianao

249 2344 355 2402 formulae
374 2346 461 2403 verbis
478 2356 571 2410 utens,
594 2351 761 2406 documento
785 2365 821 2404 ae
837 2349 931 2405 uerbis
946 2349 971 2404 b.
986 2348 1119 2421 Greporii
1136 2346 1237 2421 alloqui
1258 2364 1288 2403 se
1309 2346 1415 2404 scribat.
1446 2348 1485 2403 lta

244 2431 303 2484 nin
314 2430 409 2488 loeutus
426 2439 482 2495 est,
505 2433 566 2507 quia
588 2451 671 2508 quum
693 2432 815 2504 ejusdem
836 2431 969 2488 formulae
984 2441 1087 2506 partem
1103 2448 1117 2487 a
1134 2431 1267 2507 Gregorio
1284 2443 1439 2508 usurpatam
1454 2450 1485 2487 ae

244 2512 324 2570 litteris
336 2518 414 2590 ipsius
429 2518 557 2575 insertam
573 2518 699 2592 legisset,
722 2535 779 2573 eam
801 2519 880 2573 etiam
901 2516 932 2572 ah
948 2519 1008 2592 ipso
1024 2519 1140 2592 primum
1155 2518 1338 2591 conscriptam
1355 2535 1414 2574 esse
1431 2519 1485 2573 eri·

241 2600 347 2656 elimarit.
372 2601 424 2657 Sed
439 2601 498 2674 ejus
513 2610 652 2659 auctorem
668 2621 698 2659 sc
714 2620 768 2659 non
784 2619 844 2658 esse
856 2604 914 2676 ipse
930 2601 1077 2676 Gregorius
1095 2602 1135 2657 rel
1151 2601 1238 2658 verbis
1254 2605 1380 2676 superius
1397 2602 1484 2659 allatis

241 2684 441 2761 satissignificat.
774 2762 782 2795 ι

453 2837 491 2899 Ιιι
513 2837 628 2899 domnii
651 2853 753 2914 papae
776 2837 941 2914 epistolam
963 2835 1000 2898 16
1023 2834 1249 2920 („Coneesso“).

312 2957 347 3014 hh
360 2959 485 3016 lmelma
496 2959 610 3017 lausensi
626 2959 796 3016 collectionis
812 2977 945 3017 canonum
961 2959 1035 3018 lib.6
1051 2978 1108 3035 cap.
1118 2960 1157 3016 47
1170 2957 1231 3035 (43)
1248 2962 1358 3025 inserta,
1376 2961 1484 3018 erinae·
1496 2965 1549 3035 [ai.
1560 2963 1624 3033 ild]

233 3058 288 3117 que
299 3059 312 3097 a
324 3042 387 3101 luca
402 3041 544 3101 llolstenio
561 3047 587 3102 in
609 3049 721 3102 collect.
739 3046 820 3102 Rom.
838 3047 975 3117 bipartita
991 3045 1123 3119 pag.2li
1140 3045 1210 3101 edita
1226 3054 1276 3102 est.
1313 3046 1384 3103 Pena
1400 3055 1484 3103 totam

226 3128 286 3197 jn
297 3127 446 3186 habebamus
458 3130 528 3204 apud
541 3129 694 3186 Gratianum
710 3148 733 3186 e.
743 3130 782 3187 26
794 3130 870 3185 Gllll
883 3130 1025 3204 aptiussed.
1048 3129 1082 3185 Ut
1094 3129 1263 3186 antecedenti
1277 3131 1409 3188 formulae
1420 3132 1486 3188 haec

228 3213 351 3287 ep‘otola,
371 3216 405 3270 ita
421 3215 483 3271 huic
497 3215 627 3289 epistolae
643 3215 779 3288 praedicta
800 3214 914 3271 formula
929 3215 1016 3271 lucem
1033 3217 1263 3271 etauctoritatem
1279 3218 1394 3272 vicissim
1410 3233 1486 3291 prae·

228 3304 294 3353 sut
314 3298 477 3373 Quapropter
492 3309 600 3374 gratum
615 3301 694 3355 simul
710 3308 737 3355 et
752 3300 923 3356 commodum
940 3301 1034 3356 lectori
1050 3299 1108 3356 lore
1124 3302 1284 3374 putavimus,
1300 3303 1323 3357 si
1340 3311 1485 3377 utrumque

226 3383 352 3457 sciptum
371 3401 386 3439 a
407 3387 564 3441 seinvicem
580 3403 635 3441 non
651 3385 855 3441 distraheretur.
901 3384 963 3440 Eam
983 3385 1026 3441 hic
1048 3384 1080 3440 ad
1101 3385 1209 3443 codices
1231 3386 1438 3444 Germanensem
1459 3395 1486 3444 et

227 3468 374 3525 vatianum
393 3469 483 3532 1364,
500 3470 618 3526 huselmi
635 3471 714 3526 aetati
730 3470 787 3526 iere
802 3471 937 3544 aequales,
954 3472 1120 3545 recognitam
1136 3452 1305 3544 plaebemus.
1344 3474 1348 3490 '

442 3621 481 3683 In
502 3619 618 3682 (idatii
639 3636 741 3697 papae
763 3621 926 3697 epistolam
948 3619 983 3681 lt
1004 3617 1258 3704 ami-aenaim).

308 3738 343 3797 Ει
355 3741 470 3816 llispaua
485 3743 646 3799 collectione
662 3743 730 3798 hanc
745 3742 885 3815 epistolam
902 3742 1021 3799 isidorus
1037 3744 1064 3799 in
1079 3761 1154 3799 suam
1172 3745 1319 3801 transtulit.
1344 3746 1373 3801 la
1386 3748 1486 3802 utrius·
1498 3746 1575 3819 [nat

219 3844 277 3902 que
291 3826 425 3883 veteribus
440 3827 570 3903 exemplis
586 3836 739 3883 asservatur
754 3837 789 3889 et,
808 3836 836 3882 ut
853 3829 934 3883 visuri
951 3845 1054 3891 sumus,
1073 3827 1128 3898 jam
1146 3831 1296 3903 antiquitus
1312 3830 1425 3905 synodis
1442 3832 1488 3887 lli·

218 3915 313 3989 spaais
328 3922 531 3969 rememoratur.
568 3912 655 3981 Quare
671 3913 718 3967 viri
735 3911 882 3968 doctissimi
898 3912 1006 3968 herardi
1021 3912 1054 3968 dc
1070 3915 1128 3983 ojus
1144 3914 1282 3970 authentia
1296 3915 1487 3973 haesitationes

218 3999 260 4071 s·
274 4016 321 4073 op.
337 3998 565 4072 praeclarissimo:
590 3999 725 4055 Gratiani
746 4010 873 4054 curiones
892 4001 1009 4071 perardui
1028 4000 1065 4054 ab
1082 4001 1261 4072 apocryphis
1276 4003 1396 4058 discreti
1416 4001 1487 4058 ed.ll

217 4084 317 4140 ieet.
335 4082 435 4154 1783).
451 4101 534 4158 quum
550 4085 631 4140 cortis
648 4082 729 4139 nullis
745 4084 911 4157 argumentis
928 4084 1056 4147 nitantur,
1073 4084 1177 4140 admitti
1192 4102 1247 4141 non
1263 4095 1389 4159 possunt.
1412 4085 1487 4142 Eam·

215 4169 280 4225 deu
294 4177 325 4224 et
339 4170 506 4242 posteriores
522 4186 653 4224 munuum
669 4167 829 4224 collectores
845 4167 960 4223 decretis
975 4170 1032 4223 suis
1049 4170 1236 4233 inseruerunt,
1258 4187 1289 4226 ae
1310 4171 1417 4245 quidem
1433 4172 1488 4246 pri·

215 4271 289 4313 un
307 4263 410 4327 partem
427 4253 472 4310 lvo
486 4252 702 4328 part.lllc.147
720 4261 747 4307 et
763 4254 904 4307 Gratianus
917 4253 968 4308 ι.2
981 4253 1073 4309 GllVl
1088 4270 1133 4328 qu.
1143 4255 1170 4318 3,
1188 4255 1332 4312 secundam
1346 4257 1488 4311 Vaticanus

212 4339 304 4398 3832
320 4338 340 4394 1.
348 4331 406 4395 65ιι
422 4338 493 4410 (eum
506 4340 694 4413 inscriptione:
711 4354 750 4393 cx
761 4339 995 4395 deerctoGelasii
1003 4340 1106 4412 Papae
1121 4342 1156 4396 de
1167 4342 1258 4397 XXX
1267 4360 1408 4398 antrorum
1420 4357 1487 4412 pos-

211 4423 374 4495 xenone).
404 4423 502 4480 Burch.
516 4423 574 4480 l.lll
590 4442 613 4480 c.
624 4423 693 4486 1411,
717 4424 833 4479 hnselm.
852 4423 899 4480 tv
914 4441 937 4479 c.
951 4424 987 4480 tu
1000 4423 1071 4497 (20),
1094 4424 1235 4482 Pannorm.
1254 4425 1299 4482 te
1316 4444 1339 4482 c.
1350 4426 1398 4488 65,
1415 4426 1487 4482 Grat.

211 4529 237 4569 e.
250 4514 264 4568 1
285 4507 385 4566 curu
400 4509 484 4583 qud.

454 4662 492 4724 Ιιι
513 4661 630 4723 dotarii
650 4676 752 4739 papas
774 4661 938 4738 epistotam
960 4662 998 4721 18
1020 4656 1256 4744 („Audr·enter“).

305 4782 383 4841 luter
397 4783 547 4859 pontificias
564 4784 692 4859 epistolas
705 4782 803 4839 liomae
815 4800 885 4839 anno
894 4785 973 4841 1591
992 4802 1006 4840 e
1019 4784 1144 4842 Vaticano
1155 4785 1248 4842 codiee
1261 4801 1357 4841 exetrsa
1373 4793 1400 4840 et
1415 4784 1490 4842 dein·
1501 4783 1574 4856 [Ed]

206 4890 279 4949 repe
305 4887 372 4926 cum
393 4869 516 4926 omnihus
539 4869 638 4926 librarii
659 4869 761 4925 mendis
783 4868 814 4923 alr
837 4868 986 4925 editoribus
1002 4871 1178 4927 conciliorum
1195 4872 1309 4944 repetita
1324 4878 1376 4928 ost.
1405 4869 1489 4938 Quam

245 4982 415 5023 :ransom
430 4983 530 5022 ιοιιιιι,
544 4984 657 5021 roarrr.
679 4969 698 5020 l.
1268 4973 1286 5028 3
