3412 5664
730 331 903 384 severana
927 320 999 381 129.
1413 308 1477 380 945

203 487 331 552 domine
352 485 504 571 piissime,
529 490 561 551 εὴ
583 486 624 550 ad
640 508 839 552 communem
854 508 966 570 pacem
989 489 1022 550 et
1039 484 1079 550 ed
1095 485 1252 551 unitatem
1272 486 1475 571 festinamus,
1489 504 1513 542 a·
1526 493 1583 543 520.

203 591 349 655 nostram
370 589 475 672 fidem,
498 610 593 673 quam
616 589 657 652 ab
679 589 774 654 initio
797 588 1003 673 suscepimus,
1035 586 1199 672 perhanc
1221 588 1476 654 satisfactionem

202 693 349 756 noemam
369 690 575 755 manifestam
597 694 722 755 vestrae
744 690 880 755 facimus
902 690 1032 775 pietati:
1059 693 1096 754 ut
1117 694 1230 756 notum
1258 691 1316 775 sit,
1347 691 1422 777 quia
1444 695 1477 757 εὴ

201 794 276 879 paci
300 793 527 877 concurrimus,
552 796 585 857 et
607 815 626 856 a
647 795 735 857 reeta
758 814 830 857 cum
844 791 905 856 Dei
923 792 1090 877 juvamine
1105 813 1171 856 non
1194 792 1380 858 divertimus
1402 794 1475 877 fide,

202 895 259 960 sed
281 916 408 962 omnem
432 916 469 959 ex
497 915 598 979 aequo
627 893 785 959 haeresim
808 916 1024 978 exsecramur,
1053 916 1121 959 non
1143 894 1245 958 solum
1267 895 1476 981 Eutychiani·

201 998 319 1084 sense)
342 999 375 1062 et
396 996 593 1082 Acephalos,
624 994 681 1060 sed
708 999 741 1060 εὴ
762 994 972 1061 Nestorianos
994 1000 1027 1061 et
1048 995 1210 1061 hominem
1239 996 1381 1062 colentes
1408 1001 1477 1063 toto

203 1099 314 1163 animo
335 1098 479 1163 odientes
487 1099 528 1184 ²⁹)
552 1096 872 1162 anathematizamus.

289 1201 320 1265 6.
354 1199 421 1265 Nos
444 1204 561 1284 autem,
586 1199 712 1264 domine
728 1198 1049 1286 Christianissime20)
1072 1200 1255 1285 imperator,
1280 1201 1364 1266 sicut
1385 1223 1478 1287 supe·

203 1304 271 1368 rius
294 1301 415 1367 dietum
437 1306 496 1386 est,
521 1302 556 1367 in
574 1301 705 1367 Patrem
727 1300 897 1367 etlilium
919 1305 952 1367 et
972 1301 1128 1387 Spiritum
1150 1305 1298 1366 sanctum
1320 1302 1361 1367 ab
1383 1304 1477 1368 initio

202 1405 361 1489 baptizati
383 1425 507 1489 quoque
530 1408 564 1468 et
585 1405 761 1488 credentes,
784 1406 930 1491 unam³⁰)
954 1404 1127 1469 essentiam
1144 1402 1205 1468 Dei
1226 1404 1262 1468 in
1284 1405 1388 1470 tribus
1403 1405 1478 1470 sub·

202 1507 361 1572 sistentiis
397 1506 581 1571 adoramus:
615 1506 789 1577 secundum
821 1511 1006 1572 sanctorum
1039 1508 1167 1590 patrum
1200 1505 1411 1593 mathema³¹)
1445 1510 1479 1571 εὴ

203 1608 382 1693 symbolum
396 1606 561 1672 credentes
576 1608 611 1671 in
626 1629 726 1672 unum
737 1607 840 1672 Deum
852 1606 983 1672 Patrem
998 1608 1262 1692 omnipotentem,
1279 1612 1313 1674 et
1326 1609 1361 1673 in
1376 1631 1476 1674 unum

202 1709 377 1775 Dominum
389 1714 534 1774 nostrum
539 1709 561 1774 J
563 1731 650 1774 esum
659 1709 821 1775 Christum
832 1709 1036 1793 unigenitum
1048 1707 1152 1773 Deum
1160 1708 1314 1794 Verbum,
1328 1709 1476 1775 similiter

203 1814 236 1876 et
258 1810 293 1875 in
316 1833 415 1875 unum
431 1809 587 1896 Spiritum
608 1814 765 1876 sanctum.
803 1810 847 1875 Et
869 1811 1044 1876 secundum
1065 1809 1126 1874 hoc
1148 1808 1294 1876 divinum
1313 1811 1477 1876 mathema

203 1912 425 1976 definitionem
447 1935 466 1976 a
481 1916 594 1978 sancta
609 1912 863 1980 Calchedonensi
878 1913 999 1997 synodo
1013 1911 1251 1998 promulgatam
1266 1912 1478 1999 intelligimus

204 2035 329 2100 quoque
352 2018 384 2079 et
406 2015 612 2101 suscipimus,
642 2014 881 2101 confitentesffl)
904 2018 938 2079 et
966 2013 1147 2098 credentes,
1177 2014 1252 2099 quia
1279 2037 1378 2080 unam
1406 2016 1478 2081 sub·

203 2117 360 2182 stantiam
381 2117 432 2181 vel
453 2139 634 2203 personam,
662 2116 745 2202 quod
766 2116 852 2181 idem
874 2120 932 2200 est,
955 2117 1027 2200 ipsa
1049 2119 1161 2180 sancta
1183 2115 1323 2201 synodus
1345 2117 1381 2181 in
1403 2117 1479 2183 dua-

204 2218 265 2284 bus
287 2219 428 2303 naturis,
458 2221 491 2284 id
513 2223 563 2285 est
584 2220 619 2285 in
641 2220 761 2284 deitate
783 2222 817 2284 et
841 2217 1057 2302 humanitate,
1086 2218 1223 2283 indivise
1250 2221 1284 2283 et
1311 2218 1479 2285 inconfuse

206 2361 356 2369 ..ι-..-
384 2363 388 2367 .
394 2362 511 2368 .-—-.-—.

272 2425 307 2492 η)
325 2421 464 2487 Quidnam
480 2421 668 2493 Eutychianos
691 2423 764 2478 inter
786 2424 816 2477 et
837 2422 994 2493 Aeephalos
1017 2421 1053 2475 sit
1077 2420 1238 2489 disonmen,
1260 2421 1406 2478 Facundus
1427 2439 1479 2494 pro

205 2507 311 2562 defens.
329 2506 415 2561 trium
433 2507 542 2578 capitl
561 2526 583 2562 c.
596 2515 620 2563 5.
639 2507 679 2562 sic
696 2507 830 2577 explicat:
850 2511 1064 2577 Eutychianormn
1077 2512 1143 2561 duae
1154 2518 1213 2560 sunt
1229 2519 1333 2575 partes,
1351 2527 1402 2563 una
1415 2529 1479 2578 quae

205 2613 256 2662 per
274 2603 351 2647 tatum
368 2599 483 2662 sequitur
501 2597 624 2662 Eutychis
640 2598 768 2662 principis
784 2597 825 2646 mci
840 2597 1003 2658 sententiam,
1021 2598 1073 2645 alia
1090 2612 1150 2646 uero
1169 2612 1234 2662 quae
1249 2597 1275 2646 in
1288 2596 1436 2662 quibusdam
1447 2597 1479 2647 ad

205 2697 235 2732 eo
261 2683 414 2732 dissentiens
439 2698 489 2746 per
510 2681 655 2746 superbiam
682 2690 764 2731 tmnen
791 2682 945 2746 ‹tedr'pnatur
966 2683 1002 2730 mt
1027 2681 1168 2730 Ecclesiam
1192 2682 1348 2745 poenitendo
1374 2685 1478 2733 reuerti.

205 2766 253 2817 Itli
271 2769 315 2832 qui
331 2768 391 2817 licet
407 2767 557 2817 recedentes
574 2768 600 2816 in
619 2766 765 2832 quibusdam
782 2765 813 2816 alr
836 2769 916 2830 ipsius
935 2765 1057 2830 Eutychis
1074 2767 1188 2816 auctoris
1205 2772 1230 2816 et
1252 2768 1346 2832 eapitis
1366 2769 1408 2817 sui
1423 2782 1480 2817 sen·

205 2855 295 2910 tentia,
313 2854 386 2917 sequi
402 2857 485 2900 tamen
504 2853 674 2917 dedr'pnantur
692 2851 845 2910 Ecclesiam,
864 2852 938 2914 cnjus
960 2857 1037 2914 caput
1055 2856 1094 2900 est
1107 2850 1229 2911 Christus,
1289 2856 1413 2918 tamquam
1424 2855 1480 2902 stne

204 2939 291 3003 capite
309 2944 468 2987 remanentes
486 2937 615 3001 Aeephatr'
630 2943 752 2988 vocantur
770 2952 786 2986 a
805 2936 925 2997 Graects,
943 2950 1007 3000 quos
1023 2935 1208 3000 stpnifleantius
1225 2950 1271 2986 nos
1283 2935 1479 3000 Serreteutpetin·

204 3037 252 3073 nos
268 3037 401 3086 possumne
418 3024 560 3087 appellare.

274 3104 308 3170 ²⁸)
325 3103 353 3155 a¹
377 3117 433 3168 seq.
459 3109 595 3161 andernes:
622 3102 724 3157 rectius
746 3101 912 3157 vetustiores
935 3117 968 3155 ac
989 3118 1053 3155 mss.
1076 3107 1191 3156 odientes
1218 3118 1269 3156 ceu
1297 3104 1479 3158 exsecrantes.

203 3185 259 3253 Qui
281 3185 423 3240 hominem
449 3186 478 3240 in
501 3186 610 3242 Christo
633 3205 651 3242 a
674 3187 768 3242 divina
794 3202 915 3257 persona
941 3185 1092 3245 secundum
1117 3186 1276 3240 Nestorium
1302 3188 1480 3257 separabant,

202 3287 309 3344 graece
332 3287 388 3325 uuo
410 3272 496 3326 verbo
520 3267 762 3343 ἆνθρωπόλατραι
789 3271 941 3340 (hominem
964 3270 1098 3340 colentes)
1124 3270 1329 3327 vocitabantur.
1373 3273 1481 3343 Aperta

202 3360 250 3412 est
268 3372 304 3411 ea
321 3355 356 3411 de
373 3373 404 3410 re
421 3355 569 3411 Justiniani
587 3357 634 3412 la
651 3358 680 3410 et
695 3362 711 3411 6
728 3362 782 3422 §.2
801 3355 829 3410 C.
843 3357 890 3422 l‚1
909 3354 1057 3426 professio,
1085 3355 1134 3410 ubi
1151 3355 1370 3412 anathematizat
1387 3377 1481 3412 aninam
1583 3366 1588 3377 “

201 3447 345 3502 haeresim,
368 3441 535 3510 pracsertim
552 3459 618 3497 vero
642 3440 802 3496 Nestorium
825 3446 1056 3510 anthropolatram,
1087 3446 1237 3495 diuidentem
1259 3463 1333 3496 unum
1350 3447 1481 3496 Dominum

202 3538 320 3583 namnam
337 3530 421 3579 desum
442 3532 572 3583 Christum.
612 3524 748 3590 Quocirca
765 3529 794 3581 et
811 3525 856 3580 hic
873 3524 990 3580 forsitan
1006 3524 1158 3595 legendum
1170 3529 1340 3582 Nestore'anos
1361 3532 1481 3582 nominem

202 3618 332 3676 colentes,
348 3613 496 3680 ‚expuncta
516 3610 610 3666 media
630 3611 769 3681 particula
791 3622 823 3667 et.
867 3610 947 3665 Nunc
967 3610 1089 3681 primum
1109 3609 1138 3663 iu
1159 3608 1203 3664 his
1223 3609 1347 3681 epistolis
1370 3610 1482 3667 auditur

202 3694 413 3766 Acephalorum
431 3695 543 3751 mentio.

275 3784 310 3849 ²⁹)
328 3779 378 3835 Ed.
398 3786 527 3836 carissime
600 3803 689 3852 supra.

276 3869 309 3935 ³⁰)
327 3865 377 3919 Ed.
399 3864 489 3920 omitt.
509 3888 590 3920 senam.
626 3867 691 3921 Mox
708 3867 757 3921 Ηιο
775 3883 827 3922 sec.
847 3884 932 3921 manu
949 3871 1110 3928 substantiis,
1127 3866 1165 3920 Hs
1182 3870 1383 3921 subshtenn'tus.

276 3954 310 4020 ³¹)
328 3952 355 4005 a¹
374 3966 431 4019 seq.
452 3949 541 4006 omitt.
559 3957 681 4007 mathena
699 3963 737 4018 ee,
757 3968 876 4021 moxque
893 3951 1019 4007 scribunt
1039 3957 1147 4006 dimnnm
1163 3958 1323 4020 najestatem
1339 3951 1412 4019 (loco
1430 3957 1480 4007 dte,

205 4038 307 4105 math),
326 4035 364 4090 Ηει
380 4047 481 4105 patrum
499 4042 640 4094 anathema.
677 4038 904 4108 H'01lm'pem'tum
923 4042 972 4090 Dei
992 4027 1113 4101 Verbum,
1132 4037 1170 4091 Η*
1187 4042 1259 4092 deum
1275 4057 1367 4092 serunt.

277 4124 310 4189 ³²)
329 4119 375 4175 Sic
391 4139 456 4176 mss.
492 4124 531 4176 At
548 4124 573 4176 c¹
592 4129 747 4190 confidentes
764 4134 790 4177 et
807 4128 967 4190 confitentes,
991 4124 1017 4175 c²
1034 4127 1170 4177 eredentes
1186 4134 1212 4177 et
1228 4128 1388 4191 carmentes,
1413 4119 1482 4175 editi

207 4207 257 4263 alii
274 4212 431 4274 confidentes
449 4218 474 4261 et
492 4214 633 4262 credentes.
670 4207 793 4263 Subinde
810 4222 862 4277 pro
880 4205 924 4260 his
943 4213 1002 4276 quia
1019 4228 1092 4260 unam
1109 4211 1274 4262 substanttam
1291 4214 1330 4262 net
1344 4225 1482 4276 perronam

207 4297 279 4363 quoa
296 4297 361 4346 idem
379 4303 432 4354 est,
455 4309 569 4362 mccc,
587 4294 619 4347 ut
635 4292 783 4362 probabile
801 4293 855 4353 est,
874 4292 983 4345 tantum
1000 4290 1147 4361 legebatur
1165 4283 1209 4348 ὅτι
1228 4295 1299 4363 μίαν
1315 4287 1481 4349 ὑπόστασιν.

207 4378 246 4431 Hs
265 4397 316 4431 una
333 4382 532 4432 substantiane!
551 4398 664 4446 persona
687 4384 755 4448 qnod
775 4382 841 4431 telem
858 4383 916 4445 ipsa
932 4388 1036 4439 saneta,
1060 4384 1089 4431 ct
1107 4376 1196 4432 omitt.
1216 4395 1278 4433 cum
1299 4376 1343 4432 ed.
1362 4387 1387 4432 et
1406 4377 1482 4444 (ante

208 4464 350 4531 iteratam).
387 4461 446 4528 (tuo
469 4463 499 4517 in
520 4464 581 4518 loco
605 4462 730 4517 imitatus
748 4463 793 4517 est
813 4461 951 4531 interpres
970 4460 1166 4532 Augustinum,
1190 4462 1237 4530 qni
1255 4460 1426 4517 Graecorum
1443 4460 1483 4516 lo·

208 4547 316 4604 cationi
338 4564 399 4603 sese
423 4548 608 4603 accomodans
630 4548 664 4602 de
683 4547 759 4603 Trin.
778 4547 830 4602 Vll
851 4564 878 4599 n.
896 4552 913 4600 8
935 4549 992 4601 tres
1014 4545 1043 4600 in
1066 4546 1205 4602 'l'rinitste
1231 4544 1403 4602 substantias
1425 4545 1482 4600 sive

207 4650 345 4705 personas
361 4634 518 4704 praedicat:
546 4639 589 4689 Sic
607 4644 683 4697 entm,
707 4631 810 4703 inquit,
832 4637 920 4686 dierunt
940 4636 977 4686 uti
998 4643 1052 4687 tres
1072 4637 1228 4688 substantias
1248 4653 1321 4687 unam
1339 4637 1482 4691 essentiam,

208 4725 415 4791 quemadmodum
433 4739 479 4775 nos
497 4725 600 4774 dicimus
618 4731 671 4774 tres
686 4738 815 4789 personas
832 4738 905 4772 renam
923 4722 1057 4772 essentiam
1073 4724 1113 4772 uel
1128 4721 1301 4775 substanttam.
1331 4715 1412 4772 Unde
1430 4715 1481 4769 ibi-

208 4806 276 4861 dem
294 4821 328 4858 ex
346 4804 517 4859 Graecorum
539 4804 678 4860 sententia
698 4804 740 4859 ita
763 4816 816 4858 eree
837 4802 867 4857 in
884 4802 944 4857 Deo
965 4807 1122 4858 substantias
1139 4804 1234 4864 vocat,
1257 4803 1290 4857 ut
1311 4800 1391 4856 simul
1415 4799 1484 4869 adji-

208 4891 269 4945 ciat
286 4896 325 4944 aet
339 4910 479 4959 personas,
498 4907 533 4945 ne
551 4890 613 4960 quis
630 4891 658 4944 iu
675 4906 835 4960 perversam
851 4887 1066 4958 intelligentiam
1085 4887 1247 4942 abducatur.

247 4994 404 5030 svrsroanr.
417 4995 521 5035 sosas.
536 4996 648 5031 rosere.
667 4982 689 5032 1.
1238 4982 1279 5041 60
