3450 5678
686 335 857 387 nersronr
881 328 910 386 3.
1378 332 1436 397 131

138 482 330 574 nguine
348 496 529 581 manibus⁵)
557 515 623 560 non
651 492 760 558 divina
794 492 953 558 sacrificia
980 493 1035 558 sed
1063 495 1235 580 sacrilegia
1264 499 1440 565 celebrasse
1454 530 1477 565 a.
1490 519 1547 568 476,

138 601 369 678 ,onoratur
403 597 443 662 In
466 618 527 682 quo
554 595 666 680 utique
693 616 759 660 non
782 595 849 680 ejus
873 599 921 660 est
943 597 1071 661 firmata
1092 598 1263 683 susceptio,
1287 601 1341 665 sed
1366 623 1439 667 con-

138 705 302 782 iciomm
336 700 502 786 divulgata
528 698 668 784 proditio
697 720 768 763 cum
791 697 901 764 eodem
923 698 962 764 de
984 699 1041 763 illa
1063 699 1244 784 iniquitatis
1267 702 1351 787 sede,
1375 705 1439 769 uisi
1510 764 1518 786 ,

141 794 369 888 xesipiscant,
393 801 610 889 omnimodol)
634 823 827 885 casatorum,
851 821 946 885 quam
968 801 1052 866 sicut
1074 801 1219 868 diabolus
1241 807 1335 889 pater
1358 807 1437 891 ejus,

155 898 333 980 altissimo
353 905 492 973 similem
514 927 547 970 se
569 904 704 988 faciens,
734 906 898 969 aeternam
920 904 981 969 sibi
1003 904 1142 989 perfidus
1166 909 1349 972 construere
1371 931 1438 974 uon

163 1000 281 1077 desinit
303 1008 343 1074 ad
364 1008 502 1074 ruinam.

244 1104 281 1173 4.
304 1109 393 1177 Haec
416 1109 609 1176 venerabilis
631 1109 816 1195 imperator,
840 1131 936 1194 quum
952 1109 1082 1176 horreat
1096 1110 1222 1175 animus
1245 1112 1295 1177 vel
1310 1133 1330 1177 a
1343 1115 1437 1178 tanto

184 1201 342 1296 gladiatore
363 1212 465 1279 fuisse
491 1215 629 1297 tentata,
660 1213 800 1278 maximo
827 1215 948 1297 tamen,
977 1212 1091 1298 fateor,
1121 1217 1250 1298 stupore
1280 1214 1434 1300 detineor,

190 1308 234 1375 sub
253 1319 369 1380 restrae
390 1315 523 1401 pietatis
546 1315 749 1400 adspectibus
775 1315 915 1400 potuisse
939 1315 1106 1380 committi.
1135 1315 1212 1391 eris
1235 1317 1321 1381 enim
1343 1317 1435 1383 devo

194 1417 245 1476 tau
264 1435 375 1503 semper
390 1418 460 1484 Deo
481 1418 669 1484 clementiae
690 1421 816 1484 vestrae
837 1420 978 1482 mentem
1001 1420 1034 1482 et
1054 1417 1239 1483 orthodoxis
1261 1418 1434 1506 deditaml)

200 1515 291 1600 regulis
308 1523 360 1586 aut
381 1521 512 1608 ignoret
535 1523 591 1586 aut
612 1520 781 1606 ambigat?
824 1519 949 1605 Quippe
971 1520 1026 1604 qui
1048 1541 1205 1605 supernae
1226 1520 1434 1606 dispositione

203 1619 382 1701 providentiae
404 1622 489 1688 sicut
509 1645 568 1709 pro
590 1623 733 1689 utilitate
755 1623 885 1709 publica
907 1625 1063 1708 augustae
1085 1623 1257 1687 memoriae
1275 1623 1433 1689 Marciani

206 1720 292 1802 auur
307 1730 337 1790 ct
357 1725 475 1791 Leonis
498 1725 614 1790 eruditi
635 1726 824 1809 virtutibus,
842 1725 895 1790 ‘sic
918 1746 1026 1789 eorum
1048 1725 1118 1789 sitis
1142 1726 1239 1790 etiam
1261 1726 1301 1790 ad
1326 1727 1433 1791 catho-

206 1819 271 1890 lum
287 1829 448 1893 raritatem
470 1828 615 1893 sensibus
637 1828 795 1912 instituti,
822 1849 883 1893 nec
905 1827 1051 1912 cuiquam
1074 1827 1204 1892 omnino
1226 1829 1269 1893 sit
1290 1828 1431 1912 dubium,

168 1995 171 1998 Α
208 1922 317 2006 pietaten
338 1934 428 1995 tuam
450 1930 577 1995 illorum
600 1952 668 1996 esse
690 1930 764 1995 fidei
787 1951 965 2015 sequacem,
989 1951 1123 2015 quorum
1145 1951 1178 1994 es
1200 1952 1362 1996 successor
1376 1932 1433 1996 irn-

207 2028 268 2109 perli.
296 2031 378 2109 Quae
400 2056 498 2120 quum
520 2032 559 2097 de
582 2037 706 2098 vestrae
728 2033 973 2118 tranquillitatis
996 2032 1105 2096 animo
1124 2035 1212 2097 certa
1227 2034 1269 2097 ab
1284 2034 1432 2099 omnibus

207 2129 334 2200 tenuntur
355 2139 388 2201 et
410 2136 485 2220 fixa,
509 2123 605 2220 absit,
628 2139 664 2200 ut
685 2136 882 2220 temporibus
898 2134 1011 2199 vestris
1026 2134 1126 2199 divini
1143 2135 1246 2200 cultus
1260 2135 1432 2221 integritas

207 2233 391 2323 dmtiquitus
407 2239 557 2304 roborata
573 2237 647 2302 fidei
664 2238 840 2304 catholicae
855 2241 986 2323 putetur
999 2236 1236 2322 interpellanda
1251 2238 1430 2305 sinceritas.

206 2327 334 2424 Rspice,
363 2362 494 2426 quaeso,
524 2340 564 2405 ad
592 2339 702 2405 divina
730 2340 903 2427 beneficia,
933 2343 966 2404 et
999 2362 1080 2423 quae
1103 2340 1169 2404 sint
1191 2340 1280 2405 vobis
1314 2340 1431 2406 collata

206 2442 358 2527 meudite,
382 2447 479 2528 atque
501 2446 537 2507 ut
559 2443 638 2508 haec
656 2465 809 2528 prospera
823 2442 955 2507 valeant
969 2463 1168 2526 permanere,
1191 2443 1431 2528 propitiandum

205 2555 249 2604 me
272 2549 388 2611 censete
420 2549 583 2611 auctorem
602 2546 767 2630 muneris,
802 2567 868 2611 non
895 2543 1095 2610 laedendum.
1150 2543 1241 2610 Inter
1272 2547 1431 2631 quaslibet

204 2640 262 2708 enin
282 2648 501 2734 occupationes
527 2649 672 2734 publicas
706 2672 725 2713 a
752 2648 903 2734 religioso
933 2647 1079 2732 principe
1100 2667 1297 2733 magnopere
1318 2671 1430 2733 procu-

204 2745 299 2815 undum
317 2754 375 2834 est,
400 2750 484 2836 quod
506 2751 575 2836 ejus
597 2751 739 2837 protegit
761 2751 989 2835 principatum,
1019 2753 1052 2814 et
1073 2749 1284 2835 praeferenda
1307 2753 1430 2815 crmctis

203 2843 267 2955 aba
284 2858 325 2920 est
345 2851 492 2920 coelestis
514 2853 738 2919 observantiae
759 2853 927 2936 rectitudo,
958 2853 1028 2918 sine
1051 2874 1113 2936 qua
1135 2856 1222 2917 recte
1244 2852 1333 2917 nulla
1356 2874 1429 2917 eou-

259 3055 283 3120 5.
319 3059 503 3145 Suppetunt
525 3059 649 3124 affatim
675 3059 864 3124 clementiae
886 3060 971 3142 tuae,
999 3057 1026 3121 si
1049 3056 1089 3119 in
1105 3055 1218 3140 palatii
1241 3056 1290 3119 sui
1312 3057 1429 3140 requiri

204 3155 296 3225 mandet
271 3163 463 3247 carchivis,
494 3185 566 3228 cum
594 3164 774 3227 nostrorum
803 3164 919 3225 coeunt
920 3159 951 3224 ia
905 3158 1166 3223 tdetinitione
1193 3159 1350 3241 majorum
1376 3158 1428 3222 do-

205 3266 309 3328 lumenta
332 3266 472 3350 copiosa.
516 3263 628 3350 Neque
656 3264 741 3329 enim
763 3262 994 3328 conscientiam
1017 3264 1085 3325 vest
1086 3283 1155 3325 ram
1177 3260 1277 3325 latere
1301 3260 1429 3325 creden-

205 3349 309 3430 dunt
270 3369 309 3430 ast
309 3389 423 3453 ,quae
445 3389 503 3453 per
526 3371 658 3432 cunctas
679 3366 862 3452 provincias
878 3363 1002 3431 Orient
993 3386 1021 3428 rs
1044 3385 1082 3428 ex
1104 3362 1340 3448 imperiivestri
1356 3385 1429 3428 arce
1509 3402 1518 3410 -

205 3451 283 3530 luas
299 3475 386 3536 sunt:
411 3470 468 3534 illa
489 3471 623 3555 scilicet,
647 3491 728 3556 quae
750 3468 800 3533 vel
823 3453 863 3532 ad
892 3470 1009 3552 august
1011 3488 1048 3531 ae
1075 3465 1248 3532 memoriae
1270 3465 1429 3532 Marciani

205 3557 421 3638 fllhlloninust
387 3576 421 3638 et
443 3572 559 3637 Leonis
581 3572 667 3658 rel⁸)
690 3572 730 3636 ad
754 3570 1023 3637 Calchedonensis
1047 3569 1175 3634 concilii
1197 3570 1310 3634 beatae
1326 3590 1428 3634 recor-

204 3658 301 3739 dationis
324 3676 551 3761 praedecessor
577 3697 666 3740 meus
694 3674 758 3738 beo
789 3672 934 3738 consulta
962 3672 1095 3737 direxit:
1128 3673 1241 3757 quibus
1264 3673 1311 3737 ita
1333 3672 1427 3756 plene

202 3768 267 3849 atque
288 3775 419 3844 dilucide
452 3780 688 3843 sacramentum
721 3776 899 3841 dominicae
933 3774 1165 3840 incarnationis
1199 3774 1359 3858 exposuit,
1393 3778 1428 3838 ut

198 3887 246 3934 1¹⁰1]
259 3880 338 3947 modo
366 3880 554 3965 catholicus,
589 3879 708 3949 sedne
731 3878 933 3945 Christianus
956 3877 1082 3962 quidem
1106 3877 1212 3941 valeat
1234 3877 1425 3962 nuncupari,

196 3970 302 4064 quisquis
326 3983 392 4049 illic
422 3986 455 4048 et
476 3982 704 4067 redemptionis
734 4003 808 4046 suae
838 4003 948 4045 causas
975 4002 1041 4044 non
1069 3979 1232 4044 evidenter
1259 3984 1425 4065 agnoscat.

191 4076 263 4145 teu
279 4090 311 4150 ut
330 4086 491 4172 faciliusl)
520 4085 609 4150 vobis
633 4084 814 4150 necessaria
836 4105 902 4148 non
930 4082 1014 4147 desit
1034 4083 1214 4165 instructio,
1245 4083 1426 4147 earumdem

186 4187 350 4271 exemplaria
379 4188 560 4254 litterarum
597 4187 637 4252 ad
664 4188 798 4252 fratrem
826 4189 859 4250 et
886 4185 1105 4270 coepiscopum
1134 4207 1240 4250 meum
1273 4185 1426 4251 Acacium

231 4410 250 4479 ⁶)
266 4409 325 4465 Nou
343 4410 419 4481 quod
436 4409 584 4464 novissimo
602 4409 688 4463 ullam
706 4408 820 4464 caedem
837 4409 1014 4479 perpetrasse
1028 4407 1149 4474 dicatur,
1168 4407 1217 4462 scd
1235 4406 1310 4476 quod
1327 4421 1424 4458 manus

166 4494 227 4554 olim
244 4495 271 4550 in
288 4495 407 4550 Proterii
424 4512 491 4551 nece
510 4494 666 4550 sordidatas
684 4494 760 4548 nulla
777 4510 869 4564 poena
887 4492 1025 4548 abluisset.

224 4581 308 4652 alta
324 4581 368 4637 θ’
404 4580 480 4636 Editi
498 4586 635 4636 omnimode
653 4600 767 4635 eoaerros.
801 4579 867 4634 Mox
884 4590 1015 4634 ueternum
1032 4580 1151 4633 refertur
1169 4578 1205 4632 ad
1223 4582 1327 4630 ruinam.

220 4673 244 4739 ἵ)
263 4667 334 4722 Eum
345 4665 465 4722 maxime
480 4671 608 4721 Zenonide
620 4672 728 4735 coqjupe
740 4687 787 4720 ιιιια
799 4672 920 4720 adversas
933 4669 1113 4720 orthodoxos'
1104 4685 1122 4717 ιι
1114 4669 1224 4717 recitante
1236 4666 1322 4717 tellum
1335 4669 1425 4714 contra

144 4764 224 4831 ,ua
242 4772 345 4808 nocere
361 4758 485 4822 coepisse,
504 4751 667 4807 Theodorus
684 4751 810 4806 lectorh
827 4768 850 4806 e
864 4751 877 4804 I
896 4751 948 4820 (cd.
962 4750 1053 4805 Vales.
1073 4766 1138 4819 pag
1152 4752 1211 4815 556)
1231 4746 1356 4801 testatur

214 4847 240 4907 ὅ)
259 4840 297 4895 (ἰ1
317 4845 402 4894 rettuli
419 4843 538 4893 Caleted.
557 4859 574 4891 a
593 4843 681 4908 quitur
699 4846 744 4894 lta.

212 4932 238 4997 ⁹)
258 4925 306 4980 tta
324 4925 358 4979 G'
373 4925 415 4978 θ’.
451 4923 528 4978 Edili
543 4929 668 4991 facilis..
676 4929 877 4992 .coepr'acopum
895 4935 1014 4979 nostrum.
