3412 5664
622 271 628 300 '
706 307 901 357 ιιιιιοιιιι
925 297 1013 357 23—
1021 296 1072 357 25.
1459 299 1523 364 <391

260 447 415 542 liumus
437 463 676 548 praestandum,
700 462 775 547 quia
794 462 862 527 Deo
877 463 1018 528 servient
1004 463 1090 529 tibus
1105 464 1295 531 beneficium
1317 489 1436 552 negare
1459 492 1524 535 non
1538 474 1572 538 (a
1584 480 1634 528 494

264 567 416 632 convenit.
462 565 615 632 Silvester
636 565 746 650 itaque
775 568 870 650 atque
893 564 1137 650 Faustinianus,
1167 568 1221 653 qui
1249 592 1283 634 se
1311 593 1330 634 a
1358 572 1524 638 cunabulis
1537 548 1641 609 *4⁹⁵³

270 655 387 735 leucos
408 669 566 735 cantitent
551 672 615 751 tur,
645 692 664 733 a
686 668 852 740 Theodora
879 690 912 732 se
935 669 1072 753 opprimi
1099 691 1157 754 per
1179 671 1365 738 violentiam
1388 695 1523 760 conque-

271 766 385 854 mur,
419 772 496 858 quis
523 771 636 838 dicunt
662 793 696 836 se
718 772 876 857 ingenuos
905 774 1000 856 atque
1023 772 1097 857 ab¹)
1120 776 1249 838 auctore
1271 775 1427 859 pristinae
1451 800 1524 844 eon·

272 854 385 940 tilam
411 874 547 940 nexibus
575 873 754 958 absolutos,
787 874 823 938 in
851 877 969 938 sortem
997 874 1187 940 deterrimae
1215 876 1332 942 iterum
1359 880 1478 946 servitu
1480 881 1523 947 tis

269 970 370 1062 &ddici
391 979 425 1042 et
446 999 504 1063 per
525 976 750 1043 auctoritatem
765 976 888 1063 regiam
904 980 1016 1042 contra
1036 977 1124 1064 leges
1138 979 1295 1064 publicas,
1319 1002 1417 1066 quum
1434 983 1523 1049 cleri-

263 1076 325 1144 vali
346 1080 470 1166 cingulo
496 1083 646 1147 tenerent
647 1103 685 1145 ur
631 1080 855 1146 tadstricti
844 1103 871 1164 1,
895 1102 984 1165 per
975 1080 1234 1154 archidiaconum
1256 1084 1344 1147 urbis
1368 1084 1522 1152 Gmmen·

256 1165 348 1249 fiune
361 1205 425 1249 esse
440 1186 629 1268 conventos,
645 1205 743 1268 quum
758 1186 868 1249 conste
851 1185 978 1268 etcum,
998 1206 1053 1269 qm
1044 1185 1237 1250 coelestem
1253 1186 1387 1251 militem
1402 1189 1520 1274 pulsat,

243 1286 382 1352 connisi
409 1286 478 1372 ejus
499 1286 605 1351 forum
626 1286 740 1351 debere
768 1285 896 1352 sectari.
952 1286 997 1352 Et
1023 1286 1110 1371 ideo,
1145 1287 1259 1353 dilecte
1287 1289 1349 1373 fili,
1381 1291 1521 1376 depenso

239 1385 455 1455 nruuuonis
485 1389 563 1454 affut
548 1392 585 1454 tu
611 1389 811 1473 supradictos
841 1389 972 1454 elericos
1001 1389 1094 1476 tibi²)
1125 1391 1327 1476 commende,
1363 1395 1398 1457 ut
1426 1394 1451 1458 si
1481 1395 1520 1459 ad

196 1574 200 1583 Ι
231 1477 472 1578 delegatorum
488 1491 646 1579 judicium
668 1513 778 1556 eorum
798 1493 980 1557 adversaria
988 1492 1013 1578 ³)
1037 1492 1145 1558 venire
1162 1495 1400 1580 contempserit,
1424 1497 1520 1562 subli-

226 1589 375 1661 mitatis
395 1597 470 1660 tuac
492 1594 628 1659 tuitione
650 1593 826 1678 vallentur,
860 1618 901 1661 ne
923 1595 999 1680 quid
1021 1595 1085 1660 illis
1108 1600 1164 1661 aut
1185 1597 1359 1683 subreptio,
1383 1603 1439 1664 aut
1461 1600 1519 1665 ini-

220 1691 343 1763 mica
360 1698 480 1785 legibus
502 1696 643 1762 violenta
665 1698 840 1763 necessitas
862 1698 1021 1783 imponat:
1045 1699 1119 1783 quia
1141 1699 1194 1784 qui
1212 1699 1369 1784 judicium
1386 1702 1517 1789 refugit,

216 1804 479 1879 operosum
501 1800 539 1866 de
557 1800 687 1885 justitia
708 1800 860 1866 diffismn.

675 2011 686 2029 κ
749 1971 930 2077 Epistola
955 1972 1012 2057 25.

1531 2104 1559 2168 (a
1576 2109 1627 2157 ιιι

432 2103 435 2107 ’
491 2125 628 2195 (telesti
652 2143 762 2211 papae
784 2125 828 2191 ad
850 2125 1038 2208 quemdam
1061 2126 1276 2211 episcopum.
1530 2146 1633 2235 4495„

167 2264 198 2316 ὓ.
229 2255 315 2313 U:
345 2284 425 2321 reem
447 2258 578 2320 ecclesiam
599 2269 655 2319 sine
676 2268 763 2318 swame'
782 2267 910 2332 pontificis
936 2270 1088 2318 caeleritate
1111 2275 1298 2327 consecratam,
1328 2272 1403 2335 cujus
1426 2274 1483 2323 ideo

386 2355 475 2406 ntem
491 2355 670 2419 mpenderat,
687 2359 807 2418 susceptu
826 2368 890 2402 nunc
908 2357 1061 2403 auctoritate
1079 2354 1157 2403 cultui
1173 2355 1256 2404 diuino
1274 2355 1376 2406 reddat.

339 2486 509 2604 Praecepta
529 2485 712 2572 synodalia,
747 2493 828 2571 quae
857 2487 933 2550 ante
961 2507 1080 2570 paucos
1102 2507 1226 2551 menses
1249 2487 1287 2551 de
1310 2489 1383 2554 sede
1406 2496 1517 2557 nostra

208 2576 242 2747 ii
305 2589 510 2675 provinciam
536 2592 613 2655 sunt
598 2576 776 2672 tdirecta,
807 2592 839 2653 et
866 2588 1007 2673 antiquis
1031 2588 1208 2653 canonibus
1232 2592 1454 2677 consentiunt,
1484 2598 1517 2660 et

209 2703 388 2778 “quse
408 2692 515 2758 minus
537 2710 606 2758 ease
628 2639 807 2777 probantirr
833 2690 1028 2774 addidimus3
1061 2691 1123 2755 et
1114 2714 1149 2755 m
1171 2715 1192 2754 u
1193 2694 1305 2777 traque
1327 2697 1419 2777 parte
1443 2718 1516 2760 con-

211 2787 336 2879 stat,
355 2795 454 2882 sine¹)
477 2794 591 2860 summi
613 2793 776 2880 pontificis
799 2793 991 2858 auctoritate
1014 2792 1181 2858 ecclesiam
1202 2794 1329 2858 noviter
1352 2797 1514 2862 conditam

215 2907 316 2960 non
345 2912 432 2985 posse
459 2897 610 2964 dedicari.
655 2896 762 2984 Teque
785 2918 823 2962 ex
846 2897 906 2962 hac
930 2895 1072 2979 basilica,
1096 2918 1178 2981 quae
1200 2896 1309 2960 taliter
1331 2898 1372 2962 ad
1394 2899 1515 2964 cultum

222 3095 345 3159 hta
357 3102 508 3175 elegantius
529 3102 669 3161 diceretur
690 3109 717 3159 ia
735 3112 842 3158 uestrum
854 3106 993 3170 judicium,
1018 3117 1051 3155 eo
1070 3101 1145 3170 quod
1163 3099 1279 3168 scilicet,
1303 3102 1334 3155 ιιι
1351 3101 1380 3156 in
1397 3101 1515 3171 epistola

225 3189 374 3252 equod
389 3189 534 3257 docemur,
553 3188 695 3261 Crispinus
712 3190 742 3244 at
759 3186 878 3243 Sabinus
895 3187 976 3242 erant
994 3186 1142 3256 delegati.-

326 3277 343 3343 ¹)
356 3275 397 3332 Sic
407 3275 606 3344 suffigendum
617 3275 756 3346 putemne,
769 3273 843 3343 quod
855 3272 927 3328 male
941 3274 977 3327 Π1
992 3283 1068 3343 utpute
1079 3283 1177 3341 actore,
1195 3271 1275 3343 pejus
1288 3273 1307 3327 Z
1321 3283 1397 3344 alque
1409 3285 1514 3331 auclore

235 3356 319 3413 deo·
351 3360 406 3419 Hoc
426 3359 481 3417 eibi
503 3361 562 3417 vult
583 3365 616 3416 ab
638 3371 756 3422 auclore,
780 3357 856 3429 quod
878 3356 957 3414 initio
981 3356 1115 3428 epistolae
1134 3356 1282 3430 superioris
1300 3365 1394 3415 domini
1409 3365 1450 3415 ιιιί
1471 3365 1514 3417 be·

237 3444 377 3503 mue.

324 3533 391 3599 ¹lll¹
408 3531 516 3589 omittit
531 3536 579 3588 ribi
595 3537 738 3588 remanendo
757 3542 795 3594 ut,
816 3530 904 3585 habet
921 3529 949 3583 Z.

324 3616 373 3685 ἰΖ
388 3623 535 3675 adversarii
550 3623 635 3674 venire
653 3621 858 3687 contempserint.
897 3615 1113 3671 Praelerendum
1137 3633 1199 3670 eum
1218 3619 1255 3672 ΠΙ
1279 3623 1431 3672 ‹aduersas-la
1455 3620 1511 3674 scil.

167 3746 171 3763 .
253 3695 392 3763 Mera.
419 3704 473 3761 Hic
490 3706 586 3760 eutem
604 3703 798 3774 delegatorum
811 3700 939 3770 judicum
956 3700 1068 3757 nomine
1086 3699 1242 3772 Crispinum
1260 3704 1288 3757 et
1306 3701 1439 3758 Sabinum
1457 3704 1512 3775 epi·

255 3792 360 3855 mm,
373 3789 406 3846 sd
425 3805 496 3860 quos
514 3787 641 3860 superior
659 3787 777 3860 epistola
795 3787 863 3842 data
884 3788 940 3854 cst,
963 3785 1091 3856 intelligi,
1114 3805 1147 3842 cx
1165 3787 1289 3856 ejusdem
1307 3788 1441 3860 epistolae
1459 3791 1512 3846 fine

260 3864 301 3919 ά
318 3874 486 3933 undatim.

328 3956 384 4025 'lla
398 3964 490 4032 prima
507 3961 589 4031 parte
607 3959 742 4032 epistolae
762 3965 792 4014 14
811 3964 901 4030 capt
919 3957 1090 4027 generaliter
1106 3957 1291 4030 praecipitur:
1320 3964 1448 4016 Basilum
1466 3983 1512 4018 no-
1592 3948 1594 3953 ⁵

271 4037 326 4093 Μ
337 4048 451 4104 mansas
469 4065 520 4103 ιιοιι
535 4052 624 4116 petitis
641 4066 677 4101 esc
694 4065 764 4101 more
780 4048 1004 4114 praeceptionibus
1022 4048 1143 4099 dedicare
1156 4064 1205 4100 non
1217 4051 1344 4105 audeant:
1362 4047 1420 4100 tum
1434 4047 1462 4102 in
1474 4048 1512 4104 al·

274 4118 325 4179 Μ
335 4144 385 4202 up.
396 4138 429 4190 26
446 4130 572 4191 additur:
592 4139 623 4188 de
639 4138 751 4188 locorum
769 4135 961 4186 consecratione
978 4140 1134 4194 sanctorum,
1153 4136 1262 4199 φιαιιιίι
1275 4137 1512 4201 superterrenorum

277 4204 335 4273 Μ
346 4223 555 4288 ωιριιιιιιιιιιιι,
573 4221 644 4274 actis
662 4237 760 4290 quoque
775 4222 934 4287 patefactum
952 4228 1002 4280 est,
1021 4220 1089 4287 quod
1106 4219 1199 4287 absque
1214 4227 1355 4287 praecepto
1367 4225 1436 4273 sedis
1448 4240 1509 4288 upo-

277 4299 354 4356 Woe
368 4309 476 4360 musmo·
490 4309 579 4373 saetas
596 4310 717 4360 ecelesias
736 4312 774 4359 uel
791 4309 908 4359 oratorio
919 4322 1026 4358 ramere
1037 4315 1209 4372 praesumant.
1240 4301 1345 4367 Quibus
1356 4303 1424 4357 locis
1437 4304 1510 4358 inter

167 4396 171 4403 “
278 4394 301 4435 ¹0
311 4382 398 4445 wilatis
413 4388 517 4461 liquet,
535 4388 646 4447 Gelasio
664 4405 818 4460 synonyma
835 4404 895 4443 esse
912 4389 968 4444 tria
987 4389 1068 4444 haec:
1091 4387 1213 4459 primum
1231 4387 1365 4459 epistolae
1386 4395 1416 4442 14
1435 4408 1456 4443 c.
1476 4395 1509 4444 25

169 4486 181 4493 “
275 4468 345 4540 *σν
360 4481 591 4547 praeceptumde
607 4484 778 4547 apostolicae,
801 4475 920 4530 alterum
943 4473 1077 4546 epistolae
1099 4475 1182 4545 hujus
1198 4481 1253 4530 sine
1274 4482 1361 4530 ιιιιιιιι·
1381 4482 1509 4544 pontificis

206 4596 212 4621 ι
271 4564 408 4626 Mtte,
424 4564 599 4633 postremum
615 4561 778 4633 praedictae
791 4561 926 4632 epistolae
942 4567 972 4615 ll
985 4578 1007 4615 c.
1021 4567 1036 4615 6
1048 4566 1103 4616 sine
1114 4582 1205 4615 ιιιιιιιιιιι
1222 4567 1349 4630 pontifice.
1378 4560 1508 4617 nouanda

267 4656 323 4701 use
335 4643 396 4703 bsec
417 4646 535 4715 locutiO,
558 4665 613 4718 qua
635 4648 740 4723 npllum
763 4648 828 4702 autc
847 4646 988 4703 Gelasium
1006 4646 1043 4701 ad
1059 4647 1215 4703 Romanum
1234 4646 1387 4702 aritistitem
1405 4647 1507 4717 specia-

259 4729 318 4789 liter
333 4730 528 4803 designandum
550 4752 629 4790 usum
655 4751 714 4790 esse
740 4733 927 4804 memiinmns,
957 4732 1082 4803 quamvis
1104 4732 1221 4788 subinde
1245 4733 1360 4788 celebris
1383 4733 1452 4788 adeo
1475 4751 1508 4789 ac

255 4813 385 4875 nuliam
402 4819 529 4877 meserit.
565 4821 657 4877 Antea
673 4819 747 4875 enim
770 4819 880 4889 quosvis
903 4819 1047 4892 episcopos
1064 4840 1169 4876 senones
1188 4825 1322 4889 pellifices
1341 4818 1429 4875 (fictos
1448 4837 1506 4875 esse

250 4903 454 4963 obturavimus.
