3450 5678
445 338 617 398 11111111
641 338 680 397 26
703 330 765 415 (ux
786 347 882 396 anm.
906 335 1119 420 causamn).
1349 339 1414 404 419

144 503 234 568 ribus
245 524 312 568 non
327 502 474 568 constitit
489 503 686 588 imperator?
708 502 948 587 Numquidnam
961 504 1075 569 harum
1090 505 1218 569 urbium
1232 506 1412 572 sacerdotes
1426 520 1519 570 1411.

146 607 231 672 ultra
252 627 436 671 mensuram
464 605 593 671 sibimet
620 606 798 689 antiquitus
820 606 1006 691 deputatam
1027 607 1191 692 quidpiam
1212 609 1278 672 suis
1308 610 1413 694 digni-

145 709 267 775 tatibus
290 707 512 793 usurparunt?
541 706 705 792 Numquid
727 709 876 794 Aeacius,
899 712 937 774 ut
956 709 1140 775 Johannem
1162 711 1338 794 quemlibet
1359 711 1414 776 ho·

132 811 275 895 1111611,
309 810 502 876 catholicum
531 814 642 875 tamen
668 833 689 874 a
721 810 887 876 catholicis
914 811 1108 896 ordinatum,
1143 812 1182 876 de
1214 813 1413 880 Alexandria

145 913 343 996 excluderet,
381 912 573 996 Petrumque
599 914 635 977 in
668 912 792 979 haeresi
818 913 888 998 jam
912 914 1074 981 detectum
1103 918 1199 1000 atque
1227 915 1414 981 damnatum

145 1017 265 1100 absque
286 1015 371 1080 sedis
393 1015 588 1099 apostolicae
612 1016 847 1081 consultatione
870 1017 1037 1101 reciperet,
1068 1018 1175 1102 aliqua
1203 1018 1324 1101 synodo
1349 1020 1412 1083 sal-

146 1121 212 1195 tem
232 1117 302 1183 illic
323 1116 435 1181 habita
453 1117 515 1182 hoc
535 1118 687 1182 audacter
708 1118 859 1202 arripuit3
881 1123 918 1183 ut
932 1118 1160 1185 Calendionem
1182 1119 1221 1184 de
1238 1120 1413 1185 Antiochia

145 1220 328 1304 depelleret,
357 1219 617 1305 haereticumque
639 1219 786 1303 Petrum,
816 1242 909 1305 quem
938 1222 1008 1306 ipse
1035 1223 1259 1306 damnaverat,
1294 1222 1413 1308 absque

146 1323 262 1388 notitia
283 1321 367 1388 sedis
390 1322 584 1406 apostolicae
606 1343 715 1386 rursus
743 1322 936 1408 admitteret,
967 1323 1074 1408 aliqua
1097 1324 1217 1408 synodo
1243 1325 1276 1389 id
1298 1324 1413 1390 fecisse

146 1423 365 1489 monstratur?
392 1423 427 1490 Si
449 1428 535 1489 certe
557 1424 596 1489 de
618 1424 778 1510 dignitate
801 1425 909 1510 agitur
931 1424 1114 1510 civitatum,
1144 1426 1303 1491 secundae
1328 1427 1413 1491 sedis

146 1531 177 1591 ct
198 1527 316 1592 tertiae
338 1526 441 1610 major
467 1529 517 1591 est
538 1526 681 1612 dignitas
708 1527 909 1591 sacerdotum
930 1549 1026 1612 quam
1048 1529 1117 1611 ejus
1145 1528 1303 1612 civitatis,
1331 1551 1412 1613 quae

146 1650 210 1694 uon
231 1629 334 1693 solum
356 1629 442 1694 inter
463 1628 552 1694 sedes
579 1629 711 1693 minime
737 1633 934 1712 numeratur,
958 1629 1014 1695 sed
1035 1652 1096 1694 nec
1117 1630 1203 1694 inter
1230 1631 1413 1716 metropoli·

146 1736 294 1797 tanarum
317 1732 393 1815 jura
415 1734 572 1796 censetur.
618 1731 704 1796 Nam
731 1733 815 1817 quod
841 1732 948 1796 dicitis
977 1739 1084 1812 recise
1104 1739 1243 1816 1ἰυί11111,
1274 1733 1338 1798 1111
1358 1755 1413 1818 po-

146 1837 243 1898 testas
267 1837 316 1899 est
337 1834 430 1918 regni
452 1833 635 1913 saecularis,
666 1835 728 1898 1111
757 1833 1048 1899 ecclesiasticarum
1069 1834 1251 1899 distributio
1273 1835 1412 1922 dignita-

146 1940 224 2000 tum.
269 1934 359 2000 Sicut
385 1936 471 2000 enim
499 1937 643 2020 quamvis
676 1958 776 2020 parva
806 1936 918 2001 civitas
952 1938 1210 2022 praerogativam
1234 1938 1412 2022 praesentis

145 2038 236 2124 regni
258 2059 325 2102 non
346 2037 473 2121 minuit,
497 2038 544 2102 sic
566 2039 740 2123 imperialis
761 2039 944 2122 praesentia
959 2060 1141 2103 mensuram
1162 2038 1412 2124 dispensationis

147 2140 314 2225 religiosae
342 2161 409 2204 non
438 2144 552 2204 mutat.
597 2141 646 2205 Sit
669 2141 755 2205 clara
776 2141 853 2205 urbs
875 2140 932 2203 illa
959 2144 1120 2224 potestate
1147 2143 1326 2226 praesentis
1354 2143 1411 2207 im-

146 2242 312 2324 peratoris,
334 2241 448 2327 religio
475 2242 534 2306 sub
557 2244 666 2306 eodem
694 2246 772 2306 tunc
793 2244 897 2324 firma,
920 2246 1000 2306 tunc
1022 2244 1133 2328 libera,
1161 2248 1240 2310 tunc
1261 2248 1413 2329 provecta

148 2343 303 2426 consistit,
333 2344 360 2408 si
383 2344 489 2427 potius
512 2342 572 2409 hoc
594 2349 763 2429 praesente
786 2345 949 2428 propriam
971 2349 1082 2410 teneat
1108 2347 1178 2412 sine
1200 2346 1266 2411 ulla
1288 2350 1410 2431 pertur-

148 2445 273 2511 batione
294 2468 488 2512 mensuram.

228 2549 281 2612 ll.
326 2547 386 2613 Sed
410 2548 536 2613 dicatur
556 2549 694 2613 forsitan
716 2549 755 2614 de
777 2550 999 2614 Alexandrino
1021 2553 1054 2615 61
1075 2552 1290 2636 Antiocheno,
1316 2552 1411 2618 certis

149 2670 185 2713 ex
204 2650 309 2714 causis
331 2651 511 2735 principem
531 2651 635 2736 magis
657 2651 712 2715 illa
734 2674 815 2736 quac
837 2656 928 2738 gesta
951 2656 1036 2735 sunt,
1060 2674 1127 2717 non
1144 2654 1299 2718 Acacium
1320 2677 1410 2739 prae-

150 2752 276 2835 cepisse.
322 2751 384 2817 Sed
419 2754 558 2837 principi
593 2753 776 2819 Christiano
809 2755 961 2819 decuerat
996 2776 1167 2840 suggerere
1201 2757 1408 2840 sacerdotem,

146 2855 282 2920 maxime
305 2855 394 2938 cujus
415 2856 636 2921 familiaritate
659 2861 692 2920 et
712 2857 822 2920 favore
842 2856 1019 2938 fruebatur,
1047 2857 1169 2920 salvam
1190 2857 1259 2921 fore
1281 2857 1321 2921 de
1342 2858 1410 2942 ejus

147 2955 262 3040 11111111
285 2957 540 3042 contumeliaque
562 2958 754 3041 vindictam,
783 2962 911 3023 tantum
932 2962 970 3021 ut
991 2957 1156 3022 Ecclesiae
1178 2958 1298 3023 sineret
1320 2958 1409 3024 chri-

146 3058 269 3124 stianus
290 3059 441 3144 princeps
463 3060 592 3145 regales
615 3060 777 3143 custodiri,
801 3061 877 3144 quie
898 3063 931 3123 et
952 3081 1036 3123 nova
1051 3061 1086 3124 in
1101 3063 1234 3145 utroque
1256 3061 1409 3146 pontifice

147 3183 240 3228 causa
263 3164 347 3226 esset
368 3165 490 3245 exorta,
519 3165 552 3226 61
578 3184 695 3226 novam
717 3161 946 3227 discussionem
972 3165 1201 3246 consequenter
1223 3163 1408 3249 inquireret.

147 3262 188 3328 nt
208 3264 248 3348 si,
272 3264 355 3329 11111
376 3285 501 3349 semper
528 3268 612 3329 esset
633 3262 791 3348 effectum,
821 3264 1012 3329 sacerdotali
1040 3264 1174 3329 concilio
1200 3265 1238 3328 de
1266 3265 1408 3330 sacerdo·

146 3365 229 3432 tibus
247 3365 371 3451 judicia
392 3367 608 3451 provenirent,
638 3389 703 3430 non
733 3388 752 3430 a
779 3366 935 3431 saeculari
963 3366 1147 3431 viderentur
1174 3368 1409 3453 qualescunque

146 3469 323 3552 pontifices,
358 3469 418 3533 etsi
440 3491 545 3534 errore
567 3468 751 3533 humanitus
774 3471 957 3553 accedente,
990 3491 1056 3533 non
1078 3472 1188 3534 tamen
1210 3472 1322 3534 contra
1337 3469 1408 3535 reli-
1498 3465 1536 3489 ”

146 3572 275 3656 g'onem
296 3571 456 3637 ullatenus
478 3571 679 3656 excedentes,
708 3573 867 3655 potestate
894 3570 1035 3656 percelli.
1080 3571 1135 3635 An
1157 3575 1189 3635 et
1215 3569 1295 3636 haec
1317 3572 1409 3656 justa

146 3675 270 3740 ratione
300 3673 439 3758 principi
471 3674 674 3760 suggerenda
700 3696 767 3738 non
800 3672 915 3738 erant?
958 3672 1082 3758 Regiae
1115 3673 1255 3739 civitatis
1288 3674 1409 3739 honore

146 3775 290 3841 sublimis
312 3776 340 3840 si
360 3777 467 3841 factus
489 3781 559 3841 erat
585 3776 642 3840 illa
663 3776 753 3862 regia
776 3776 906 3841 civitate
928 3775 1103 3859 sublimior,
1132 3778 1225 3840 tanto
1247 3776 1352 3861 magis
1373 3778 1408 3840 in

147 3877 194 3944 his
215 3879 426 3964 suggerendis
448 3879 559 3943 debuit
579 3900 647 3942 esse
677 3878 884 3942 constantior.
930 3877 964 3942 Si
986 3881 1093 3942 autern
1113 3877 1148 3942 in
1162 3877 1225 3963 his,
1247 3900 1330 3962 quae
1351 3901 1409 3963 pro

147 3979 301 4066 religione
328 3982 459 4048 fuerant
481 3981 664 4065 exserenda,
694 3981 818 4045 exstitit
840 3980 1089 4065 contemptibilis
1111 3982 1208 4064 atque
1229 3980 1407 4064 despectus,

148 4087 179 4148 61
199 4087 256 4148 aut
278 4085 387 4169 segnia
410 4087 466 4148 aut
486 4084 635 4148 fiduciam
650 4105 716 4147 nou
736 4082 858 4146 habens
879 4081 1062 4166 intimandi,
1086 4083 1198 4166 inquo
1214 4082 1408 4166 perregiam

148 4185 311 4252 civitatem
331 4187 435 4271 major
456 4186 586 4250 effectus
609 4186 683 4250 est?
704 4183 838 4250 Nathan
859 4183 1017 4269 propheta
1038 4183 1147 4269 palam
1168 4183 1357 4268 publiceque
1372 4183 1407 4246 in

147 4287 228 4353 facie
260 4289 331 4374 regi
358 4288 463 4353 David
500 4292 534 4352 et
566 4288 768 4353 commissum
796 4286 1017 4370 pronuntiavit
1050 4306 1205 4368 errorem,
1245 4288 1277 4348 61
1303 4285 1408 4368 ipsum

147 4391 341 4456 commisisse
362 4413 429 4456 non
450 4391 562 4475 tacuit,
586 4395 619 4455 et
641 4389 839 4455 confessione
862 4391 1039 4452 correctum
1055 4389 1286 4472 consequenter
1307 4385 1408 4449 absol·

147 4495 202 4558 vit.
247 4492 312 4559 Hic
344 4497 451 4557 autem
478 4493 651 4557 virbonus
678 4495 711 4557 61
737 4491 883 4555 sacerdos
911 4490 1060 4575 egregius
1098 4491 1132 4556 in
1160 4492 1287 4553 tantum
1314 4509 1348 4551 se
1376 4490 1410 4551 61

146 4617 319 4683 suggerere
340 4596 481 4680 potuisse
502 4595 693 4659 monstravit
721 4598 753 4657 et
774 4592 912 4657 noluisse
934 4592 1141 4679 deprompsit,
1173 4593 1270 4655 immo
1291 4589 1408 4653 favisse

146 4700 312 4783 patefecit,
338 4702 375 4763 ut
397 4702 430 4762 et
455 4699 629 4782 imperator
657 4701 773 4762 cuncta
800 4718 834 4760 se
862 4696 991 4780 exejus
1019 4695 1155 4781 gessisse
1183 4692 1315 4757 consilio
1342 4712 1407 4756 non

146 4807 278 4885 taceret,
302 4805 335 4865 et
356 4801 424 4885 ipse
446 4800 670 4884 imperatorem
692 4799 820 4884 magnis
842 4799 1021 4882 praeconiis
1043 4798 1182 4862 elevaret
1204 4796 1267 4859 ista
1288 4793 1409 4859 facien-

145 4909 223 4990 tem,
251 4926 382 4993 seseque
404 4903 552 4988 proderet
574 4903 623 4968 his
645 4902 779 4987 agendis
801 4902 895 4967 rebus
915 4901 1015 4967 fuisse
1036 4899 1235 4984 participem.

1141 5001 1208 5066 27*
