3412 5664
685 344 884 395 nersronnu
910 334 1066 395 124125.
1448 337 1509 401 119

212 524 369 564 excusum
382 515 408 564 et
424 508 533 564 aiusto
549 505 700 564 Fontanino
716 509 840 583 antiquit.
859 507 935 564 ilort.
952 526 1015 583 pag.
1025 509 1086 566 317
1102 526 1236 573 recusum,
1252 511 1308 567 sive
1324 511 1508 586 Urgeilensem

216 593 528 669 :saepenominato
544 594 616 650 notis
632 592 827 650 lustrationum
843 610 905 669 pag.
920 593 981 650 444
997 603 1181 658 111001000111111,
1197 612 1245 651 seu
1262 596 1444 654 Golbertinum
1461 616 1509 654 uo·

218 681 381 737 obsianos
402 678 480 736 nobis
496 680 681 754 recognitum,
705 681 750 754 qui
771 679 909 738 decretum
930 696 1048 753 sequens
1070 679 1228 736 ilormisdne
1249 681 1417 746 adscribunt,
1447 701 1507 740 cum

219 766 294 823 aliis
320 765 399 842 louge
419 764 556 840 muribus.
583 767 629 839 qul
650 764 788 821 decretum
813 766 899 822 simile
920 764 1026 822 Gelasio
1054 766 1217 829 attribuunt.
1244 768 1350 824 minime
1371 786 1507 844 puguare;

219 852 299 926 quia
335 852 453 908 nimirum
487 852 534 925 qui
567 850 726 907 ilornrisdae
760 868 858 908 nomen
890 867 954 925 prae
987 868 1017 907 se
1049 851 1139 908 lerunt
1172 852 1300 926 quaedam
1332 853 1432 910 liabent
1463 855 1507 911 ad·
1534 883 1539 900 ·

219 939 338 998 mixta,
357 953 424 1012 quae
444 953 459 992 a
481 934 592 993 decreto
613 936 754 993 Gelasiano
775 936 885 999 absunt,
908 953 1030 1011 quaeque
1051 955 1133 1011 quum
1155 940 1181 993 in
1203 946 1315 995 aetatem
1337 939 1433 995 Gelasii
1454 957 1507 996 non

218 1024 406 1086 conueniant,
423 1031 487 1097 apte
501 1031 657 1097 congruunt
674 1021 831 1078 ilormisdae
847 1020 1021 1097 temporibus.
1053 1022 1081 1079 ln
1097 1023 1139 1079 bis
1155 1031 1196 1079 cst
1211 1023 1506 1100 Constantinopolitana

218 1107 367 1184 synodum.
388 1108 500 1184 quaein
517 1109 577 1164 unls
593 1107 750 1165 iiormisdae
766 1106 972 1183 exemplaribus,
993 1107 1148 1182 denrigiano
1172 1118 1284 1184 excepto
1300 1118 1346 1166 aut
1361 1111 1432 1167 sorte
1447 1127 1506 1185 per·

216 1196 333 1270 paucis
346 1194 402 1251 allis
418 1192 615 1250 recentioribus
629 1195 657 1249 in
673 1186 771 1267 quilius
791 1193 818 1249 id
834 1194 921 1267 ipsum
943 1210 974 1249 er
992 1193 1147 1270 liormisdae
1163 1194 1358 1270 exemplaribus
1373 1196 1506 1269 adjectum

212 1282 278 1343 sit,
295 1279 459 1336 comitibus
475 1279 534 1335 aliis
550 1279 701 1353 recipienda
717 1280 888 1353 praecipitur.
926 1279 1033 1335 Certum
1054 1280 1126 1335 enim
1141 1287 1182 1336 cst
1197 1288 1254 1336 tum
1270 1297 1302 1335 ex
1319 1281 1433 1338 concilio
1450 1281 1506 1337 Gai·
1607 1323 1613 1341 t

211 1365 402 1422 cbedooensi
417 1372 469 1422 act.
487 1365 527 1422 16
543 1373 601 1421 tum
616 1381 648 1421 01
664 1363 761 1420 Leonis
777 1364 891 1439 epistola
908 1365 967 1422 106
984 1383 1007 1421 c.
1021 1365 1039 1421 5
1063 1373 1090 1420 et
1112 1365 1178 1427 aliis,
1201 1364 1299 1421 Leonis
1319 1368 1403 1440 ipsius
1419 1374 1507 1424 aetate

210 1451 398 1527 praedictam
411 1449 547 1525 synodum
563 1468 578 1505 a
593 1449 710 1507 Romana
722 1449 833 1506 ecclesia
847 1449 967 1505 nondum
982 1451 1053 1506 inter
1068 1452 1251 1507 oecumenicas
1265 1461 1398 1526 receptam
1412 1454 1505 1509 luisse.

210 1537 288 1593 Nec
313 1536 396 1594 ullum
417 1534 546 1592 babemus
564 1535 705 1607 judicium,
727 1552 781 1609 quo
803 1534 900 1591 deinde
920 1541 967 1591 out
982 1553 995 1590 a
1011 1535 1116 1591 Gelasio
1139 1544 1185 1591 aut
1201 1554 1214 1591 a
1231 1536 1418 1594 decessoribus
1433 1538 1505 1595 illins

209 1620 410 1696 approbatam
430 1638 490 1678 esse
512 1624 670 1678 sentiamus.
700 1621 784 1676 immo
804 1621 881 1695 plura
902 1628 1052 1695 suppetunt
1073 1629 1239 1695 argumenta,
1262 1622 1360 1697 quibus
1375 1641 1422 1679 eos
1439 1624 1505 1680 lianc

207 1706 457 1782 approbationem
483 1705 621 1764 distulisse
642 1706 805 1778 judicemus.
844 1707 878 1761 tt
904 1723 968 1762 roro
989 1705 1146 1762 Hormisdae
1171 1723 1235 1763 aero
1252 1708 1317 1764 nibil
1338 1709 1505 1770 sollemnius.

208 1809 321 1868 quam
343 1794 369 1850 in
389 1801 508 1868 quatuor
526 1791 647 1867 synodos
672 1790 773 1863 jurare.
817 1791 870 1847 lias
897 1809 927 1848 se
953 1793 1031 1865 sequi
1057 1791 1200 1848 Dioscorus
1222 1791 1378 1850 liorurisdae
1399 1795 1506 1869 legatus

208 1879 321 1952 epist.
336 1878 372 1936 98
393 1877 450 1936 md
474 1877 632 1952 profitetur:
656 1878 772 1952 idipsum
793 1875 958 1952 profitentur
979 1885 1007 1933 et
1026 1878 1109 1933 ceteri
1130 1876 1250 1949 ejusdem
1272 1878 1353 1953 legati
1368 1881 1447 1952 epist.
1466 1881 1504 1937 76

213 1980 256 2018 u.
277 1962 321 2026 4:
347 1963 484 2020 liormisda
509 1964 569 2039 ipse
595 1965 675 2038 epist.
692 1962 734 2021 80
756 1963 819 2019 112
852 1962 981 2018 lobannis
1010 1962 1300 2037 Constantinopolitani
1330 1966 1449 2039 episcopi
1479 1966 1505 2021 iu

213 2050 371 2121 epictet
393 2049 602 2113 contessionem.
626 2065 678 2124 qua
697 2049 762 2104 item
784 2057 901 2123 qrratuor
920 2048 1017 2122 synodi
1038 2047 1255 2121 comprobantur,
1279 2056 1417 2122 gratanter
1432 2067 1505 2106 acce·

218 2134 315 2205 pisse
329 2152 357 2192 se
368 2132 512 2209 signifieat.
539 2134 670 2191 blittimus
685 2141 713 2190 et
726 2133 871 2190 iustiniani
886 2134 965 2207 epist.
984 2133 1023 2191 78
1039 2132 1244 2207 professionem,
1262 2151 1314 2208 qua
1330 2144 1447 2209 quatuor
1462 2153 1505 2190 re·

223 2218 370 2277 neralailes
383 2218 479 2295 synodi
500 2221 639 2295 conceptis
663 2217 751 2275 verbis
772 2218 928 2281 laudantur:
951 2219 1065 2275 subinde
1086 2219 1164 2275 etiam
1186 2219 1229 2275 alii
1250 2222 1348 2276 summi
1363 2220 1504 2295 pontifices

226 2300 416 2368 tounnnu
439 2305 563 2381 vigilius,
583 2305 709 2381 Pelagius
725 2303 754 2367 11,
778 2304 926 2380 Gregorius
950 2304 1274 2378 Constantinopolitanam
1295 2305 1428 2380 synodum
1451 2323 1504 2362 nou

234 2402 325 2445 000110
341 2406 367 2448 ae
384 2400 439 2448 uos
461 2391 525 2448 alias
541 2399 701 2448 veneranter
721 2408 736 2445 a
754 2407 785 2446 se
800 2392 900 2466 suscipi
920 2390 1065 2447 contestati
1087 2397 1161 2446 sunt.
1192 2390 1321 2446 Nimirum
1337 2408 1419 2466 quum
1436 2391 1505 2448 Gon·

238 2477 491 2552 alantiuopolitanus
507 2478 621 2534 antistes
636 2476 735 2550 aliique
750 2475 851 2538 Graeci,
873 2478 918 2549 qui
935 2475 967 2531 ab
982 2475 1147 2551 apostolicae
1162 2475 1233 2532 sedis
1249 2480 1389 2534 consortio
1404 2459 1505 2534 1111000-

243 2564 373 2623 mutel
388 2561 494 2619 tandem
510 2579 607 2638 pmcne
621 2562 784 2637 coepissent,
806 2563 857 2618 boc
875 2563 955 2618 etiam
971 2562 1009 2618 eis
1027 2560 1165 2617 Hormisda
1181 2560 1376 2637 intlulgendum
1393 2564 1504 2637 putavit,

248 2651 270 2696 tl
283 2643 602 2722 Comuntiuopolitanam
617 2649 644 2705 in
665 2649 706 2710 iis,
728 2663 797 2721 quae
818 2645 850 2703 ad
866 2646 945 2703 tidem
961 2648 1085 2709 attinent.
1107 2647 1240 2722 reciperet
1260 2648 1396 2722 synodum
1417 2665 1505 2722 eoque

248 2737 327 2797 rte-to
339 2734 431 2791 animes
451 2733 560 2790 illorum
581 2735 667 2808 magis
688 2749 719 2788 ac
733 2735 819 2808 magis
837 2731 1011 2789 demulceret.
1043 2734 1131 2800 Quum
1151 2734 1239 2808 igitur.
1256 2733 1388 2790 Gelasiani
1404 2733 1505 2790 decreti

249 2810 398 2875 humanu
411 2836 473 2877 sese
489 2817 634 2877 obtulisset
655 2819 769 2880 occasio.
792 2818 860 2875 lianc
880 2817 1012 2893 synodum
1035 2816 1121 2874 tribus
1142 2818 1200 2874 aliis
1216 2820 1395 2876 oecumenicis
1411 2818 1504 2891 adjun-

247 2912 311 2968 ttre
328 2920 372 2960 non
385 2903 524 2963 dubitarit.

332 3004 355 3062 1.
381 3004 425 3064 ills
440 3007 540 3080 adjecit
550 3015 578 3064 et
592 3006 668 3071 illud,
685 3006 758 3080 quod
775 3007 876 3080 pariter
890 3023 904 3060 a
920 3005 1064 3061 Gelasianis
1081 3005 1277 3080 exemplaribus
1293 3006 1383 3063 abest:
1405 3006 1504 3064 Sedet

244 3086 336 3158 ripun
348 3101 406 3150 runt
419 3096 546 3152 concilio
563 3113 581 3151 0
594 3096 704 3149 sanetis
713 3093 850 3164 patribus
861 3093 1003 3147 boetenus
1018 3094 1157 3161 instituto,
1171 3094 1367 3164 portisiorum
1379 3099 1505 3166 quotuor

244 3180 434 3236 ocerannum
450 3186 477 3237 01
492 3180 680 3236 custodiendo
696 3185 723 3233 et
738 3178 905 3250 recipiendo
921 3179 1110 3233 decrevimus.
1137 3175 1210 3245 Quae
1227 3175 1304 3232 rerba
1321 3178 1417 3233 imitari
1434 3176 1504 3234 vide·

246 3263 286 3310 tur
306 3264 420 3339 antiquus
435 3267 562 3341 scriptor.
578 3266 624 3338 qui
641 3262 783 3338 Hispanam
800 3279 933 3319 canonum
949 3261 1137 3319 collectionem
1153 3277 1233 3336 saepe
1248 3261 1355 3319 anobis
1371 3260 1502 3320 laudatam

248 3344 351 3403 uetula
362 3358 435 3407 sesto
450 3351 629 3408 concinnavit.
660 3348 688 3404 in
705 3348 764 3420 ejus
781 3349 879 3423 quippe
902 3347 1068 3422 praelatione
1083 3347 1157 3404 istud
1172 3346 1264 3422 legere
1280 3357 1335 3405 est:
1366 3350 1424 3406 Sed
1438 3355 1465 3406 01
1480 3352 1506 3405 si

250 3442 307 3502 yn
325 3440 522 3507 0010000010,
545 3438 731 3511 0000100011·
742 3441 845 3507 potres
861 3435 971 3507 Spiritu
987 3434 1042 3491 Ilei
1065 3436 1147 3506 plenu
1162 3441 1336 3505 sanxerunt,
1357 3443 1423 3508 post
1437 3438 1503 3491 iste·

255 3528 317 3569 m·
329 3528 437 3591 quotuor
451 3525 654 3581 auctoritatem
670 3523 746 3578 omni
763 3527 881 3577 manent
901 3520 1028 3576 stabilito
1052 3523 1156 3594 ripere.
1188 3517 1220 3575 Et
1236 3520 1303 3576 lianc
1319 3518 1428 3595 quidem
1443 3536 1504 3577 sen·

260 3598 354 3661 tflllau
365 3605 479 3664 bidoms
495 3607 662 3682 Hispalensis
677 3607 829 3680 episcopus.
846 3622 925 3679 quem
941 3604 1021 3680 paulo
1037 3613 1100 3679 post
1115 3604 1187 3661 bunc
1201 3607 1363 3680 scriptorem
1378 3604 1504 3662 lloruisse

265 3677 402 3755 fflbauur.
417 3695 488 3769 on'g.
506 3692 552 3750 lib.
569 3692 602 3747 tt
616 3709 641 3748 e.
661 3690 698 3748 15
715 3691 866 3765 exscripsit.
889 3689 980 3746 Eidem
1000 3692 1128 3765 episcopo
1144 3689 1186 3746 rel
1201 3690 1274 3748 istud
1290 3691 1447 3747 liormisdae
1463 3691 1503 3747 vel

268 3775 328 3825 Μ
345 3778 496 3849 marum
512 3778 609 3836 Gelasii
630 3777 768 3833 decretum
783 3778 909 3850 ignotum
925 3793 979 3832 non
995 3775 1089 3839 luisse,
1112 3775 1138 3831 id
1154 3775 1228 3850 quod
1244 3775 1278 3832 de
1292 3775 1396 3833 Probae
1411 3774 1504 3832 Falco·

272 3849 442 3933 &lepusculo
462 3864 509 3922 lib.
526 3863 560 3920 de
576 3864 639 3920 viris
661 3861 700 3918 ill.
721 3882 745 3917 0.
762 3862 781 3918 b
796 3861 890 3918 scribit
904 3861 1003 3918 indicio
1019 3869 1070 3917 est.
1099 3860 1180 3918 Valde
1195 3870 1283 3917 autem
1300 3861 1437 3937 probabile
1453 3869 1503 3924 est,

271 3935 442 4007 ’illimatum
463 3949 531 4007 illud
546 3948 579 4004 ab
595 3946 735 4005 Hormisda
752 3948 881 4022 imprimis
897 3956 1010 4022 propter
1024 3946 1167 4021 synodum,
1183 3949 1225 4003 cui
1242 3946 1361 4004 Gelasius
1378 3945 1502 4022 praeluit,

272 4020 373 4093 dietum
390 4051 462 4099 010ος
490 4044 522 4093 ut
542 4033 616 4109 quod
636 4034 682 4091 iila
697 4031 817 4108 synodus
833 4032 952 4089 decrevit
977 4039 1059 4090 certo
1079 4034 1218 4091 librorum
1233 4036 1318 4089 etium
1334 4041 1459 4091 ueterum
1475 4035 1503 4088 in

270 4120 436 4177 0101011101οω
450 4123 619 4204 recipiendo
630 4122 806 4194 praefigens.
824 4117 1046 4194 quemadmodum
1062 4118 1184 4192 loquitur
1198 4120 1226 4175 in
1242 4118 1356 4194 epistola
1370 4119 1503 4193 superiori
1600 4153 1615 4165 -

269 4214 292 4255 ι
304 4196 328 4260 l.
343 4202 385 4263 boe
399 4206 510 4281 Spiritu
526 4213 628 4264 sancto
642 4209 802 4263 instruente
818 4205 991 4261 constituisse
1007 4202 1214 4280 intelligeretur.

333 4322 356 4379 3.
382 4325 499 4383 Tertium
513 4298 661 4402 praeterea,
677 4341 733 4401 quo
746 4324 902 4381 llormisdac
918 4324 1056 4381 decretum
1071 4342 1085 4380 a
1101 4323 1240 4380 Gelaslano
1252 4324 1395 4400 discrepat,
1412 4324 1504 4379 discri-

260 4422 315 4466 men
327 4407 494 4469 1100101000.
529 4411 631 4487 Nempe
646 4413 673 4469 iu
689 4413 882 4488 scripturarum
897 4410 1022 4486 catalogo
1039 4428 1053 4466 e
1069 4408 1155 4466 tribus
1170 4409 1299 4467 iohannis
1315 4409 1437 4484 epistolis
1453 4407 1503 4464 Ge·

253 4495 328 4555 tntu
340 4494 377 4553 101
390 4498 479 4572 potius
495 4496 631 4560 Damasus.
652 4498 740 4554 011100
756 4495 863 4572 quidem
879 4495 980 4553 decreti
996 4512 1057 4571 pars
1073 4494 1256 4559 adscribenda,
1277 4512 1356 4552 unam
1373 4496 1502 4567 apostoli,

248 4584 314 4641 aun
326 4581 382 4637 allas
395 4584 516 4642 ulterius
525 4585 668 4642 lobannis
679 4585 853 4658 presbyteri,
871 4581 1012 4639 ilormisda
1028 4597 1091 4639 vero
1107 4583 1186 4638 unius
1201 4581 1376 4655 ejusdemquo
1388 4578 1503 4656 apostoli

244 4666 341 4730 notun
355 4686 405 4725 uon
420 4686 480 4727 esse
496 4671 611 4728 censuit.
643 4669 735 4743 licque
756 4670 852 4725 mirum
874 4668 958 4724 1111011
974 4668 1063 4734 debet,
1077 4667 1215 4725 Damasum
1231 4667 1395 4741 Hieronymi,
1417 4667 1460 4722 rui
1476 4666 1502 4722 in

239 4754 337 4814 ceteris
351 4753 492 4828 plurimum
507 4754 604 4819 defert,
625 4764 748 4813 secutum
764 4772 824 4811 csse
840 4755 1003 4829 opinionem.
1020 4763 1048 4811 ct
1063 4752 1231 4810 llormisdam
1246 4752 1396 4810 innocentii
1412 4751 1503 4808 deces-

238 4840 373 4902 00110111,
394 4840 471 4913 cuius
486 4844 599 4899 maxima
613 4849 655 4898 cst
670 4843 696 4898 in
712 4841 825 4898 ecelesia
840 4840 995 4905 auctoritas,
1017 4848 1098 4916 atque
1115 4840 1241 4896 atrorum
1257 4855 1287 4895 ea
1302 4836 1335 4895 de
1351 4855 1380 4895 re
1395 4845 1504 4895 senten·

235 4934 302 4991 tiam
316 4941 461 4985 manase.
