3412 5664
671 121 865 171 seraranan
888 107 1034 169 44-46,
1417 74 1484 170 ‘835
1520 105 1523 119 '

206 277 421 362 impositum,
450 297 514 361 qua
535 274 659 339 ratione
682 275 799 340 electos
821 297 877 340 vos
900 274 1026 339 coelesti
1051 276 1179 338 constat
1200 295 1268 338 csse
1286 272 1408 358 judicio
1435 284 1612 350 salama.)

213 378 359 444 cundum
388 378 567 463 apostolum
589 377 764 443 dicentem:
787 381 855 443 Non
869 389 915 443 est
931 388 1066 458 potestus
1079 382 1171 441 nisio
1186 381 1267 450 Dea·
1288 398 1366 456 quoe
1387 388 1484 442 aaroni
1498 352 1576 473 {3⁰}

207 493 297 559 sant,
323 503 343 545 o
365 486 429 546 Deo
451 486 613 545 ordinatae
633 491 712 544 sant.
759 478 919 563 Superest,
942 483 980 543 ut
1002 501 1020 542 a
1042 477 1111 542 Deo
1134 477 1238 561 electi,
1262 478 1345 543 sicut
1367 484 1400 543 et
1421 501 1485 544 cre·
1533 462 1538 486 ’

212 582 335 667 dimus,
357 582 533 666 Ecclesiae,
557 604 653 666 quam
675 581 820 646 laborare
844 581 985 664 cernitis,
1011 603 1124 644 manus
1138 583 1263 644 vestrae
1279 581 1394 645 solatia
1416 603 1486 665 por-

211 685 346 772 rigatis.
392 683 524 752 Cessent
546 684 600 769 qui
628 684 700 768 paci
724 685 791 768 ejus
814 683 990 766 obsistunt,
1021 680 1219 769 quiescant4)
1247 682 1301 767 qui
1327 682 1363 747 in
1383 668 1487 747 fornia

212 789 386 874 pastorum
409 790 567 852 conantur
595 808 726 872 gregem
749 785 869 852 (lhristi
898 785 1130 872 dispergere⁵)l
1174 784 1312 850 Istomm
1334 786 1488 850 comestio

215 890 306 955 vires
328 890 424 955 vestri
446 889 555 953 firmat
582 888 724 973 imperii3
757 889 832 973 quia
854 887 909 951 ubi
931 887 1017 951 Deus
1044 890 1131 952 recte
1155 886 1282 971 colitur,
1313 886 1488 952 adversitas

215 1014 288 1058 non
310 992 443 1058 habebit
461 993 617 1056 effectum.
655 990 750 1055 Hanc
772 988 998 1076 gratulationis
1020 989 1173 1075 paginam
1195 1011 1252 1074 per
1270 989 1487 1054 Alexandrum

219 1095 328 1159 virum
351 1093 558 1160 clarissimum
586 1115 652 1157 non
675 1092 838 1157 omisimus
860 1092 1037 1176 destinare,
1067 1099 1234 1177 sperantes
1258 1114 1328 1156 cum
1350 1091 1411 1156 Dei
1434 1113 1489 1155 no-

221 1196 281 1260 stri
306 1196 465 1280 adjutorio
486 1218 544 1281 per
560 1196 694 1260 Gratum
717 1195 820 1258 virum
843 1195 1052 1259 clarissimum
1074 1195 1176 1258 filium
1198 1196 1342 1258 nostrum
1364 1195 1402 1258 dc
1425 1195 1488 1258 sin-

223 1298 319 1384 gulis,
343 1320 424 1383 quae
447 1297 487 1361 ad
510 1297 667 1362 unitatem
689 1296 853 1362 Ecclesiae
876 1298 1049 1383 pertinent,
1073 1320 1131 1362 nos
1156 1295 1343 1361 clementiae
1366 1300 1490 1361 vestrae

223 1400 425 1484 praebituros
447 1421 516 1465 essa
542 1422 739 1484 responsum.

728 1587 910 1691 Epistola
934 1587 995 1672 46.

404 1741 616 1808 Hormisdou
638 1758 749 1825 papae
770 1739 814 1806 nd
836 1739 1022 1808 lustinum
1045 1740 1312 1823 imperatorem.

185 1898 209 1934 r.
263 1881 311 1940 Ut,
336 1898 399 1947 quoe
419 1898 470 1947 pro
487 1880 556 1946 'pace
577 1883 707 1931 Ecclesiae
729 1884 870 1947 imperator
891 1882 998 1945 incepit,
1018 1881 1150 1945 perficiat,
1177 1887 1307 1945 precetur.
1344 1878 1410 1941 Quia
1426 1880 1458 1929 et
1549 1945 1550 1949 Ἰ

261 1968 390 2031 episcopis
407 1968 442 2017 ud
458 1968 578 2016 unitatem
597 1967 735 2032 propensis
756 1968 899 2030 faciendum
921 1968 967 2024 stt,
990 1981 1018 2016 se
1040 1972 1066 2015 et
1087 1967 1180 2016 litteris
1203 1973 1227 2016 et
1250 1966 1354 2029 adjecto
1376 1964 1458 2015 libello

424 2053 575 2117 exposuisse
592 2053 718 2104 declarat.
752 2052 848 2101 destini
864 2053 896 2101 de
916 2052 995 2101 Grato
1007 2052 1132 2113 judiciam
1149 2054 1286 2115 confirmat.

380 2182 592 2248 Hormisda
613 2183 777 2248 Justino
799 2184 993 2269 Augusto.

316 2305 482 2387 Sumptam
510 2303 548 2367 de
574 2303 701 2386 imperii
728 2303 826 2367 vestri
848 2307 920 2368 ortu
941 2302 1116 2385 laetitiam,
1150 2305 1293 2388 quamvis
1323 2303 1407 2389 apud
1434 2326 1493 2369 nos

227 2405 404 2492 pallentem
433 2406 548 2469 merito
580 2405 802 2489 praecedenti,
830 2426 954 2490 quoque
987 2405 1175 2490 geminastis
1208 2405 1356 2492 alloquio.
1401 2406 1600 2483 Reci-epsa

229 2529 328 2592 proca
349 2505 518 2572 devotione
539 2507 666 2590 testati,
692 2507 761 2592 jam
783 2511 861 2571 tunc
884 2512 1031 2571 secutura
1052 2507 1281 2591 praevidimus,
1305 2532 1385 2594 quae
1407 2532 1494 2575 nunc

229 2610 269 2674 de
291 2608 527 2674 ecclesiasticae
553 2609 688 2673 unitatis
711 2609 826 2673 affectu
849 2609 993 2683 coelestis
1016 2609 1140 2695 gratiae
1162 2609 1372 2694 inspiratione
1395 2611 1494 2696 signi-

229 2710 362 2776 ficastis.
407 2710 515 2776 Habes
538 2733 624 2796 ergo,
650 2711 894 2776 clementissime
922 2712 1110 2794 imperator,
1140 2715 1341 2795 praesentem
1370 2713 1408 2776 de
1436 2712 1494 2776 tali

231 2813 394 2897 sotejam
415 2812 565 2897 gloriam,
595 2813 650 2877 sed
673 2815 856 2897 exspecta)
885 2813 923 2877 de
945 2814 1140 2898 perfectione
1161 2818 1359 2900 perpetuam.
1405 2813 1495 2878 Haec

231 2919 308 2980 sunt
329 2915 525 2980 validissima
548 2914 673 2998 imperii
695 2915 794 2979 vestri
815 2915 1041 2999 fundamenta,
1071 2938 1152 3000 quae
1179 2918 1214 2981 in
1241 2916 1310 3001 ipso
1332 2915 1495 2981 nascentis

231 3017 327 3103 regni
360 3017 519 3102 principio
552 3017 692 3081 divinam
726 3016 883 3081 universis
919 3017 1105 3100 praefemnt
1139 3022 1252 3083 sancta
1289 3019 1495 3103 dispositione

233 3119 402 3184 culturam.
447 3118 568 3195 Tenete
589 3118 697 3204 itaque
719 3118 804 3183 hanc
826 3118 897 3202 piae
919 3118 1141 3184 sollicitudinis
1164 3143 1288 3205 curam,
1312 3124 1345 3186 et
1366 3142 1423 3205 pro
1446 3142 1496 3184 ca-

232 3220 425 3286 tholicorum
447 3244 545 3306 pace,
576 3221 658 3285 siout
680 3221 844 3305 coepistis,
872 3221 1029 3286 insistite:
1066 3223 1140 3306 quia
1168 3221 1256 3287 Deus
1284 3227 1408 3306 noster,
1442 3222 1496 3307 qui

231 3323 323 3388 robis
345 3323 430 3386 hunc
453 3324 567 3388 tribuit
589 3324 741 3407 animum,
765 3324 863 3407 elegit
885 3324 993 3405 etiam,
1016 3345 1074 3407 per
1088 3347 1165 3409 quos
1180 3328 1322 3409 praestet
1338 3326 1495 3389 effectum.

231 3424 319 3490 Nam
347 3428 380 3489 et
407 3426 626 3510 episcoporum
654 3429 727 3490 vcta
754 3447 926 3510 precesque
955 3425 1076 3510 vobis²)
1106 3427 1220 3491 effusas
1242 3430 1410 3511 gratanter
1432 3449 1496 3490 am·
1560 3484 1565 3489 .

231 3526 421 3613 plectimur:
450 3528 503 3611 qui
525 3528 655 3592 tandem
678 3526 739 3592 loci
762 3528 811 3591 sui
835 3526 1088 3591 consideratione
1110 3529 1295 3592 commoniti
1318 3551 1355 3593 ea
1377 3528 1497 3592 deside-

231 3632 320 3711 rant,
344 3649 426 3712 quae
448 3628 566 3693 dudum
587 3633 624 3693 ut
645 3629 734 3713 sequi
755 3628 886 3711 vellent,
911 3627 994 3692 sedis
1016 3630 1209 3712 apostolicae
1232 3630 1410 3696 exhortatio
1433 3652 1498 3694 cre-

231 3731 293 3795 bra
316 3751 383 3794 non
405 3729 516 3794 defuit.
561 3729 605 3795 Et
627 3731 778 3816 quoniam
807 3729 1007 3794 clementiam
1035 3734 1175 3794 vestram
1202 3731 1233 3795 id
1262 3753 1393 3816 cupere,
1428 3730 1499 3795 illos

232 3832 335 3897 etiam
367 3830 447 3896 haec
473 3831 675 3919 didicimus³)
708 3831 885 3916 postulare,
920 3854 1000 3917 quae
1028 3855 1078 3897 res
1106 3831 1261 3898 haetenus
1294 3832 1500 3898 ecclesiarum

235 3957 389 3967 ..-—---

303 4005 326 4071 ⁴)
343 4002 412 4057 bcc
429 4007 610 4059 obmutescent:
632 4003 723 4057 minus
744 4003 824 4057 bene.
864 4002 896 4055 ld
919 4001 992 4056 enim
1015 4002 1059 4057 cst
1075 4002 1239 4058 Hormisdae
1261 4009 1403 4073 quiescant,
1426 4000 1501 4072 quod

233 4099 338 4143 cessent
353 4105 403 4143 seu
418 4094 542 4144 desinunt.

306 4176 328 4243 ⁵)
346 4174 389 4227 lta
406 4173 450 4231 G¹.
477 4174 528 4228 Ed.
548 4181 604 4242 disp
636 4180 748 4228 dere
772 4178 838 4227 Bous
855 4178 976 4227 recolitur
1046 4177 1129 4227 dotet.
1164 4173 1270 4229 Eadem
1286 4189 1375 4244 prope
1393 4172 1502 4226 senten

233 4259 278 4314 aa
295 4257 375 4327 epist.
394 4264 427 4312 47
444 4277 470 4314 n.
492 4266 504 4313 1
524 4277 590 4329 repe
645 4278 659 4313 r
679 4257 721 4313 his
738 4257 842 4313 verbis:
868 4261 916 4312 tta·
934 4263 1001 4313 Deae
1023 4271 1092 4314 recte
1111 4265 1213 4323 colitur,
1238 4278 1360 4328 nunquam
1382 4263 1502 4312 adama·

234 4352 335 4401 riorum
351 4351 444 4400 crescit
460 4349 587 4413 iniqnitas.

235 4437 272 4486 46
309 4432 328 4497 ¹)
346 4429 397 4484 Ed.
415 4440 582 4499 exspectatur
652 4440 785 4498 perpetua.
820 4427 886 4482 Mox
903 4427 921 4481 b
941 4433 1014 4497 repni
1030 4434 1115 4484 vestri.

307 4518 329 4582 ²)
343 4514 366 4567 'b
379 4532 414 4569 cc
431 4519 502 4570 notas
575 4527 663 4569 rainer.
698 4511 788 4582 Magis
805 4511 899 4581 placet
916 4529 978 4566 cum
996 4512 1030 4567 G¹
1044 4516 1070 4568 a¹
1089 4518 1158 4569 notis
1219 4519 1326 4569 eunden.
1356 4511 1413 4566 llas
1431 4508 1504 4565 enim

235 4615 338 4672 preces
356 4600 430 4670 apud
448 4599 586 4654 lustinum
603 4599 692 4669 ipsum
711 4597 810 4652 effusae
828 4613 899 4664 esse,
917 4612 949 4650 ox
968 4597 1087 4667 epistola
1103 4605 1136 4652 42
1154 4598 1248 4668 liquet.

309 4684 331 4755 3)
349 4686 376 4738 a'
394 4688 505 4740 dicimus.
547 4720 553 4730 ·
