3412 5664
316 302 379 368 334
665 284 677 297 ’
793 292 979 363 λ1111111811
1004 314 1118 362 earne

206 487 299 536 ι1493.
315 473 399 538 sules
421 471 484 535 ista
507 469 681 555 negligere,
705 491 795 553 quos,
818 469 903 532 sicut
924 491 943 531 a
965 467 1076 533 multis
1099 468 1289 552 audivimus,
1314 471 1428 533 contra
1447 489 1471 531 u

313 576 422 639 omnia
444 595 555 658 gerere
583 576 616 635 at
643 575 754 636 contra
782 570 992 655 apostolicam
1013 570 1218 655 disciplinam
1246 571 1368 656 passim
1394 591 1471 635 cunc

314 700 401 743 scere
423 675 631 740 manifestum
650 678 717 738 est:
750 696 816 738 non
838 674 972 737 servatis
1000 673 1121 759 regulis
1148 673 1314 755 ordinare,
1343 673 1471 757 licitsqu

314 782 416 844 solum
438 777 612 844 monachos
635 777 810 841 sedetiam
828 776 993 840 ministros
1008 775 1173 841 Ecclesiae
1196 798 1269 840 cum
1292 775 1422 841 feminis
1444 798 1471 839 as

314 885 409 968 griua
432 883 608 971 migraptes
636 902 778 944 remeare
807 900 932 962 rursus,
961 882 994 943 et
1021 880 1062 943 ab
1091 878 1162 943 aliis
1191 879 1350 963 episcopis
1377 879 1412 942 in
1439 900 1471 942 m

313 983 445 1069 provehi
472 983 675 1047 clericalem?
718 981 806 1056 Quae
834 1004 932 1066 quum
958 982 1088 1067 singula
1114 981 1284 1046 toleranda
1310 1003 1379 1046 non
1406 981 1471 1046 sint

313 1089 471 1152 sustineat
492 1089 542 1150 tot
563 1088 596 1148 et
617 1083 697 1147 talia
718 1084 864 1147 facinora
886 1085 1075 1169 perpetrari,
1104 1085 1220 1169 quibus
1242 1083 1463 1169 spectaculum

312 1186 406 1272 libus,
430 1188 563 1253 Judaeis
579 1190 612 1250 et
627 1185 796 1250 haereticis
818 1209 884 1250 non
901 1187 1062 1250 immerito
1084 1188 1287 1270 praebentes,
1311 1188 1347 1252 in
1365 1188 1471 1270 ipsum

315 1292 410 1375 absit,
433 1291 565 1355 tendere
588 1287 734 1352 videatur
749 1288 915 1373 religionis
938 1289 1107 1372 excidium,
1131 1289 1293 1375 digneque
1315 1289 1380 1354 ista
1393 1288 1471 1354 facie

314 1394 478 1479 aptabitur
499 1392 555 1457 illa
582 1392 745 1457 sententia
773 1392 909 1456 dicentis
938 1392 1090 1477 apostoli:
1120 1396 1236 1457 Nomen
1258 1399 1337 1457 num
1366 1397 1425 1457 Dei
1448 1414 1471 1473 p

311 1503 539 1578 blasphematur
561 1501 592 1560 tn
614 1500 775 1574 eentum?

400 1600 448 1663 10.
495 1598 642 1663 Sufficiat
663 1598 765 1683 igitur
787 1598 943 1662 hactenus
965 1598 1064 1663 fuisse
1086 1597 1166 1663 haec
1189 1597 1370 1681 commissa,
1389 1600 1432 1678 ‚et
1458 1619 1471 1661 u

313 1708 402 1768 cetur
430 1701 534 1785 Deus,
564 1700 713 1765 humanis
745 1700 841 1764 rebus
873 1700 1041 1765 sollicitius
1074 1701 1184 1766 divina
1207 1702 1376 1766 curentur!
1420 1696 1471 1762 Nu

312 1806 465 1890 locum²³)
497 1826 626 1889 prorsus
659 1804 805 1867 inveniat
827 1803 993 1887 praefatae
1016 1804 1115 1888 pestis
1143 1808 1297 1887 assertor,
1332 1824 1394 1868 nec
1423 1823 1471 1868 act

312 1930 441 1993 prorsus
463 1906 616 1971 ecclesiae
631 1905 682 1969 vel
704 1928 838 1990 usquam
853 1907 1135 1991 participationem
1158 1906 1337 1972 catholicae
1355 1926 1471 1970 commu

312 2011 468 2094 inveniat,
492 2010 546 2094 qui
569 2009 803 2073 haereticorum
826 2008 949 2074 mavult
970 2010 1119 2095 subsequi
1143 2010 1270 2075 nefaria
1292 2008 1471 2095 profession

313 2113 463 2197 sortium,
492 2110 590 2195 ethi,
616 2134 687 2176 cum
714 2112 830 2196 quibus
852 2115 949 2176 antea
971 2112 1161 2196 probabitur
1183 2113 1316 2178 noxium
1338 2110 1471 2176 miscuis!

313 2216 465 2301 loquium,
489 2216 551 2279 nisi
574 2215 768 2299 resipiscunt
791 2218 824 2279 et
846 2215 887 2278 ab
909 2215 978 2299 ejus
1000 2216 1154 2280 societate
1177 2215 1358 2300 discedunt,
1382 2215 1423 2279 ab
1437 2235 1471 2279 ec

313 2319 394 2382 stico
409 2319 521 2383 remoti
538 2317 678 2401 servitiu,
703 2317 811 2381 debita
818 2317 858 2404 ²⁴)
881 2318 1004 2383 ultione
1018 2319 1214 2404 plectantur,
1238 2341 1302 2405 quo
1323 2318 1471 2383 ceterius

313 2421 512 2485 ministretur
534 2420 723 2504 exemplum.
769 2419 902 2483 Nullum
925 2420 1029 2506 adeat,
1060 2420 1167 2508 neon)
1190 2443 1333 2507 unquam
1355 2417 1471 2506 loquid

312 2527 363 2587 tas
385 2524 461 2588 olim
484 2522 699 2608 blasphemias
724 2524 793 2606 jam
821 2523 955 2589 sinatur.
1000 2523 1148 2589 Discreta
1171 2526 1236 2589 suis
1258 2521 1471 2589 habitationrb

313 2647 420 2690 rorum
443 2631 538 2712 atque
561 2626 763 2709 feminarum,
787 2626 872 2690 sicut
893 2632 1041 2692 sanetum
1059 2627 1259 2712 propositum
1274 2625 1377 2709 decet,
1400 2644 1471 2691 exer

313 2728 544 2814 circumspecta
567 2729 692 2794 devotio
751 2730 871 2794 Contra
901 2751 1060 2795 canonum
1090 2731 1265 2794 constituta
1289 2728 1397 2795 nullus
1424 2726 1464 2793 ad

312 2831 477 2897 siasticum
499 2833 705 2917 permittatur
713 2832 753 2918 26)
776 2833 934 2898 officium:
963 2852 1029 2898 non
1050 2832 1247 2918 ignoraturis
1268 2830 1456 2917 prouinciae

313 2936 466 3021 cujusque
486 2936 673 3019 rectoribus,
702 2957 763 2998 nec
791 2936 829 2998 de
851 2935 1034 3020 praeteritis
1056 2957 1090 3001 se
1114 2936 1241 2999 veniam
1264 2937 1449 3020 reperturos

312 3037 382 3121 bus,
405 3039 432 3102 si
455 3039 606 3123 deinceps
629 3037 900 3103 dissimulaverint
923 3040 1024 3103 vitare
1047 3039 1238 3123 patefactos.
1276 3035 1347 3102 Nec
1368 3056 1471 3103 exous

311 3140 350 3202 de
373 3143 479 3204 cetero
501 3141 700 3226 relinquetur
722 3142 857 3224 occasi0,
881 3142 907 3204 si
930 3146 1003 3226 post
1025 3146 1199 3226 praecepta
1213 3141 1413 3226 praesentia,
1435 3163 1471 3227 qr

312 3240 482 3307 Romulum
509 3243 691 3326 diaconum,
727 3244 816 3327 cujus
844 3243 1018 3308 sollertiam
1027 3245 1067 3331 ²⁷)
1100 3263 1157 3329 pro
1185 3243 1247 3308 fide
1281 3242 1447 3309 catholica

312 3344 466 3429 religione
489 3345 691 3431 vigilantiam
714 3347 896 3431 gratissime
920 3347 1174 3432 comprobamus,
1203 3345 1353 3412 duximus
1383 3346 1471 3413 desti

312 3447 478 3531 quisquam
504 3471 600 3532 super
626 3447 676 3512 his
704 3449 852 3513 omnibus
880 3452 936 3512 aut
964 3454 1165 3534 contemptor
1193 3453 1250 3513 aut
1276 3449 1456 3536 negligens

312 3547 472 3613 hendatur
494 3551 638 3615 antistes.
674 3550 765 3616 Sicut
787 3552 872 3616 enim
896 3552 936 3616 ad
958 3553 1042 3619 sedis
1065 3549 1259 3637 apostolieae
1281 3552 1471 3619 moderamir

310 3650 404 3734 tinet,
429 3653 553 3716 cunetis
575 3653 824 3718 sollicitudinem
839 3655 981 3719 debitam
995 3655 1180 3751 ministrare
1196 3658 1420 3739 congruenter
1438 3676 1471 3721 ee

223 1371 299 1424 Rom.

223 1446 296 1502 2⁶24.

315 3843 618 3853 ——.—.-.--

378 3962 411 4030 ‘³)
429 3961 473 4015 Ita
491 3962 538 4029 (μς
556 3967 619 4017 editi
637 3983 756 4034 nusquam
774 3965 824 4017 1001·
895 3967 1045 4018 inventatur.

378 4046 410 4114 ²⁴)
430 4047 460 4099 ln
478 4048 599 4118 vulgatis
622 4055 720 4105 devota.
756 4046 888 4102 blandum
911 4049 975 4103 inde
998 4050 1102 4127 ortum,
1127 4051 1202 4118 quod
1220 4046 1375 4118 antiquarii
1394 4070 1412 4106 a
1429 4066 1471 4123 prr

311 4147 378 4199 gere
397 4130 512 4185 soleant.
549 4133 592 4186 lta
610 4132 638 4186 in
655 4132 753 4188 Felicis
771 4133 797 4185 Il
812 4133 989 4204 epistolaml
1009 4152 1034 4188 n.
1050 4140 1081 4186 13
1099 4133 1252 4203 irrepserat
1269 4130 1471 4193 destruemus

311 4221 442 4272 deuotione
459 4233 512 4287 pro
531 4222 616 4273 debila
634 4237 720 4288 eorum
737 4225 833 4275 meritis
851 4225 992 4277 deuotione.
1374 4208 1380 4221 ⁰

377 4304 410 4369 ²⁵)
429 4302 472 4356 lta
490 4301 537 4369 G';
560 4303 579 4357 b
599 4324 644 4357 nec
662 4324 763 4374 usquam
786 4310 837 4359 loci
857 4311 992 4361 damnatae
1015 4312 1072 4360 olim
1094 4309 1265 4375 blasphemiae
1281 4310 1341 4372 jars
1361 4313 1471 4365 etnam

310 4388 394 4454 favet,
418 4388 493 4455 quod
512 4387 559 4441 alii
578 4387 645 4442 editi
668 4409 714 4444 nec
732 4412 835 4460 usquam
852 4397 922 4461 loqui
943 4398 1077 4447 domaratus
1096 4393 1147 4445 etc.
1184 4389 1249 4445 Mox
1267 4390 1302 4444 G·
1322 4395 1464 4465 corrupte

310 4493 325 4524 a
343 4479 395 4526 suis
412 4477 608 4527 dubitationibus
682 4489 806 4530 exerceat
823 4483 1014 4546 circumspecta.

377 4560 410 4624 ²⁸)
429 4561 455 4610 οἵ
472 4557 501 4611 in
518 4575 607 4627 marg.
626 4571 810 4627 promoveatur,
836 4576 890 4615 nou
909 4560 1066 4631 spernenda
1084 4561 1252 4631 conjectura.
1291 4560 1422 4619 Dubium
1441 4580 1471 4621 er

310 4644 359 4708 est,
379 4641 444 4709 quin
456 4642 525 4696 illud
537 4643 644 4698 sanciat
656 4644 782 4699 Gelasius
801 4646 931 4701 adversus
944 4664 1001 4715 eos,
1019 4663 1089 4718 quos
1105 4648 1142 4702 ad
1154 4646 1305 4719 peregriua
1316 4646 1471 4719 migrate

310 4727 470 4782 canonicam
488 4728 663 4800 disciplinam
681 4734 712 4784 ab
731 4737 788 4785 aliis
807 4738 936 4803 episeopis
952 4733 982 4786 in
999 4733 1128 4789 militiam
1145 4731 1262 4803 provehi
1279 4731 1446 4791 clericalem
1463 4754 1471 4809 1

309 4820 364 4867 u.9
384 4816 550 4882 conquestus
569 4817 618 4870 est.
655 4814 726 4870 Vide
745 4814 833 4870 Siricii
853 4817 1000 4888 epistolam
1018 4826 1033 4873 6
1052 4838 1077 4874 11.
1091 4826 1114 4873 4.

376 4899 408 4966 ²⁷)
426 4898 445 4953 b
464 4906 623 4956 tolerantium
641 4907 670 4955 et
687 4916 752 4955 mox
770 4918 832 4957 eum
850 4904 912 4959 aliis
930 4904 1012 4960 editis
1030 4910 1144 4976 quisquis
1216 4908 1440 4974 deprehendetur.
