3450 5678
636 117 806 183 srrsrorn
829 109 858 168 5.
1318 107 1379 172 631

115 295 195 360 quae
216 296 276 339 nos
296 273 502 338 vehementer
524 272 705 355 offendunt,
733 273 769 337 in
790 273 1003 339 translatione
1030 274 1184 359 epistolae
1206 276 1265 340 sibi
1289 278 1509 355 satis-(aust.)

114 377 237 442 factum
257 376 357 441 fuisse
379 398 398 440 a
419 375 603 459 supradicto
624 375 770 459 praesule
786 375 952 441 Romanae
966 375 1129 460 ecclesiae,
1153 376 1237 462 quod
1258 377 1383 444 scilicet

113 479 147 544 in
170 478 324 563 epistolae
345 476 558 542 translatione
586 475 869 560 comprobarentur
896 499 1035 561 errores,
1069 479 1172 562 ipsam
1198 499 1274 543 vero
1295 478 1381 544 Lati-

112 595 189 646 nam
216 579 385 664 epistolam
408 578 503 662 juxta
530 578 625 642 fidem
652 581 869 642 trecentorum
902 579 1011 643 decern
1037 582 1071 645 et
1098 582 1170 644 octo
1197 584 1381 646 sanctorum

112 686 241 767 patrum
263 681 382 746 editam
405 680 601 744 constitisse:
624 680 756 763 insuper
777 680 933 764 quaedam
954 681 1065 746 retulit
1087 703 1125 746 ex
1145 704 1283 766 persona
1298 683 1381 766 ejus-

112 783 185 849 dem
207 782 364 848 antistitis
385 781 484 846 fuisse
506 785 653 863 narrata,
683 803 764 865 quae
792 783 832 846 ad
853 782 1122 867 vituperationem
1145 804 1270 868 eorum,
1299 806 1380 869 quae

112 886 146 950 in
168 883 381 950 translatione
409 886 485 948 sunt
506 883 625 965 indita,
656 883 873 966 pertinerent,
904 887 936 948 et
963 886 1003 950 ad
1030 885 1102 949 illos
1125 885 1236 973 *et¹¹)
1265 887 1319 972 qui
1342 874 1431 952 ea*f·
1446 882 1497 930 Μ’·

112 986 317 1071 confringere
339 988 562 1068 tentaverunt,
589 985 629 1049 ad
651 985 903 1050 satisfactionem
925 1007 1000 1051 vero
1022 1007 1147 1071 eorum,
1175 988 1230 1072 qui
1257 992 1379 1074 rectam
1389 949 1488 1012 pendor

111 1089 208 1154 fidem
228 1087 529 1171 immaculatamque
552 1086 709 1152 custodire
731 1108 798 1151 non
818 1088 1000 1172 negligunt.

195 1191 227 1256 5.
273 1187 394 1265 Quibus
424 1189 550 1253 abunde
582 1188 751 1275 sanati¹²),
790 1180 1017 1274 cupientesque
1044 1191 1214 1273 pristinam
1240 1191 1378 1257 redinte

110 1293 198 1378 grari
223 1291 440 1374 concordiam,
469 1289 638 1355 maluimus
661 1290 758 1354 etiam
781 1313 800 1354 a
820 1289 926 1372 vobis,
956 1292 983 1354 si
1006 1313 1081 1355 vera
1103 1295 1181 1356 sunt
1201 1291 1272 1374 illa,
1296 1315 1378 1377 quae

110 1393 270 1459 Photinus
292 1393 460 1477 religiosus
483 1392 635 1456 diaconus
657 1392 750 1456 nobis
772 1392 935 1475 retulerat,
960 1393 1094 1476 edoceri,
1117 1396 1303 1478 vestraeque
1326 1395 1378 1460 de

111 1495 320 1560 sideravimus
342 1504 508 1559 occurrere
523 1493 688 1557 sanctitati
712 1493 798 1558 etde
813 1493 863 1558 his
878 1494 1026 1558 omnibus
1040 1493 1158 1559 habere
1174 1496 1375 1580 colloquium.

109 1595 232 1662 Verum
259 1597 415 1661 sanctitas
444 1600 550 1659 vestra
576 1616 642 1659 non
670 1595 767 1659 semel
796 1595 850 1659 sed
879 1596 990 1660 crebro
1017 1618 1077 1660 nos
1103 1596 1216 1662 docere
1243 1597 1377 1682 dignata

110 1702 168 1782 est,
192 1700 227 1762 in
249 1698 403 1781 epistolae
424 1697 691 1781 interpretatione
707 1718 827 1761 errores
843 1697 1007 1762 intersitas
1022 1719 1088 1762 non
1105 1697 1139 1761 in
1153 1697 1270 1763 Latino
1285 1702 1377 1765 textu

108 1801 208 1865 fnisse
231 1803 411 1883 conceptos.
457 1799 658 1882 Quapropter
679 1797 926 1881 supplicavimus
951 1798 1055 1878 vobis,
1086 1801 1122 1863 ut
1144 1800 1376 1866 confessionem

109 1904 239 1967 nostrae
260 1900 333 1965 fidei
356 1901 540 1982 sumeretis,
569 1922 627 1984 pro
655 1921 717 1983 qua
746 1900 935 1964 venerabilis
958 1900 1111 1965 ecclesiae
1138 1906 1267 1966 nostrae
1289 1901 1375 1988 lega-

109 2005 197 2069 tione
223 2002 460 2088 perfungimur:
498 2023 592 2086 quam
619 2000 713 2064 fidem
743 2001 840 2064 etiam
868 2001 984 2085 ubique
1012 2003 1232 2067 sanctissimus
1255 2003 1375 2069 archie-

108 2106 305 2191 piscopns¹³)
327 2104 505 2186 intimavit,
529 2106 563 2168 et
584 2103 831 2186 approbantium
853 2104 978 2187 accepit
999 2105 1155 2188 rescripta
1176 2107 1372 2170 cunctorum.

108 2206 248 2284 Quodsi
271 2207 530 2271 etiamvestranr
558 2204 632 2268 huic
660 2205 733 2267 fidei
761 2208 907 2268 sanctum
935 2205 1102 2269 ecclesiam
1130 2205 1272 2271 videritis
1300 2230 1374 2272 con-

107 2329 238 2394 gruere,
269 2308 361 2373 nobis
389 2307 537 2370 satisfieri
562 2306 719 2389 jubeatis,
748 2310 785 2370 ut
806 2307 941 2371 sublatis
964 2328 980 2370 e
1003 2307 1106 2370 medio
1128 2308 1304 2390 scandalis,
1333 2310 1373 2373 ad
1454 2344 1456 2347 v

106 2410 279 2496 pristinam
308 2412 376 2473 tam
397 2408 544 2473 Romana
570 2430 664 2493 quam
687 2407 907 2472 Alexandrina
931 2408 1128 2472 venerabiles
1151 2409 1303 2474 ecclesiae
1326 2432 1373 2475 re-

106 2512 206 2577 deant
227 2510 394 2576 unitatem.
1168 2582 1179 2607 ο

192 2614 222 2678 6.
260 2612 355 2678 Hanc
383 2616 490 2678 autem
517 2612 590 2675 fidei
620 2611 854 2676 confessionem
864 2612 902 2696 ¹⁴)
936 2611 1025 2675 vobis
1058 2611 1230 2675 obtulimus
1264 2613 1373 2678 taliter

105 2715 327 2782 continentem
366 2736 404 2778 ex
437 2713 630 2798 evangelicis
666 2712 910 2797 apostolicisque
950 2713 1128 2796 praeconiis
1161 2713 1371 2797 inspiratione

104 2818 217 2883 divina
239 2817 339 2880 solam
361 2837 468 2879 veram
490 2818 673 2898 rectamque
695 2814 805 2896 fidem,
838 2837 933 2897 quam
955 2814 1090 2879 trecenti
1114 2815 1224 2878 decem
1246 2819 1278 2879 et
1300 2821 1371 2881 octo

102 2917 305 2984 venerabiles
320 2920 439 3002 patres,
455 2917 558 3001 quiin
574 2916 719 2980 Nicaena
734 2916 854 2998 synodo
871 2916 1059 3000 congregati
1077 2919 1162 3007 sunt,
1187 2916 1370 2982 ediderunt:

102 3043 203 3108 quarn
224 3022 257 3085 et
278 3019 378 3084 secuti
400 3022 477 3082 sunt
492 3022 619 3082 centum
635 3018 880 3102 quinquaginta,
905 3017 959 3101 qui
974 3017 1014 3079 ad
1034 3017 1145 3080 urbem
1159 3018 1282 3102 regiam
1298 3040 1370 3083 con-

102 3125 264 3189 venerunt
287 3143 384 3206 aeque
407 3120 580 3185 venerandi
608 3119 786 3203 pontifices.
832 3118 926 3182 Hanc
949 3118 1046 3182 etiam
1069 3122 1291 3202 exsequentes,
1316 3124 1370 3205 qui

103 3224 227 3310 Ephesi
256 3223 380 3287 collecti
409 3227 485 3287 sunt
511 3226 635 3306 patrea,
674 3222 883 3302 annueneu)
914 3242 1037 3304 quoque
1066 3220 1148 3284 sedis
1176 3222 1370 3305 apostolicae

104 3348 190 3411 papa
212 3325 414 3389 sanctissimo
437 3324 628 3406 Caelestino,
652 3322 843 3408 sacrilegum
865 3323 1056 3386 damnavere
1078 3320 1272 3405 Nestorium,
1296 3346 1369 3407 poe-

106 3426 181 3492 nam
203 3427 238 3491 in
260 3449 324 3509 eos,
348 3426 401 3510 qui
416 3427 614 3490 tentaverint
628 3425 722 3488 fidem
737 3424 833 3488 ubam
849 3426 999 3506 statuere,
1023 3423 1252 3508 praefigentes:
1275 3447 1368 3509 quem

106 3527 289 3595 Nestorium
321 3550 379 3592 nos
413 3550 536 3613 quoque
571 3527 664 3592 simul
698 3549 769 3591 cum
799 3525 978 3610 Eutychete
1012 3524 1174 3589 contraria
1203 3525 1253 3590 his
1287 3549 1368 3611 quae

110 3671 246 3681 w·—

175 3735 206 3800 ¹¹)
224 3732 270 3787 Ita
288 3732 394 3786 textum
407 3730 440 3783 (3¹
454 3729 633 3793 reddidimus,
651 3728 698 3782 ubi
713 3728 736 3782 si
748 3728 808 3781 loco
821 3741 846 3782 er
863 3730 974 3797 legatur
985 3734 1120 3796 erlqendoa
1137 3728 1181 3782 vel
1194 3729 1260 3796 quid
1271 3730 1368 3798 simile,

108 3813 171 3872 nihil
189 3817 227 3872 nd
243 3815 435 3883 integritatem
454 3815 540 3869 deest.
570 3813 645 3867 Editi
664 3812 796 3867 omittunt
813 3826 839 3867 e!
856 3815 885 3868 et
901 3833 970 3873 vero,
990 3830 1023 3867 ac
1040 3820 1183 3881 confingere
1200 3813 1331 3869 scribunt.

171 3905 202 3971 ¹³)
221 3903 266 3974 Iba
284 3901 327 3956 G'.
363 3900 439 3953 Editi
455 3905 561 3953 servulis.

170 3991 203 4055 ¹³)
220 3987 293 4041 Puta
310 3983 490 4050 Athanasius,
516 3987 546 4037 ut
570 3984 755 4053 Theophanes
777 4001 842 4053 pag.
860 3989 908 4036 207
931 3984 1023 4047 notat,
1048 3984 1233 4051 cognomento
1256 3983 1365 4039 Celites.

85 4059 182 4127 Hunc
193 4071 271 4126 Petri
282 4071 378 4140 Mongi
396 4086 588 4135 successorem,
606 4076 637 4122 ut
646 4085 693 4123 eos
711 4070 758 4137 qni
776 4068 847 4122 inter
865 4085 893 4121 se
913 4067 1084 4121 dissidebant
1101 4065 1301 4132 reconciliaret,
1320 4067 1367 4122 diu

74 4159 275 4224 11lultumque
294 4156 388 4210 sedin
407 4173 515 4209 cassum
532 4155 681 4219 laborasse,
700 4171 732 4207 ac
751 4151 903 4207 decessoris
922 4151 964 4205 sui
975 4152 1063 4207 instar
1075 4152 1292 4207 Calchedonensi
1304 4169 1366 4207 con·
1475 4215 1477 4218 y

68 4229 164 4298 cilio
183 4241 335 4296 anathema
353 4241 453 4295 dixisse
471 4240 606 4309 Evagrins
624 4239 686 4292 libr.
701 4238 739 4292 ΙΙΙ
758 4255 817 4307 cap.
832 4245 864 4291 ‘23
883 4236 972 4290 docet.

171 4329 202 4396 ¹⁸)
220 4325 291 4381 Eam
307 4325 443 4390 videlicet,
462 4341 533 4393 quae
551 4323 579 4376 in
597 4321 714 4376 Zenonis
731 4321 860 4376 henotico
879 4321 1044 4392 explicatur,
1067 4323 1098 4376 nt
1114 4322 1263 4392 ipsummet
1280 4322 1366 4375 heno·

55 4392 187 4468 ti<turin
205 4411 243 4466 ab
261 4410 381 4480 Evagrio
399 4410 447 4464 lib.
460 4410 499 4462 Ill
518 4426 540 4462 c.
556 4415 587 4461 14
605 4407 776 4461 etLiberato
795 4424 816 4460 c.
832 4412 862 4460 18
881 4406 1000 4460 relatum
1018 4424 1079 4461 cum
1097 4406 1195 4461 eadem
1213 4404 1366 4459 conferenti

51 4491 220 4552 patebit,

172 4583 202 4648 ¹³)
222 4579 292 4633 lllud
310 4592 435 4633 annuente
455 4596 541 4646 nsque
560 4582 710 4635 coelestino,
729 4576 803 4643 quod
821 4576 849 4629 in
868 4576 997 4632 henotico
1010 4594 1063 4631 non
1077 4576 1175 4640 exstat,
1193 4573 1267 4627 haud
1281 4574 1364 4629 dubie

49 4657 158 4720 gad
176 4665 278 4721 ratiam
296 4664 369 4719 sedis
387 4664 555 4733 apostolicae
574 4661 741 4732 captandam
759 4661 884 4716 additum
902 4662 952 4715 est.
