3450 5678
344 420 349 430 ,
366 350 428 414 742
806 363 833 411 s.
850 359 1057 410 normania
1079 359 1193 407 arras

258 537 351 585 asra.
365 518 631 585 reverentissimis
639 517 665 602 ²³)
688 515 856 601 episcopis,
880 538 959 599 quos
981 514 1020 578 de
1043 513 1186 579 ecclesiis
1212 513 1271 578 suh
1294 515 1344 579 sui
1366 513 1539 579 sacerdotii
1564 537 1650 579 cura

365 621 549 687 constitutis
579 619 709 683 idoneos
743 621 775 682 et
802 619 976 683 instructos
1004 638 1082 702 erga
1110 615 1321 682 orthodoxam
1349 616 1541 701 religionem
1572 639 1649 682 csse

364 724 548 810 probaverit
556 773 565 806 ,
590 722 629 785 ad
651 721 832 806 praefatam
846 719 1116 784 Heracleotanam
1140 719 1304 784 civitatem
1318 719 1405 783 intra
1423 718 1509 784 diem
1525 718 1648 786 Calen-

365 827 478 891 darum
499 825 659 889 Juliarum
687 823 796 888 venire
824 823 985 908 dignetur.
1029 821 1116 885 Data
1138 821 1168 886 V
1190 821 1257 887 Cal.
1281 821 1430 886 Januarii
1452 820 1649 887 Constanti·

366 927 489 1013 rropoli,
525 926 678 991 Serratoro
700 948 730 988 v.
755 946 783 989 c.
809 924 948 989 consule.
1000 924 1145 1007 Accepta
1172 923 1275 1008 pridie
1303 925 1379 988 Idus
1407 923 1531 1008 lrlajas,
1573 924 1649 989 Flo

365 1030 470 1094 rentio
492 1051 522 1092 v.
547 1050 574 1092 c.
599 1027 738 1091 consule.

881 1176 1065 1281 Epistola
1090 1180 1123 1260 2.

230 1309 354 1437 asfffi·
546 1332 728 1399 Anastasii
751 1331 985 1414 imperatoris
1007 1329 1051 1396 ad
1073 1331 1301 1398 Hormisdam
1325 1350 1464 1415 papam.

402 1476 453 1524 Cur
469 1475 604 1540 pristinum
620 1473 745 1522 silentium
763 1486 828 1520 nuuc
845 1472 994 1520 intermittat
1014 1470 1152 1535 praefatae
1170 1468 1206 1533 (rr.
1218 1472 1255 1531 1),
1284 1472 1448 1522 llomr'sdanr
1466 1481 1557 1535 rapat.
1584 1481 1613 1523 a!
1656 1476 1715 1540 lull

399 1562 435 1610 ad
451 1576 497 1622 ea,
526 1576 591 1625 qaae
609 1563 635 1609 in
653 1559 759 1623 Scythia
775 1565 842 1607 mota
859 1562 918 1606 aunt
935 1563 961 1604 et
977 1563 1087 1620 propter
1104 1571 1169 1622 quac
1187 1558 1316 1606 concilim
1333 1556 1513 1607 celebrandam
1530 1560 1612 1617 diris,

840 1655 869 1690 se
886 1641 1049 1692 mediatorem
1064 1640 1155 1703 faciat.

517 1776 658 1842 Victor
686 1773 947 1855 anastasius,
981 1774 1088 1858 pius,
1125 1774 1240 1856 felix,
1276 1774 1462 1858 inclitus,
1503 1776 1644 1842 trium·

612 1878 770 1962 phator,
794 1897 947 1959 semper
962 1876 1183 1960 AugustuS,
1206 1875 1440 1941 Hormisdae
1462 1881 1643 1945 sanctis·

612 1980 709 2044 simo
731 2000 774 2042 ac
796 1977 1110 2062 religiosissimo
1132 1977 1440 2063 archiepiscopo
1460 1984 1500 2044 et
1515 1983 1642 2067 patri·

615 2079 772 2145 archae.

454 2205 482 2267 l.
517 2200 716 2266 Beatitudini
745 2203 871 2264 vestrae
899 2221 966 2264 non
993 2202 1144 2284 putamus
1166 2198 1330 2284 ignotum,
1362 2200 1445 2285 quod
1475 2224 1535 2286 pro
1563 2206 1639 2267 lem·

366 2305 453 2391 poris
475 2303 630 2390 qualitate
651 2301 845 2387 loquendum
869 2306 964 2387 atque
978 2300 1167 2384 tacendum,
1191 2301 1289 2365 etiam
1310 2302 1438 2367 divinae
1454 2303 1638 2389 Scripturas

367 2407 500 2493 provida
522 2409 572 2470 est
593 2403 810 2469 admonitione
833 2403 1033 2489 dispositum.
1079 2402 1238 2469 Exactum
1260 2404 1394 2489 proinde
1416 2405 1542 2472 silentii
1563 2412 1637 2473 tern-

366 2532 427 2595 pus
449 2509 661 2574 incitamenta
688 2506 781 2570 nobis
812 2506 961 2591 loquendi
992 2507 1166 2588 concessit,
1200 2509 1295 2592 atque
1323 2506 1394 2571 ideo
1422 2514 1637 2594 opportunum

368 2634 436 2677 esse
458 2610 687 2697 perspeximus,
711 2630 793 2693 quae
815 2608 901 2694 apud
922 2631 981 2673 nos
1004 2608 1063 2672 sub
1084 2607 1250 2694 religionis
1266 2608 1372 2692 specie
1388 2616 1636 2694 commoventur,

368 2714 492 2779 auditui
514 2716 620 2777 vestro
643 2712 853 2777 committere.
891 2710 1061 2774 Antehac
1084 2710 1239 2794 siquidem
1255 2709 1374 2775 duritia
1383 2712 1406 2794 ¹)
1429 2733 1553 2797 eorum,
1574 2713 1636 2800 qui·

368 2818 428 2882 bns
450 2816 664 2901 episcopatus,
688 2836 782 2899 quem
805 2836 893 2879 nunc
915 2812 1039 2898 geritis,
1063 2815 1133 2877 erat
1154 2812 1334 2877 sollicitudo
1357 2814 1540 2899 commissa,
1563 2820 1636 2881 teur-

369 2940 481 3003 perare
503 2939 562 2982 nos
585 2940 604 2980 a
626 2915 884 2981 transmittendis
906 2914 1049 2980 faciebat
1070 2914 1223 3000 epistolis.
1259 2914 1355 2981 Nunc
1376 2920 1488 2981 autem
1511 2939 1637 2983 currens

368 3022 406 3085 de
434 3019 524 3084 vobis
552 3019 658 3082 suavis
686 3018 795 3102 opinio
822 3018 863 3082 ad
891 3017 1078 3082 memoriam
1105 3020 1251 3082 nostram
1278 3017 1458 3082 bonitatem
1485 3022 1637 3104 paternae

368 3123 546 3188 affectionis
570 3120 718 3203 adduxit,
742 3124 778 3184 ut
800 3118 856 3183 illa
871 3120 1080 3204 requiramus,
1103 3141 1185 3204 quae
1200 3118 1287 3184 Deus
1309 3123 1342 3184 ct
1359 3119 1509 3185 Salvator
1533 3126 1638 3187 noster

368 3227 497 3290 sanctos
520 3222 681 3308 apostolos
703 3222 811 3287 divino
834 3244 979 3287 sermone
1001 3221 1109 3286 docuit
1131 3243 1169 3286 ac
1190 3222 1328 3291 maxime
1350 3222 1482 3287 beatum
1498 3222 1636 3303 Petrum,

367 3327 402 3392 in
424 3348 487 3412 quo
508 3325 733 3390 fortitudinem
755 3323 920 3389 Ecclesiae
944 3346 1019 3388 suae
1043 3323 1221 3388 constituit.

452 3429 483 3493 2.
508 3427 568 3491 His
584 3428 684 3512 igitur
699 3427 855 3512 praefatis
870 3425 975 3491 initiis
990 3425 1166 3508 hortamur,
1180 3430 1217 3490 ut
1231 3426 1331 3509 adea,
1343 3448 1425 3511 quae
1436 3427 1477 3491 dc
1490 3428 1637 3513 Scythiae

367 3531 513 3617 partibus
535 3533 622 3593 mota
644 3533 736 3612 sunt,
767 3528 853 3594 unde
875 3532 908 3592 ct
931 3527 1100 3593 concilium
1122 3527 1190 3592 ficri
1215 3528 1385 3593 convenire
1408 3532 1635 3616 perspeximus,

368 3633 577 3697 mediatorem
600 3653 634 3695 se
656 3631 855 3716 apostolatus
877 3634 983 3695 vester
1001 3629 1112 3713 faciat,
1136 3633 1173 3694 ut
1188 3630 1449 3695 contentionibus
1464 3632 1636 3718 amputatis

368 3735 476 3799 unitas
504 3737 635 3798 sanotae
668 3733 858 3797 restituatur
883 3733 1059 3798 Ecclesiae.
1114 3731 1217 3797 Nobis
1246 3735 1354 3796 autem
1387 3734 1498 3799 omnia
1531 3738 1635 3821 optata

368 3839 586 3922 praestantur,
611 3836 638 3899 si
660 3834 858 3900 orationibus
881 3835 995 3899 vestris
1014 3837 1048 3898 et
1061 3835 1222 3919 frequenti
1237 3834 1430 3920 paginarum
1447 3834 1633 3901 allocutione

369 3939 472 4004 nostri
494 3959 650 4002 memores
672 3937 809 4001 fueritis.
845 3936 930 4001 Dato
951 3936 1055 4022 pridie
1077 3936 1152 4001 Idus
1175 3936 1322 4001 ianuarii
1345 3934 1630 4023 Constantinopoli,

370 4044 404 4105 et
425 4043 558 4123 accepta
581 4038 755 4104 Anthemio
778 4042 811 4103 et
831 4038 995 4104 Florentio
1017 4039 1094 4103 viris
1117 4038 1301 4104 clarissimis
1324 4038 1509 4105 oonsulibus
1527 4040 1557 4103 V
1570 4038 1630 4105 (rai.

372 4141 494 4227 Aprilis
515 4163 573 4225 pcr
595 4140 782 4207 Patricium.

883 4309 1065 4414 Epistola
1090 4311 1125 4395 3.

231 4460 358 4587 qm
415 4464 590 4532 Dorothei
614 4465 771 4548 episcopi
793 4464 1119 4531 Thessalonicensis
1143 4463 1186 4529 ad
1208 4462 1437 4529 ilornrisdarrr
1460 4483 1594 4550 papan.

405 4609 566 4664 Gratulatus,
595 4607 664 4671 qaod
683 4606 848 4668 apostolicam
870 4606 953 4654 sedern
976 4606 1112 4669 rependam
1134 4604 1275 4668 conceperit
1297 4605 1336 4653 or'r
1350 4604 1443 4666 [autor
1466 4612 1601 4656 eluctor
1634 4612 1652 4666 p.
1661 4594 1695 4647 pri

403 4693 485 4755 pacis.
522 4692 560 4740 Ile
582 4690 745 4739 ecclesiarum
767 4690 864 4738 unitate
890 4696 917 4737 ut
937 4690 1051 4753 praeiere
1077 4692 1160 4739 ualeat
1180 4696 1313 4753 merctur.
1350 4689 1447 4747 Addit,
1474 4698 1502 4741 et
1522 4704 1602 4741 mea

438 4844 458 4905 ἲ)
478 4841 520 4893 lla
538 4842 582 4893 (ll.
619 4838 670 4893 Ed.
690 4843 905 4893 reverendissimis
922 4858 963 4907 ep.
982 4844 1058 4907 quod.

388 4930 403 4976 ¹2
442 4929 459 4985 Ι)
478 4925 540 4978 Non
558 4926 645 4995 igitur
663 4924 721 4979 lata
738 4921 1029 4979 excommunicationis
1048 4921 1198 4989 scatentia,
1220 4922 1269 4977 sed
1286 4927 1384 4978 darius
1400 4940 1450 4979 scu
1467 4922 1560 4980 rcn'us
1576 4938 1633 4977 eurr·
