3450 5678
227 292 289 358 808
667 310 694 358 s.
711 309 918 360 nonnisnrn
941 308 1054 358 erese

119 496 144 536 a.
156 482 214 533 517.
228 487 292 551 qus
315 485 411 529 causa
433 466 658 549 speraverunt,
687 467 724 528 ut
751 465 790 529 de
817 464 955 529 remedio
984 466 1126 552 cogitare
1154 466 1354 551 deberemus,
1386 489 1505 533 consu·

228 570 331 633 lentes
354 567 452 631 etiam
474 588 550 650 noe,
585 568 726 655 utrum)
750 568 895 632 daremus
917 568 962 632 eis
984 568 1148 634 licentiam
1169 569 1358 634 relationem
1383 571 1426 635 ad
1448 571 1505 636 de·

228 669 393 756 signatum
424 668 608 754 episcopum
644 670 817 734 secundum
850 671 1110 736 consuetudinem
1149 671 1342 736 destinandi.
1404 672 1506 738 Unde

122 791 216 858 epae,
229 771 455 854 tractavimus,
485 774 518 836 et
539 771 725 857 episcopum
746 773 873 858 quidem
894 772 1155 858 Nicopolitanum
1183 773 1424 858 admonuimus,
1459 796 1504 839 ne

227 874 293 939 tale
316 873 435 958 aliquid
458 874 573 937 audere
595 876 752 957 tentaret,
781 875 810 938 si
832 876 998 940 nobiscum
1020 875 1098 940 velit
1124 874 1159 938 in
1183 877 1408 940 communione
1429 898 1504 961 per·

229 976 357 1041 sistere:
380 998 421 1040 nc
443 975 628 1059 perillum,
653 976 680 1040 si
703 975 744 1039 ub
767 997 803 1041 eo
819 977 872 1062 qui
887 1000 906 1042 s
922 977 1143 1042 communione
1165 981 1275 1042 nostru
1297 978 1423 1043 alienus
1438 986 1503 1060 est,

230 1076 504 1143 confirmationem
526 1077 681 1163 petiisset,
705 1082 816 1144 nostra
839 1100 963 1164 quoque
987 1080 1167 1144 commimio
1195 1081 1384 1163 contagium
1406 1082 1505 1145 susti·

228 1182 331 1245 neret.
378 1177 469 1244 Haec
490 1201 556 1264 vos,
580 1184 617 1243 ut
639 1180 747 1245 omnia
769 1181 903 1265 sciretis,
926 1182 1145 1246 instruximus.
1191 1180 1272 1257 Quid
1298 1184 1408 1246 autem
1431 1203 1506 1265 pro-

230 1282 309 1367 pitio
331 1280 400 1346 Deo
421 1281 512 1345 vobis
535 1283 573 1346 de
595 1282 656 1347 hac
673 1304 769 1347 causa
784 1284 944 1369 agendum
959 1283 1012 1367 sit,
1035 1283 1180 1369 subjecta
1195 1284 1372 1350 declarant.
1412 1285 1506 1352 Date

230 1382 332 1468 pridie
353 1383 429 1448 Idus
451 1383 590 1467 Aprilis,
614 1384 758 1469 Agapito
781 1385 919 1450 consule.

731 1589 913 1691 Epistola
938 1591 997 1674 34.

92 1742 218 1881 ,23ng
278 1740 491 1809 Hormisdsc
514 1758 625 1825 pupae
647 1740 690 1806 mi
713 1741 914 1810 Ennodium
936 1744 975 1810 et
996 1743 1236 1827 Peregrinum
1259 1746 1458 1830 episcopos

266 1881 333 1943 Quid
348 1884 374 1931 in
392 1897 470 1932 causo
483 1883 679 1948 Nicopolitanae
697 1884 819 1933 ecciesiae
838 1891 887 1933 mm
904 1885 975 1948 apud
991 1886 1136 1949 episcopum
1153 1885 1403 1937 stercutonmeneem
1422 1895 1475 1938 im
1518 1904 1546 1957 p.
1559 1894 1574 1940 i«

265 1968 336 2032 opud
356 1971 535 2031 imperatorem
555 1969 619 2032 ipsis
640 1968 763 2031 rependum
784 1970 830 2027 sii,
856 1969 959 2019 imiruii
982 1967 1016 2032 (n.
1031 1968 1130 2033 1212).
1176 1970 1210 2021 Ili
1232 1972 1334 2021 litteras
1354 1988 1421 2023 suas
1438 1974 1478 2024 ad

342 2051 590 2102 Thessalonicensem
608 2054 684 2103 daras
701 2056 809 2105 dirersis
827 2055 889 2106 locis
903 2055 1032 2120 publicari
1046 2054 1158 2118 faciani,
1175 2058 1286 2121 injrenpie
1304 2054 1340 2119 (n.
1355 2055 1393 2121 3).

384 2183 596 2249 Hormisda
618 2185 800 2251 Ennodio
823 2190 860 2251 ct
881 2186 1102 2272 Peregrino
1124 2188 1338 2275 episcopis.

319 2305 347 2368 l.
385 2303 425 2368 In
446 2304 575 2369 nomine
597 2305 704 2371 Patris
726 2309 760 2372 et
781 2306 855 2371 Filii
878 2311 910 2372 et
929 2305 1067 2392 Spiritus
1090 2306 1205 2390 sancti,
1228 2308 1511 2377 intercedentibus

233 2409 266 2471 et
287 2406 515 2489 adjuvantibus
536 2409 674 2492 sanctis,
698 2408 773 2493 quid
784 2410 808 2495 ¹)
832 2409 992 2494 agendum
1013 2410 1056 2474 sit
1078 2410 1117 2474 de
1139 2431 1235 2475 causa
1256 2409 1512 2496 Nicopolitanse

233 2508 395 2574 ecclesiae.
440 2507 584 2573 Primum
605 2510 660 2574 ubi
675 2509 937 2576 Thessalonicam
955 2511 1023 2576 Deo
1041 2512 1176 2596 juvante
1199 2513 1362 2597 veneritis,
1389 2516 1510 2600 episto

232 2612 280 2676 les
288 2611 315 2698 ²)
337 2614 480 2695 nostras,
504 2634 583 2697 quas
605 2613 640 2676 in
662 2612 723 2678 hac
747 2635 842 2678 causa
864 2614 1023 2697 misimus,
1053 2614 1202 2699 episcopo
1224 2613 1510 2683 Thessalonicensi

232 2712 368 2798 tradite,
398 2714 489 2779 illum
512 2715 656 2779 ordinem
678 2716 713 2779 iu
736 2715 804 2799 ejus
826 2716 1020 2781 salutatione
1047 2719 1226 2799 servantes,
1256 2739 1352 2802 quem
1374 2720 1467 2785 scitis
1488 2744 1508 2785 s

233 2815 325 2882 nobis
348 2838 417 2882 esse
438 2818 627 2882 mandatum
650 2817 735 2882 circa
758 2839 827 2900 eos,
858 2817 912 2902 qui
941 2839 1012 2882 cum
1041 2819 1113 2881 sede
1142 2818 1335 2903 apostolica,
1366 2820 1430 2887 hoc
1459 2826 1508 2888 est

233 2918 379 2984 Ecclesia
402 2917 578 3003 catholice,
609 2942 675 2984 non
699 2920 945 2985 communicant.
989 2919 1130 2984 Traditis
1160 2922 1267 2985 autem
1290 2921 1438 3006 epistolis
1460 2925 1506 2989 in·

234 3024 359 3087 stenter
381 3043 477 3106 agere
500 3021 637 3106 debetis,
661 3025 697 3087 ut
720 3043 753 3087 se
776 3023 817 3086 ab
833 3021 900 3106 ejus
921 3021 1072 3087 ecclesiae
1091 3022 1298 3088 concussione
1313 3027 1505 3111 suspendet:

234 3123 392 3189 rationem
413 3123 598 3207 reddentes,
633 3126 707 3208 quia
734 3146 798 3188 non
828 3125 933 3209 potuit
958 3147 1102 3190 reversus
1131 3125 1171 3190 ud
1194 3127 1453 3193 communionem
1474 3131 1503 3192 et

235 3228 275 3292 ad
298 3248 412 3311 corpus
435 3225 598 3291 Ecclesiae
621 3248 693 3291 cum
716 3226 794 3309 illis,
824 3227 879 3311 qui
906 3227 1042 3291 necdum
1064 3228 1180 3292 reversi
1205 3231 1297 3313 sunt,
1332 3230 1503 3316 quidquam

234 3330 354 3395 hebere
376 3328 595 3412 conjunctum,
618 3350 676 3393 nos
699 3350 765 3393 non
787 3330 908 3393 solvere
930 3352 949 3394 a
971 3329 1266 3413 praedecessoribus
1288 3333 1412 3397 nostris
1435 3353 1500 3397 oon-

236 3455 325 3499 cesss
347 3431 533 3518 privilegis,
564 3430 592 3494 si
620 3431 688 3515 ipse
717 3431 934 3497 ecclesiastica
963 3431 1113 3495 instituta
1140 3452 1206 3496 non
1229 3431 1367 3498 deserat.
1415 3434 1500 3501 Certe

236 3536 345 3600 redeat
368 3534 407 3598 ad
430 3533 604 3616 unitatem,
629 3537 662 3597 et
682 3554 742 3598 nos
765 3555 836 3597 cum
860 3555 896 3597 eo
917 3533 1118 3618 insistemus,
1143 3536 1178 3598 ut
1200 3533 1309 3598 omnis
1324 3535 1498 3623 privilegis,

236 3658 442 3723 quaecunque
465 3639 636 3701 consecuta
658 3638 707 3700 est
730 3657 749 3699 a
770 3635 844 3700 sede
866 3635 1042 3719 apostolica
1070 3637 1205 3701 ecclesis
1233 3637 1318 3721 ejus,
1351 3637 1498 3703 inviolata

148 3800 153 3807 .
236 3742 412 3805 serventur.
457 3736 574 3801 Dicitis
597 3737 710 3821 etiam,
740 3740 850 3821 aperte
878 3737 968 3802 illum
991 3738 1158 3803 ostendere
1185 3738 1354 3803 inimicum
1383 3762 1417 3804 se
1439 3760 1497 3805 esse

236 3841 325 3924 fidei,
355 3841 383 3905 si
411 3840 589 3924 insequitur
617 3861 686 3924 eos,
716 3860 794 3924 quos
817 3840 932 3904 viderit
962 3842 1002 3905 ad
1031 3840 1220 3906 catholicam
1249 3843 1496 3908 communionem

236 3944 363 4008 reverti.

320 4045 352 4110 2.
386 4042 504 4120 Quodsi
526 4045 695 4129 potueritis
718 4064 847 4110 causam
875 4044 920 4109 ibi
943 4044 1011 4110 Deo
1032 4043 1172 4131 propitio
1195 4066 1404 4131 componere,
1432 4045 1495 4113 scri·

239 4205 308 4214 ...φ
328 4204 401 4211 -οψ-
410 4205 493 4210 —---
512 4205 541 4212 .-

236 4289 370 4340 siradeudi
391 4289 499 4355 Epirum
521 4304 669 4354 accipere
690 4289 890 4353 provinciarium,
919 4303 983 4354 quae
1006 4289 1101 4338 vicario
1127 4286 1349 4339 Ttessoionireni
1371 4289 1495 4354 mm.

237 4376 453 4442 committendiqee
474 4377 540 4426 uices
566 4375 725 4440 apostolieae
746 4375 816 4425 redis
841 4390 890 4439 per
911 4389 965 4424 earn
988 4375 1144 4438 provinciam
1165 4374 1288 4438 episcopo
1312 4373 1496 4440 desperem:

237 4454 322 4525 atque
342 4455 396 4511 hoe
417 4454 595 4527 privilegium
612 4472 630 4510 e
647 4455 783 4525 Gregorio
802 4455 848 4509 lib.
869 4460 885 4508 6
908 4453 966 4508 Iud.
987 4459 1019 4508 14
1041 4452 1157 4524 spirits
1181 4452 1321 4525 episcopis
1346 4453 1423 4525 Epiri
1443 4468 1496 4509 cos·

237 4541 377 4596 firmatum
395 4545 445 4598 cst.

305 4629 327 4697 ⁴)
344 4627 412 4683 bec
429 4638 455 4682 ui
475 4627 521 4693 (ad
539 4643 627 4696 marg.
646 4629 745 4694 uirum).

237 4716 270 4765 34
308 4715 327 4779 ¹)
345 4713 376 4766 In
394 4712 428 4768 G'
447 4712 525 4767 deest
543 4717 615 4782 quim
634 4710 726 4766 omitti
743 4713 845 4782 potest,
862 4711 885 4765 si
902 4711 1000 4781 postea
1016 4710 1128 4779 legetur
1146 4715 1271 4779 openiens
1287 4716 1334 4770 sie.

305 4798 326 4863 ¹)
345 4795 408 4850 Scil.
427 4814 498 4865 quae
518 4797 643 4866 sequitur
665 4796 744 4867 epist.
764 4802 804 4852 36.
845 4796 909 4851 Mox
928 4795 971 4851 cd.
991 4801 1067 4850 dicite
1139 4800 1282 4866 insequitur
1299 4816 1364 4866 qnos
1432 4792 1495 4859 (Μ

236 4886 366 4950 poteritis.
