3412 5664
650 342 846 393 ucrssonan
869 332 921 391 80.
944 332 996 391 81.
1398 324 1459 391 881

193 496 351 582 ducis3et
318 498 494 583 equanto
516 496 657 560 hostium
671 496 929 580 multiplicantur
948 495 1094 578 insidiae,
1118 496 1211 559 tanto
1224 516 1340 559 summi
1331 494 1497 580 gratian.
1508 508 1566 559 olo.

194 599 324 665 rectoris
346 599 546 665 adversantis
572 620 695 663 venena
717 598 953 663 misericordiae
975 619 1051 663 suae
1077 598 1158 662 facit
1186 618 1255 662 esse
1281 596 1460 680 materiam,

195 701 288 823 sicut
305 722 409 766 sermo
444 700 637 823 apostolicae
670 702 817 823 veritatis
847 700 998 783 asseruit,
1034 700 1176 816 dicens:
1206 704 1265 765 Uos
1295 648 1553 798 abundavitffgff

192 906 394 991 inhaereas⁴)
415 906 590 989 institutis,
615 904 865 970 ecelesiasticam
887 806 1024 970 fovendo
1047 903 1265 988 concordiam,
1294 907 1332 968 ut
1364 903 1464 968 veluti

192 1008 329 1092 quodam
356 1007 510 1091 pacifica-e
537 956 648 1072 volunt
634 1008 712 1071 tatis
739 1008 887 1093 signatus
914 1008 1050 1090 iudicio,
1079 1006 1165 1071 illius
1193 1028 1261 1071 esse
1290 1006 1464 1090 discipulus

193 1110 390 1195 approberis,
413 1110 467 1194 qui
489 1110 550 1175 ait·
581 1116 691 1176 Pacem
706 1132 802 1174 meam
817 1116 857 1175 do
872 1115 961 1188 vodis,
981 1130 1092 1190 pacem
1109 1130 1205 1173 meum
1220 1113 1462 1188 relinqueretis.
1485 1099 1548 1155 ¹0¹¹·

191 1210 332 1276 Hortare
346 1211 454 1296 etiam,
478 1234 671 1327 quamquam
693 1215 807 1296 sponte
823 1212 864 1277 ad
879 1215 967 1276 recta
981 1212 1178 1294 tendentem,
1202 1211 1304 1274 filium
1320 1210 1519 1274 nostrum'
1479 1174 1540 1235 1,st
1559 1210 1565 1221 '

194 1263 480 1378 clementissimum
512 1315 690 1399 principem
723 1313 807 1379 Just'
784 1317 904 1397 tmum,
939 1313 1122 1379 Christiano
1153 1311 1280 1377 saeculo
1312 1312 1466 1378 divinitus

193 1419 432 1499 comparatum,
462 1439 499 1480 ea
521 1417 690 1501 perficere,
719 1437 800 1501 quae
822 1416 985 1503 regalibus
1007 1414 1124 1479 litteris
1152 1415 1376 1500 dignatusest
1400 1413 1466 1500 pol-

192 1517 299 1582 liceri:
328 1521 365 1582 nt
392 1518 497 1582 missis
525 1518 565 1581 ad
593 1540 646 1582 eos
675 1518 803 1601 edictis,
833 1540 910 1602 quos
932 1517 974 1582 ab
996 1517 1160 1581 Ecclesiae
1182 1517 1295 1581 matris
1317 1517 1467 1581 uberibus

194 1620 381 1685 etiamnunc
403 1619 512 1684 devius
535 1642 623 1684 error
650 1621 796 1703 abducit,
826 1619 1016 1684 diabolicam
1042 1618 1188 1713 fraudem
1216 1622 1249 1683 ct
1277 1619 1468 1683 auctoritate

194 1722 362 1807 religionis
395 1724 427 1785 et
460 1722 625 1786 moderata
657 1725 816 1805 potestate
845 1724 1027 1805 compescat
1058 1720 1201 1805 imperii,
1240 1742 1373 1807 eamque
1406 1721 1467 1785 sibi

195 1828 311 1889 contra
333 1845 534 1888 communem
555 1824 655 1887 totius
683 1822 894 1887 humanitatis
921 1822 1047 1887 hostem
1075 1823 1247 1887 maximam
1276 1823 1374 1887 ducat
1400 1843 1469 1886 esse

196 1926 380 2005 uictoriam,
409 1926 435 1989 si
463 1947 621 2010 supernae
655 1924 773 1989 auxilio
795 1924 985 1990 Divinitatis
1018 1925 1137 1989 vetusti
1165 1925 1323 2009 serpentis
1345 1945 1470 1989 venena

196 2027 431 2112 compresserit.

281 2132 314 2195 ὀ.
347 2129 396 2193 De
412 2127 635 2194 Antiochense
657 2150 780 2214 quoque
795 2132 892 2215 atque
907 2129 1146 2194 Alexandrinae
1161 2130 1369 2197 ecelesiarum
1383 2132 1471 2194 statu

196 2252 264 2295 non
287 2231 494 2314 supersedeas
516 2252 585 2295 esse
612 2231 785 2311 sollicitus,
816 2236 849 2296 et
871 2231 1118 2296 clementissimo
1140 2232 1275 2296 subinde
1297 2231 1436 2317 principi
1445 2232 1471 2317 5)

198 2332 396 2417 supplicate,
424 2335 461 2396 ut
488 2333 523 2396 in
550 2331 601 2396 his
628 2355 752 2418 quoqne
774 2356 887 2417 pacem
908 2333 1059 2418 religiosa
1081 2334 1283 2399 ordinatione
1311 2333 1485 2417 restituat,-

198 2437 357 2519 quatenus
400 2435 492 2499 bonis
535 2435 655 2518 coeptis
696 2436 811 2519 plenae
856 2435 1016 2499 cumulum
1058 2436 1267 2519 perfectionis
1303 2435 1471 2521 adjungat.

197 2536 333 2600 Frustra
364 2536 449 2601 enim
481 2536 601 2600 bonum
634 2557 713 2620 opus
746 2537 916 2621 incipitur,
954 2538 980 2601 si
1014 2559 1080 2602 non
1113 2538 1147 2601 in
1180 2541 1284 2602 totum
1317 2538 1473 2622 perfectio

199 2638 423 2723 subsequatur.
480 2637 747 2704 Commendamus
781 2642 949 2722 praeterea
980 2639 1105 2724 legatos
1139 2662 1158 2702 a
1190 2640 1263 2703 sede
1298 2639 1475 2722 apostolica

199 2740 395 2823 destinatos,
429 2762 507 2825 quos
535 2740 583 2803 ita
608 2739 710 2803 faciat
736 2740 776 2803 ad
803 2762 862 2804 nos
896 2744 953 2805 tua
981 2740 1110 2804 dilectio
1132 2762 1288 2821 remeare,
1320 2744 1357 2804 ut
1381 2740 1474 2804 nobis

199 2842 333 2927 plenam
354 2842 474 2906 referre
496 2846 616 2927 queant
637 2842 676 2905 de
699 2843 849 2907 restituta
869 2843 1028 2907 universis
1050 2842 1192 2907 ecclesiis
1212 2863 1291 2926 pace
1307 2841 1473 2906 laetitiam.

201 2944 289 3008 Data
311 2962 362 3008 vn
384 2943 459 3008 ldus
481 2942 572 3027 Julii,
596 2942 772 3008 Eutharico
794 2943 863 3008 viro
886 2943 1062 3009 clarissimo
1084 2942 1224 3008 consule.

706 3131 888 3233 Epistola
913 3130 969 3213 81.

399 3283 611 3350 Hormisdae
633 3299 744 3366 papae
766 3282 809 3349 ad
832 3283 1081 3350 Justiniauum
1103 3283 1281 3349 comitem.
1491 3304 1572 3357 aare
1583 3296 1610 3351 «1.

241 3426 277 3476 d’t
294 3427 338 3490 qui
353 3425 452 3475 destino
470 3425 496 3474 in
512 3440 578 3489 puce
597 3423 730 3474 Ecclesiae
746 3424 881 3473 reddenda
898 3424 1006 3487 adjutor
1019 3423 1083 3487 snit,
1102 3438 1167 3489 opus
1185 3425 1254 3489 qaod
1270 3424 1364 3488 incepit
1380 3440 1442 3488 per-
1494 3366 1577 3422 (mul

728 3510 810 3571 ficiat,
828 3510 954 3559 hortatur.

360 3640 573 3707 Hormisda
593 3640 748 3706 illustri
771 3641 792 3705 J
800 3642 1050 3728 ustiniano¹).

297 3764 324 3825 1.
359 3760 581 3825 Benedicimus
609 3760 772 3824 ineffabile
800 3760 989 3825 Divinitatis
1016 3760 1185 3842 auxilium,
1217 3761 1291 3845 (pria
1312 3761 1351 3825 de
1380 3761 1479 3827 eccle·

206 3866 329 3929 siarum
357 3885 437 3947 pace
464 3862 683 3926 universitatis
713 3862 904 3926 desiderium
938 3863 997 3925 sub
1025 3863 1261 3947 tranquillitate
1289 3864 1479 3947 agnovimus

205 3966 309 4031 fuisso
337 3965 540 4049 ocimplctum.
591 3963 681 4039 Quod
708 3963 834 4048 quidem
865 3986 932 4028 non
959 3967 1087 4047 praeter
1120 3964 1305 4047 opinionem
1337 3968 1481 4029 nostram

207 4068 351 4151 wntigit
378 4066 462 4131 lieri:
490 4066 565 4151 quia
592 4066 824 4151 religiosissimi
852 4065 992 4149 Augusti
1019 4067 1218 4150 praesumpti
1246 4088 1365 4151 genero
1392 4088 1481 4150 spem

205 4192 338 4254 semper
373 4169 529 4254 gessimus
564 4167 602 4232 dc
634 4167 756 4251 quiete,
797 4170 829 4231 et
862 4167 945 4252 quod
980 4167 1171 4232 credidimus
1202 4168 1385 4233 faciendum
1423 4168 1483 4233 sub

206 4272 359 4359 principe
381 4270 565 4335 Christiano
588 4270 626 4332 dc
654 4269 849 4334 adunatione
855 4319 864 4351 ,
894 4271 963 4331 crat
991 4269 1024 4331 in
1051 4273 1171 4334 votum.
1216 4270 1321 4346 Quare
1351 4270 1484 4334 habebit

205 4372 371 4459 gloriosus
397 4372 571 4456 imperator
599 4373 637 4435 dc
659 4370 721 4435 hac
750 4393 845 4435 cansa
866 4370 1100 4453 triumphorum
1122 4372 1250 4456 titulos,
1279 4394 1343 4435 non
1370 4371 1484 4456 quibus

205 4546 520 4559 ...ψ-...ω

282 4648 305 4713 ⁴)
323 4644 372 4699 Ed.
392 4650 535 4707 inhaerens,
554 4646 583 4699 et
601 4643 689 4699 omits.
710 4656 744 4700 ut.

284 4735 306 4799 ⁵)
325 4730 373 4783 ild.
398 4748 452 4784 om.
475 4735 596 4799 principi.
635 4729 699 4783 Mox
718 4727 752 4781 G'
775 4730 834 4781 VI!
859 4730 899 4786 Id.
922 4731 972 4785 dai.
996 4750 1065 4786 cous.
1088 4750 1136 4795 aa„
1160 4744 1215 4796 (pul
1237 4728 1327 4795 magis
1352 4728 1486 4783 corrodia

204 4812 426 4883 sculrscriptiouis
444 4814 636 4869 antecedentis
653 4812 787 4884 epistolae
806 4814 1011 4882 comprobatur.

203 4910 240 4959 81
287 4901 306 4967 ¹)
327 4900 370 4953 lca
387 4898 431 4953 G'.
468 4899 518 4952 lid.
537 4905 591 4953 ciro
608 4903 760 4953 dualiniuuo.

246 5002 409 5041 necsrouau
423 5003 527 5041 acuar.
543 5002 656 5038 courir.
675 4988 695 5039 1.
1244 4994 1285 5052 56
