<?xml version="1.0" encoding="UTF-8"?>
<!DOCTYPE html PUBLIC "-//W3C//DTD XHTML 1.0 Transitional//EN"
    "http://www.w3.org/TR/xhtml1/DTD/xhtml1-transitional.dtd">
<html xmlns="http://www.w3.org/1999/xhtml" xml:lang="en" lang="en">
 <head>
  <title>
</title>
<meta http-equiv="Content-Type" content="text/html;charset=utf-8" />
  <meta name='ocr-system' content='tesseract 3.04.00' />
  <meta name='ocr-capabilities' content='ocr_page ocr_carea ocr_par ocr_line ocrx_word'/>
</head>
<body>
  <div class='ocr_page' id='page_1' title='image "./epistolaeromano00cousgoog/epistolaeromano00cousgoog_0482.png"; bbox 0 0 3412 5664; ppageno 0'>
   <div class='ocr_carea' id='block_1_1' title="bbox 537 305 1346 367">
    <p class='ocr_par' dir='ltr' id='par_1_1' title="bbox 537 305 1346 367">
     <span class='ocr_line' id='line_1_1' title="bbox 537 305 1346 367; baseline 0.004 -4"><span class='ocrx_word' id='word_1_1' title='bbox 537 318 731 366; x_wconf 70' lang='lat' dir='ltr'><strong>aarsrornn</strong></span> <span class='ocrx_word' id='word_1_2' title='bbox 755 308 804 363; x_wconf 82' lang='lat'><strong>27.</strong></span> <span class='ocrx_word' id='word_1_3' title='bbox 831 308 881 366; x_wconf 81' lang='lat'><strong>28.</strong></span> <span class='ocrx_word' id='word_1_4' title='bbox 1284 305 1346 367; x_wconf 74' lang='lat'><strong>435</strong></span> 
     </span>
    </p>
   </div>
   <div class='ocr_carea' id='block_1_2' title="bbox 66 469 1476 2789">
    <p class='ocr_par' dir='ltr' id='par_1_2' title="bbox 66 469 1476 2789">
     <span class='ocr_line' id='line_1_2' title="bbox 67 469 1476 555; baseline -0.003 -16"><span class='ocrx_word' id='word_1_5' title='bbox 67 472 335 539; x_wconf 79' lang='lat' dir='ltr'><strong>communicabat</strong></span> <span class='ocrx_word' id='word_1_6' title='bbox 361 471 515 551; x_wconf 87' lang='lat' dir='ltr'><strong>Aeacius,</strong></span> <span class='ocrx_word' id='word_1_7' title='bbox 542 470 696 555; x_wconf 89' lang='lat' dir='ltr'><strong>plurimos</strong></span> <span class='ocrx_word' id='word_1_8' title='bbox 724 471 920 534; x_wconf 87' lang='lat' dir='ltr'><strong>diversarum</strong></span> <span class='ocrx_word' id='word_1_9' title='bbox 943 469 1069 532; x_wconf 89' lang='lat' dir='ltr'><strong>urbium</strong></span> <span class='ocrx_word' id='word_1_10' title='bbox 1091 471 1254 552; x_wconf 80' lang='lat' dir='ltr'>praesules</span> <span class='ocrx_word' id='word_1_11' title='bbox 1277 493 1346 553; x_wconf 85' lang='lat' dir='ltr'><strong>pes·</strong></span> <span class='ocrx_word' id='word_1_12' title='bbox 1360 480 1476 544; x_wconf 68' lang='lat' dir='ltr'><strong>(amal</strong></span> 
     </span>
     <span class='ocr_line' id='line_1_3' title="bbox 66 569 1347 667; baseline -0.003 -27"><span class='ocrx_word' id='word_1_13' title='bbox 66 598 186 640; x_wconf 79' lang='lat' dir='ltr'><strong>sumus</strong></span> <span class='ocrx_word' id='word_1_14' title='bbox 208 573 439 667; x_wconf 80' lang='lat' dir='ltr'><strong>demonstrare,</strong></span> <span class='ocrx_word' id='word_1_15' title='bbox 462 572 576 656; x_wconf 93' lang='lat' dir='ltr'><strong>quibus</strong></span> <span class='ocrx_word' id='word_1_16' title='bbox 600 594 671 635; x_wconf 92' lang='lat' dir='ltr'><strong>eum</strong></span> <span class='ocrx_word' id='word_1_17' title='bbox 695 572 899 635; x_wconf 79' lang='lat' dir='ltr'><strong>Antiocheno</strong></span> <span class='ocrx_word' id='word_1_18' title='bbox 913 569 1011 634; x_wconf 89' lang='lat' dir='ltr'><strong>Petro</strong></span> <span class='ocrx_word' id='word_1_19' title='bbox 1034 572 1347 636; x_wconf 86' lang='lat' dir='ltr'><strong>communicantibus</strong></span> 
     </span>
     <span class='ocr_line' id='line_1_4' title="bbox 68 672 1348 756; baseline -0.002 -14"><span class='ocrx_word' id='word_1_20' title='bbox 68 676 286 742; x_wconf 85' lang='lat' dir='ltr'><strong>nihilomiuus</strong></span> <span class='ocrx_word' id='word_1_21' title='bbox 298 673 560 740; x_wconf 74' lang='lat' dir='ltr'><strong>communicabat</strong></span> <span class='ocrx_word' id='word_1_22' title='bbox 575 673 722 756; x_wconf 83' lang='lat' dir='ltr'><strong>Aeacius,</strong></span> <span class='ocrx_word' id='word_1_23' title='bbox 740 677 773 736; x_wconf 88' lang='lat' dir='ltr'><strong>et</strong></span> <span class='ocrx_word' id='word_1_24' title='bbox 787 695 844 756; x_wconf 91' lang='lat' dir='ltr'><strong>per</strong></span> <span class='ocrx_word' id='word_1_25' title='bbox 859 673 931 736; x_wconf 89' lang='lat' dir='ltr'><strong>illos</strong></span> <span class='ocrx_word' id='word_1_26' title='bbox 949 672 1153 737; x_wconf 84' lang='lat' dir='ltr'><strong>Antiocheno</strong></span> <span class='ocrx_word' id='word_1_27' title='bbox 1176 676 1348 740; x_wconf 92' lang='lat' dir='ltr'><strong>eommuni-</strong></span> 
     </span>
     <span class='ocr_line' id='line_1_5' title="bbox 68 774 1347 861; baseline -0.002 -18"><span class='ocrx_word' id='word_1_28' title='bbox 68 779 175 843; x_wconf 82' lang='lat' dir='ltr'><strong>eabat</strong></span> <span class='ocrx_word' id='word_1_29' title='bbox 189 780 420 861; x_wconf 88' lang='lat' dir='ltr'><strong>consequenter</strong></span> <span class='ocrx_word' id='word_1_30' title='bbox 442 779 475 840; x_wconf 89' lang='lat' dir='ltr'><strong>et</strong></span> <span class='ocrx_word' id='word_1_31' title='bbox 496 774 603 839; x_wconf 86' lang='lat' dir='ltr'><strong>Petro.</strong></span> <span class='ocrx_word' id='word_1_32' title='bbox 649 774 711 840; x_wconf 81' lang='lat' dir='ltr'><strong>Sed</strong></span> <span class='ocrx_word' id='word_1_33' title='bbox 741 774 820 838; x_wconf 91' lang='lat' dir='ltr'><strong>haee</strong></span> <span class='ocrx_word' id='word_1_34' title='bbox 843 775 928 857; x_wconf 89' lang='lat' dir='ltr'><strong>apud</strong></span> <span class='ocrx_word' id='word_1_35' title='bbox 955 774 1093 838; x_wconf 87' lang='lat' dir='ltr'><strong>Graecos</strong></span> <span class='ocrx_word' id='word_1_36' title='bbox 1115 775 1222 840; x_wconf 84' lang='lat' dir='ltr'><strong>facilis</strong></span> <span class='ocrx_word' id='word_1_37' title='bbox 1245 781 1278 840; x_wconf 87' lang='lat' dir='ltr'><strong>et</strong></span> <span class='ocrx_word' id='word_1_38' title='bbox 1299 779 1347 841; x_wconf 91' lang='lat' dir='ltr'><strong>in·</strong></span> 
     </span>
     <span class='ocr_line' id='line_1_6' title="bbox 71 876 1347 964; baseline -0.002 -19"><span class='ocrx_word' id='word_1_39' title='bbox 71 879 247 964; x_wconf 87' lang='lat' dir='ltr'><strong>culpabilis</strong></span> <span class='ocrx_word' id='word_1_40' title='bbox 268 881 402 963; x_wconf 90' lang='lat' dir='ltr'><strong>putatur</strong></span> <span class='ocrx_word' id='word_1_41' title='bbox 424 898 492 941; x_wconf 90' lang='lat' dir='ltr'><strong>esse</strong></span> <span class='ocrx_word' id='word_1_42' title='bbox 513 877 695 961; x_wconf 84' lang='lat' dir='ltr'><strong>permixtio,</strong></span> <span class='ocrx_word' id='word_1_43' title='bbox 725 877 808 959; x_wconf 90' lang='lat' dir='ltr'><strong>apud</strong></span> <span class='ocrx_word' id='word_1_44' title='bbox 838 898 915 959; x_wconf 89' lang='lat' dir='ltr'><strong>quos</strong></span> <span class='ocrx_word' id='word_1_45' title='bbox 938 876 1027 940; x_wconf 91' lang='lat' dir='ltr'><strong>nulla</strong></span> <span class='ocrx_word' id='word_1_46' title='bbox 1051 880 1100 940; x_wconf 87' lang='lat' dir='ltr'><strong>est</strong></span> <span class='ocrx_word' id='word_1_47' title='bbox 1124 879 1188 941; x_wconf 90' lang='lat' dir='ltr'><strong>veri</strong></span> <span class='ocrx_word' id='word_1_48' title='bbox 1211 878 1347 963; x_wconf 87' lang='lat' dir='ltr'><strong>salsique</strong></span> 
     </span>
     <span class='ocr_line' id='line_1_7' title="bbox 69 978 1348 1065; baseline -0.002 -19"><span class='ocrx_word' id='word_1_49' title='bbox 69 981 244 1062; x_wconf 66' lang='lat' dir='ltr'><strong>discretim</strong></span> <span class='ocrx_word' id='word_1_50' title='bbox 265 985 298 1044; x_wconf 89' lang='lat' dir='ltr'><strong>et</strong></span> <span class='ocrx_word' id='word_1_51' title='bbox 312 1002 409 1065; x_wconf 91' lang='lat' dir='ltr'><strong>quum</strong></span> <span class='ocrx_word' id='word_1_52' title='bbox 424 979 572 1042; x_wconf 89' lang='lat' dir='ltr'><strong>omnibus</strong></span> <span class='ocrx_word' id='word_1_53' title='bbox 587 978 731 1062; x_wconf 87' lang='lat' dir='ltr'><strong>reprobis</strong></span> <span class='ocrx_word' id='word_1_54' title='bbox 754 979 866 1041; x_wconf 84' lang='lat' dir='ltr'><strong>volunt</strong></span> <span class='ocrx_word' id='word_1_55' title='bbox 888 999 957 1042; x_wconf 89' lang='lat' dir='ltr'><strong>esse</strong></span> <span class='ocrx_word' id='word_1_56' title='bbox 980 1000 1172 1061; x_wconf 88' lang='lat' dir='ltr'><strong>communes,</strong></span> <span class='ocrx_word' id='word_1_57' title='bbox 1201 981 1236 1043; x_wconf 91' lang='lat' dir='ltr'><strong>in</strong></span> <span class='ocrx_word' id='word_1_58' title='bbox 1259 980 1348 1043; x_wconf 85' lang='lat' dir='ltr'><strong>nulla</strong></span> 
     </span>
     <span class='ocr_line' id='line_1_8' title="bbox 70 1079 1348 1169; baseline -0.002 -21"><span class='ocrx_word' id='word_1_59' title='bbox 70 1085 300 1148; x_wconf 88' lang='lat' dir='ltr'><strong>monstrantur</strong></span> <span class='ocrx_word' id='word_1_60' title='bbox 322 1081 482 1165; x_wconf 87' lang='lat' dir='ltr'><strong>probitate</strong></span> <span class='ocrx_word' id='word_1_61' title='bbox 513 1084 671 1144; x_wconf 84' lang='lat' dir='ltr'><strong>constare.</strong></span> <span class='ocrx_word' id='word_1_62' title='bbox 716 1079 780 1143; x_wconf 90' lang='lat' dir='ltr'><strong>Hie</strong></span> <span class='ocrx_word' id='word_1_63' title='bbox 803 1082 910 1143; x_wconf 85' lang='lat' dir='ltr'><strong>autem</strong></span> <span class='ocrx_word' id='word_1_64' title='bbox 938 1079 992 1143; x_wconf 89' lang='lat' dir='ltr'><strong>ille</strong></span> <span class='ocrx_word' id='word_1_65' title='bbox 1015 1083 1064 1143; x_wconf 89' lang='lat' dir='ltr'><strong>est</strong></span> <span class='ocrx_word' id='word_1_66' title='bbox 1091 1079 1205 1144; x_wconf 88' lang='lat' dir='ltr'><strong>Petrus</strong></span> <span class='ocrx_word' id='word_1_67' title='bbox 1234 1081 1348 1169; x_wconf 85' lang='lat' dir='ltr'><strong>Antie-</strong></span> 
     </span>
     <span class='ocr_line' id='line_1_9' title="bbox 72 1181 1349 1267; baseline -0.002 -18"><span class='ocrx_word' id='word_1_68' title='bbox 72 1185 216 1267; x_wconf 85' lang='lat' dir='ltr'><strong>chenus,</strong></span> <span class='ocrx_word' id='word_1_69' title='bbox 252 1205 346 1267; x_wconf 91' lang='lat' dir='ltr'><strong>quem</strong></span> <span class='ocrx_word' id='word_1_70' title='bbox 373 1204 434 1246; x_wconf 90' lang='lat' dir='ltr'><strong>nee</strong></span> <span class='ocrx_word' id='word_1_71' title='bbox 462 1204 520 1266; x_wconf 90' lang='lat' dir='ltr'><strong>per</strong></span> <span class='ocrx_word' id='word_1_72' title='bbox 546 1181 780 1265; x_wconf 87' lang='lat' dir='ltr'><strong>poenitentiam</strong></span> <span class='ocrx_word' id='word_1_73' title='bbox 809 1182 848 1244; x_wconf 86' lang='lat' dir='ltr'><strong>ad</strong></span> <span class='ocrx_word' id='word_1_74' title='bbox 872 1183 1127 1246; x_wconf 87' lang='lat' dir='ltr'><strong>communionem</strong></span> <span class='ocrx_word' id='word_1_75' title='bbox 1157 1182 1349 1247; x_wconf 82' lang='lat' dir='ltr'><strong>catholicam</strong></span> 
     </span>
     <span class='ocr_line' id='line_1_10' title="bbox 72 1282 1348 1370; baseline -0.001 -21"><span class='ocrx_word' id='word_1_76' title='bbox 72 1286 180 1370; x_wconf 84' lang='lat' dir='ltr'><strong>recipi</strong></span> <span class='ocrx_word' id='word_1_77' title='bbox 201 1286 297 1350; x_wconf 86' lang='lat' dir='ltr'><strong>etiarn</strong></span> <span class='ocrx_word' id='word_1_78' title='bbox 321 1307 339 1347; x_wconf 89' lang='lat' dir='ltr'><strong>a</strong></span> <span class='ocrx_word' id='word_1_79' title='bbox 362 1284 436 1349; x_wconf 89' lang='lat' dir='ltr'><strong>sede</strong></span> <span class='ocrx_word' id='word_1_80' title='bbox 459 1284 635 1368; x_wconf 85' lang='lat' dir='ltr'><strong>apostoliea</strong></span> <span class='ocrx_word' id='word_1_81' title='bbox 656 1283 803 1366; x_wconf 89' lang='lat' dir='ltr'><strong>poposcit</strong></span> <span class='ocrx_word' id='word_1_82' title='bbox 825 1282 973 1346; x_wconf 88' lang='lat' dir='ltr'><strong>Aeacius.</strong></span> <span class='ocrx_word' id='word_1_83' title='bbox 1004 1283 1053 1346; x_wconf 84' lang='lat' dir='ltr'><strong>Ac</strong></span> <span class='ocrx_word' id='word_1_84' title='bbox 1075 1305 1133 1367; x_wconf 89' lang='lat' dir='ltr'><strong>per</strong></span> <span class='ocrx_word' id='word_1_85' title='bbox 1147 1285 1208 1348; x_wconf 91' lang='lat' dir='ltr'><strong>hee</strong></span> <span class='ocrx_word' id='word_1_86' title='bbox 1224 1284 1348 1369; x_wconf 80' lang='lat' dir='ltr'><strong>quid⁸³)</strong></span> 
     </span>
     <span class='ocr_line' id='line_1_11' title="bbox 71 1385 1349 1473; baseline -0.001 -22"><span class='ocrx_word' id='word_1_87' title='bbox 71 1390 256 1473; x_wconf 81' lang='lat' dir='ltr'><strong>queruntur</strong></span> <span class='ocrx_word' id='word_1_88' title='bbox 278 1408 297 1449; x_wconf 96' lang='lat' dir='ltr'><strong>a</strong></span> <span class='ocrx_word' id='word_1_89' title='bbox 318 1385 412 1449; x_wconf 91' lang='lat' dir='ltr'><strong>nobis</strong></span> <span class='ocrx_word' id='word_1_90' title='bbox 435 1385 590 1449; x_wconf 88' lang='lat' dir='ltr'><strong>Acacium</strong></span> <span class='ocrx_word' id='word_1_91' title='bbox 605 1385 704 1449; x_wconf 85' lang='lat' dir='ltr'><strong>fuisse</strong></span> <span class='ocrx_word' id='word_1_92' title='bbox 726 1386 924 1467; x_wconf 86' lang='lat' dir='ltr'><strong>damnatum,</strong></span> <span class='ocrx_word' id='word_1_93' title='bbox 949 1406 1046 1468; x_wconf 90' lang='lat' dir='ltr'><strong>quum</strong></span> <span class='ocrx_word' id='word_1_94' title='bbox 1067 1385 1128 1448; x_wconf 89' lang='lat' dir='ltr'><strong>hae</strong></span> <span class='ocrx_word' id='word_1_95' title='bbox 1150 1386 1349 1469; x_wconf 79' lang='lat' dir='ltr'><strong>professione</strong></span> 
     </span>
     <span class='ocr_line' id='line_1_12' title="bbox 72 1486 1347 1574; baseline -0.002 -21"><span class='ocrx_word' id='word_1_96' title='bbox 72 1489 255 1574; x_wconf 84' lang='lat' dir='ltr'><strong>praemissa</strong></span> <span class='ocrx_word' id='word_1_97' title='bbox 277 1491 309 1552; x_wconf 90' lang='lat' dir='ltr'><strong>et</strong></span> <span class='ocrx_word' id='word_1_98' title='bbox 330 1487 436 1571; x_wconf 75' lang='lat' dir='ltr'><strong>per⁸⁴)</strong></span> <span class='ocrx_word' id='word_1_99' title='bbox 459 1487 626 1550; x_wconf 82' lang='lat' dir='ltr'><strong>anfractus</strong></span> <span class='ocrx_word' id='word_1_100' title='bbox 640 1486 837 1550; x_wconf 88' lang='lat' dir='ltr'><strong>Arrtioeheni</strong></span> <span class='ocrx_word' id='word_1_101' title='bbox 859 1486 945 1550; x_wconf 88' lang='lat' dir='ltr'><strong>Petri</strong></span> <span class='ocrx_word' id='word_1_102' title='bbox 963 1489 1092 1570; x_wconf 89' lang='lat' dir='ltr'><strong>recepta</strong></span> <span class='ocrx_word' id='word_1_103' title='bbox 1115 1489 1347 1571; x_wconf 88' lang='lat' dir='ltr'><strong>communione,</strong></span> 
     </span>
     <span class='ocr_line' id='line_1_13' title="bbox 73 1587 1350 1673; baseline -0.001 -19"><span class='ocrx_word' id='word_1_104' title='bbox 73 1612 116 1654; x_wconf 85' lang='lat' dir='ltr'><strong>se</strong></span> <span class='ocrx_word' id='word_1_105' title='bbox 136 1591 288 1673; x_wconf 83' lang='lat' dir='ltr'><strong>doceatur</strong></span> <span class='ocrx_word' id='word_1_106' title='bbox 315 1589 384 1672; x_wconf 90' lang='lat' dir='ltr'><strong>ipse</strong></span> <span class='ocrx_word' id='word_1_107' title='bbox 414 1588 606 1653; x_wconf 84' lang='lat' dir='ltr'><strong>damnasse?</strong></span> <span class='ocrx_word' id='word_1_108' title='bbox 643 1587 707 1652; x_wconf 94' lang='lat' dir='ltr'><strong>Ubi</strong></span> <span class='ocrx_word' id='word_1_109' title='bbox 740 1597 849 1651; x_wconf 86' lang='lat' dir='ltr'><strong>tamen</strong></span> <span class='ocrx_word' id='word_1_110' title='bbox 884 1610 948 1651; x_wconf 90' lang='lat' dir='ltr'><strong>non</strong></span> <span class='ocrx_word' id='word_1_111' title='bbox 982 1588 1083 1651; x_wconf 89' lang='lat' dir='ltr'><strong>selum</strong></span> <span class='ocrx_word' id='word_1_112' title='bbox 1116 1610 1188 1652; x_wconf 89' lang='lat' dir='ltr'><strong>reus</strong></span> <span class='ocrx_word' id='word_1_113' title='bbox 1221 1593 1350 1653; x_wconf 84' lang='lat' dir='ltr'><strong>tenetur</strong></span> 
     </span>
     <span class='ocr_line' id='line_1_14' title="bbox 75 1689 1349 1783; baseline -0.002 -25"><span class='ocrx_word' id='word_1_114' title='bbox 75 1692 229 1774; x_wconf 78' lang='lat' dir='ltr'><strong>Aeacius,</strong></span> <span class='ocrx_word' id='word_1_115' title='bbox 252 1690 306 1754; x_wconf 92' lang='lat' dir='ltr'><strong>sed</strong></span> <span class='ocrx_word' id='word_1_116' title='bbox 328 1712 439 1754; x_wconf 88' lang='lat' dir='ltr'><strong>omnes</strong></span> <span class='ocrx_word' id='word_1_117' title='bbox 461 1690 629 1774; x_wconf 88' lang='lat' dir='ltr'><strong>pontifices</strong></span> <span class='ocrx_word' id='word_1_118' title='bbox 651 1689 804 1773; x_wconf 85' lang='lat' dir='ltr'><strong>Orientis,</strong></span> <span class='ocrx_word' id='word_1_119' title='bbox 827 1691 882 1774; x_wconf 92' lang='lat' dir='ltr'><strong>qui</strong></span> <span class='ocrx_word' id='word_1_120' title='bbox 904 1691 975 1772; x_wconf 87' lang='lat' dir='ltr'><strong>pari</strong></span> <span class='ocrx_word' id='word_1_121' title='bbox 997 1690 1090 1754; x_wconf 90' lang='lat' dir='ltr'><strong>mede</strong></span> <span class='ocrx_word' id='word_1_122' title='bbox 1108 1691 1147 1783; x_wconf 76' lang='lat' dir='ltr'><strong>in</strong></span> <span class='ocrx_word' id='word_1_123' title='bbox 1169 1689 1249 1755; x_wconf 86' lang='lat' dir='ltr'><strong>haec</strong></span> <span class='ocrx_word' id='word_1_124' title='bbox 1271 1692 1349 1755; x_wconf 90' lang='lat' dir='ltr'><strong>reci-</strong></span> 
     </span>
     <span class='ocr_line' id='line_1_15' title="bbox 74 1791 1350 1876; baseline -0.001 -18"><span class='ocrx_word' id='word_1_125' title='bbox 74 1794 203 1873; x_wconf 70' lang='lat' dir='ltr'><strong>dere⁸⁵l</strong></span> <span class='ocrx_word' id='word_1_126' title='bbox 225 1792 376 1876; x_wconf 80' lang='lat' dir='ltr'><strong>contagia</strong></span> <span class='ocrx_word' id='word_1_127' title='bbox 397 1792 573 1875; x_wconf 86' lang='lat' dir='ltr'><strong>meritoque</strong></span> <span class='ocrx_word' id='word_1_128' title='bbox 589 1791 684 1855; x_wconf 89' lang='lat' dir='ltr'><strong>simili</strong></span> <span class='ocrx_word' id='word_1_129' title='bbox 705 1792 912 1855; x_wconf 87' lang='lat' dir='ltr'><strong>damnatione</strong></span> <span class='ocrx_word' id='word_1_130' title='bbox 934 1795 1088 1856; x_wconf 88' lang='lat' dir='ltr'><strong>tenentur</strong></span> <span class='ocrx_word' id='word_1_131' title='bbox 1110 1792 1266 1875; x_wconf 86' lang='lat' dir='ltr'><strong>obstricti,</strong></span> <span class='ocrx_word' id='word_1_132' title='bbox 1290 1814 1350 1857; x_wconf 90' lang='lat' dir='ltr'><strong>nee</strong></span> 
     </span>
     <span class='ocr_line' id='line_1_16' title="bbox 74 1892 1349 1980; baseline -0.002 -20"><span class='ocrx_word' id='word_1_133' title='bbox 74 1895 157 1960; x_wconf 90' lang='lat' dir='ltr'><strong>inde</strong></span> <span class='ocrx_word' id='word_1_134' title='bbox 179 1897 313 1980; x_wconf 82' lang='lat' dir='ltr'><strong>possunt</strong></span> <span class='ocrx_word' id='word_1_135' title='bbox 335 1893 496 1958; x_wconf 80' lang='lat' dir='ltr'><strong>ullatenus</strong></span> <span class='ocrx_word' id='word_1_136' title='bbox 519 1892 672 1976; x_wconf 87' lang='lat' dir='ltr'><strong>expediri,</strong></span> <span class='ocrx_word' id='word_1_137' title='bbox 696 1893 759 1956; x_wconf 89' lang='lat' dir='ltr'><strong>nisi</strong></span> <span class='ocrx_word' id='word_1_138' title='bbox 780 1893 854 1956; x_wconf 83' lang='lat' dir='ltr'><strong>drun</strong></span> <span class='ocrx_word' id='word_1_139' title='bbox 877 1896 1049 1976; x_wconf 88' lang='lat' dir='ltr'><strong>supersunt</strong></span> <span class='ocrx_word' id='word_1_140' title='bbox 1072 1916 1091 1957; x_wconf 90' lang='lat' dir='ltr'><strong>a</strong></span> <span class='ocrx_word' id='word_1_141' title='bbox 1111 1892 1230 1957; x_wconf 90' lang='lat' dir='ltr'><strong>talibus</strong></span> <span class='ocrx_word' id='word_1_142' title='bbox 1252 1894 1349 1959; x_wconf 87' lang='lat' dir='ltr'><strong>absti-</strong></span> 
     </span>
     <span class='ocr_line' id='line_1_17' title="bbox 77 1993 1351 2079; baseline -0.002 -17"><span class='ocrx_word' id='word_1_143' title='bbox 77 1997 199 2062; x_wconf 85' lang='lat' dir='ltr'><strong>nendo.</strong></span> <span class='ocrx_word' id='word_1_144' title='bbox 242 1995 311 2060; x_wconf 88' lang='lat' dir='ltr'><strong>Nec</strong></span> <span class='ocrx_word' id='word_1_145' title='bbox 333 2017 393 2059; x_wconf 90' lang='lat' dir='ltr'><strong>nes</strong></span> <span class='ocrx_word' id='word_1_146' title='bbox 414 1998 541 2078; x_wconf 79' lang='lat' dir='ltr'><strong>oportet</strong></span> <span class='ocrx_word' id='word_1_147' title='bbox 561 1994 597 2058; x_wconf 87' lang='lat' dir='ltr'><strong>iu</strong></span> <span class='ocrx_word' id='word_1_148' title='bbox 618 1993 738 2057; x_wconf 90' lang='lat' dir='ltr'><strong>talibus</strong></span> <span class='ocrx_word' id='word_1_149' title='bbox 760 1994 864 2058; x_wconf 88' lang='lat' dir='ltr'><strong>causis</strong></span> <span class='ocrx_word' id='word_1_150' title='bbox 887 1994 949 2058; x_wconf 91' lang='lat' dir='ltr'><strong>nisi</strong></span> <span class='ocrx_word' id='word_1_151' title='bbox 972 1995 1036 2058; x_wconf 92' lang='lat' dir='ltr'><strong>illis</strong></span> <span class='ocrx_word' id='word_1_152' title='bbox 1060 1995 1197 2076; x_wconf 89' lang='lat' dir='ltr'><strong>credere,</strong></span> <span class='ocrx_word' id='word_1_153' title='bbox 1221 1997 1275 2079; x_wconf 92' lang='lat' dir='ltr'><strong>qui</strong></span> <span class='ocrx_word' id='word_1_154' title='bbox 1294 2000 1351 2059; x_wconf 89' lang='lat' dir='ltr'><strong>aut</strong></span> 
     </span>
     <span class='ocr_line' id='line_1_18' title="bbox 75 2095 1350 2180; baseline -0.002 -17"><span class='ocrx_word' id='word_1_155' title='bbox 75 2097 213 2163; x_wconf 88' lang='lat' dir='ltr'><strong>omniuo</strong></span> <span class='ocrx_word' id='word_1_156' title='bbox 233 2119 268 2160; x_wconf 86' lang='lat' dir='ltr'><strong>se</strong></span> <span class='ocrx_word' id='word_1_157' title='bbox 289 2097 397 2161; x_wconf 85' lang='lat' dir='ltr'><strong>sciunt</strong></span> <span class='ocrx_word' id='word_1_158' title='bbox 418 2096 459 2161; x_wconf 94' lang='lat' dir='ltr'><strong>ab</strong></span> <span class='ocrx_word' id='word_1_159' title='bbox 481 2095 575 2178; x_wconf 89' lang='lat' dir='ltr'><strong>hujus</strong></span> <span class='ocrx_word' id='word_1_160' title='bbox 597 2095 749 2180; x_wconf 87' lang='lat' dir='ltr'><strong>perfidiae</strong></span> <span class='ocrx_word' id='word_1_161' title='bbox 771 2095 907 2158; x_wconf 77' lang='lat' dir='ltr'><strong>nexibus</strong></span> <span class='ocrx_word' id='word_1_162' title='bbox 922 2095 1030 2159; x_wconf 90' lang='lat' dir='ltr'><strong>divino</strong></span> <span class='ocrx_word' id='word_1_163' title='bbox 1046 2097 1200 2160; x_wconf 89' lang='lat' dir='ltr'><strong>beneficio</strong></span> <span class='ocrx_word' id='word_1_164' title='bbox 1223 2119 1350 2161; x_wconf 89' lang='lat' dir='ltr'><strong>servare</strong></span> 
     </span>
     <span class='ocr_line' id='line_1_19' title="bbox 76 2197 1350 2282; baseline -0.002 -18"><span class='ocrx_word' id='word_1_165' title='bbox 76 2200 245 2282; x_wconf 81' lang='lat' dir='ltr'><strong>discretos,</strong></span> <span class='ocrx_word' id='word_1_166' title='bbox 269 2201 326 2261; x_wconf 83' lang='lat' dir='ltr'><strong>aut</strong></span> <span class='ocrx_word' id='word_1_167' title='bbox 346 2197 408 2279; x_wconf 89' lang='lat' dir='ltr'><strong>his,</strong></span> <span class='ocrx_word' id='word_1_168' title='bbox 431 2199 484 2281; x_wconf 89' lang='lat' dir='ltr'><strong>qui</strong></span> <span class='ocrx_word' id='word_1_169' title='bbox 509 2220 528 2260; x_wconf 93' lang='lat' dir='ltr'><strong>a</strong></span> <span class='ocrx_word' id='word_1_170' title='bbox 549 2197 742 2282; x_wconf 87' lang='lat' dir='ltr'><strong>perfidorum</strong></span> <span class='ocrx_word' id='word_1_171' title='bbox 766 2197 926 2261; x_wconf 85' lang='lat' dir='ltr'><strong>consortio</strong></span> <span class='ocrx_word' id='word_1_172' title='bbox 948 2202 1157 2264; x_wconf 85' lang='lat' dir='ltr'><strong>recesserunt.</strong></span> <span class='ocrx_word' id='word_1_173' title='bbox 1203 2197 1289 2262; x_wconf 89' lang='lat' dir='ltr'><strong>Nam</strong></span> <span class='ocrx_word' id='word_1_174' title='bbox 1316 2200 1350 2262; x_wconf 88' lang='lat' dir='ltr'><strong>in</strong></span> 
     </span>
     <span class='ocr_line' id='line_1_20' title="bbox 78 2298 1351 2386; baseline -0.001 -22"><span class='ocrx_word' id='word_1_175' title='bbox 78 2300 274 2386; x_wconf 83' lang='lat' dir='ltr'><strong>perlidomm</strong></span> <span class='ocrx_word' id='word_1_176' title='bbox 302 2300 453 2384; x_wconf 79' lang='lat' dir='ltr'><strong>contagio</strong></span> <span class='ocrx_word' id='word_1_177' title='bbox 470 2299 654 2363; x_wconf 87' lang='lat' dir='ltr'><strong>constitutis</strong></span> <span class='ocrx_word' id='word_1_178' title='bbox 677 2321 772 2383; x_wconf 86' lang='lat' dir='ltr'><strong>quam</strong></span> <span class='ocrx_word' id='word_1_179' title='bbox 794 2298 889 2361; x_wconf 89' lang='lat' dir='ltr'><strong>fidem</strong></span> <span class='ocrx_word' id='word_1_180' title='bbox 911 2321 969 2382; x_wconf 86' lang='lat' dir='ltr'><strong>pro</strong></span> <span class='ocrx_word' id='word_1_181' title='bbox 992 2300 1136 2362; x_wconf 84' lang='lat' dir='ltr'><strong>sincerae</strong></span> <span class='ocrx_word' id='word_1_182' title='bbox 1158 2302 1351 2365; x_wconf 85' lang='lat' dir='ltr'><strong>eommunic-</strong></span> 
     </span>
     <span class='ocr_line' id='line_1_21' title="bbox 78 2388 1351 2485; baseline -0.002 -18"><span class='ocrx_word' id='word_1_183' title='bbox 78 2403 135 2467; x_wconf 84' lang='lat' dir='ltr'><strong>nis</strong></span> <span class='ocrx_word' id='word_1_184' title='bbox 146 2401 373 2466; x_wconf 81' lang='lat' dir='ltr'><strong>testificatione</strong></span> <span class='ocrx_word' id='word_1_185' title='bbox 388 2388 556 2485; x_wconf 84' lang='lat' dir='ltr'><strong>possmnus</strong></span> <span class='ocrx_word' id='word_1_186' title='bbox 572 2400 740 2482; x_wconf 89' lang='lat' dir='ltr'><strong>adhibere,</strong></span> <span class='ocrx_word' id='word_1_187' title='bbox 764 2401 819 2484; x_wconf 90' lang='lat' dir='ltr'><strong>qui</strong></span> <span class='ocrx_word' id='word_1_188' title='bbox 838 2400 921 2484; x_wconf 60' lang='lat' dir='ltr'><strong>ina..)</strong></span> <span class='ocrx_word' id='word_1_189' title='bbox 945 2401 1106 2464; x_wconf 83' lang='lat' dir='ltr'><strong>insincera</strong></span> <span class='ocrx_word' id='word_1_190' title='bbox 1129 2403 1351 2467; x_wconf 86' lang='lat' dir='ltr'><strong>communione</strong></span> 
     </span>
     <span class='ocr_line' id='line_1_22' title="bbox 76 2501 1350 2590; baseline -0.001 -22"><span class='ocrx_word' id='word_1_191' title='bbox 76 2508 159 2568; x_wconf 85' lang='lat' dir='ltr'><strong>sunt</strong></span> <span class='ocrx_word' id='word_1_192' title='bbox 179 2501 300 2589; x_wconf 78' lang='lat' dir='ltr'><strong>positi?</strong></span> <span class='ocrx_word' id='word_1_193' title='bbox 342 2501 411 2566; x_wconf 90' lang='lat' dir='ltr'><strong>Nec</strong></span> <span class='ocrx_word' id='word_1_194' title='bbox 439 2524 548 2566; x_wconf 89' lang='lat' dir='ltr'><strong>eorum</strong></span> <span class='ocrx_word' id='word_1_195' title='bbox 569 2503 763 2590; x_wconf 87' lang='lat' dir='ltr'><strong>testimoniis</strong></span> <span class='ocrx_word' id='word_1_196' title='bbox 791 2502 898 2582; x_wconf 58' lang='lat' dir='ltr'><strong>nitiffl)</strong></span> <span class='ocrx_word' id='word_1_197' title='bbox 927 2523 985 2584; x_wconf 87' lang='lat' dir='ltr'><strong>pro</strong></span> <span class='ocrx_word' id='word_1_198' title='bbox 1008 2503 1143 2566; x_wconf 83' lang='lat' dir='ltr'><strong>veritate</strong></span> <span class='ocrx_word' id='word_1_199' title='bbox 1165 2504 1350 2586; x_wconf 85' lang='lat' dir='ltr'><strong>poterimus,</strong></span> 
     </span>
     <span class='ocr_line' id='line_1_23' title="bbox 76 2603 1350 2692; baseline -0.002 -23"><span class='ocrx_word' id='word_1_200' title='bbox 76 2606 135 2692; x_wconf 87' lang='lat' dir='ltr'><strong>qui</strong></span> <span class='ocrx_word' id='word_1_201' title='bbox 157 2605 349 2689; x_wconf 80' lang='lat' dir='ltr'><strong>impugnare</strong></span> <span class='ocrx_word' id='word_1_202' title='bbox 371 2605 522 2668; x_wconf 89' lang='lat' dir='ltr'><strong>nituntur</strong></span> <span class='ocrx_word' id='word_1_203' title='bbox 542 2604 741 2668; x_wconf 84' lang='lat' dir='ltr'><strong>falsitatibus</strong></span> <span class='ocrx_word' id='word_1_204' title='bbox 765 2604 942 2667; x_wconf 85' lang='lat' dir='ltr'><strong>veritatem.</strong></span> <span class='ocrx_word' id='word_1_205' title='bbox 990 2603 1113 2685; x_wconf 83' lang='lat' dir='ltr'><strong>Restat,</strong></span> <span class='ocrx_word' id='word_1_206' title='bbox 1142 2607 1264 2667; x_wconf 90' lang='lat' dir='ltr'><strong>utnon</strong></span> <span class='ocrx_word' id='word_1_207' title='bbox 1288 2605 1350 2669; x_wconf 88' lang='lat' dir='ltr'><strong>nisi</strong></span> 
     </span>
     <span class='ocr_line' id='line_1_24' title="bbox 76 2705 1307 2789; baseline -0.003 -17"><span class='ocrx_word' id='word_1_208' title='bbox 76 2705 146 2772; x_wconf 77' lang='lat' dir='ltr'><strong>illis</strong></span> <span class='ocrx_word' id='word_1_209' title='bbox 169 2706 298 2770; x_wconf 85' lang='lat' dir='ltr'><strong>credere</strong></span> <span class='ocrx_word' id='word_1_210' title='bbox 320 2705 502 2787; x_wconf 79' lang='lat' dir='ltr'><strong>debeamuS,</strong></span> <span class='ocrx_word' id='word_1_211' title='bbox 526 2706 580 2789; x_wconf 91' lang='lat' dir='ltr'><strong>qui</strong></span> <span class='ocrx_word' id='word_1_212' title='bbox 604 2706 644 2768; x_wconf 93' lang='lat' dir='ltr'><strong>ab</strong></span> <span class='ocrx_word' id='word_1_213' title='bbox 667 2706 753 2768; x_wconf 85' lang='lat' dir='ltr'><strong>omni</strong></span> <span class='ocrx_word' id='word_1_214' title='bbox 777 2705 971 2785; x_wconf 74' lang='lat' dir='ltr'><strong>contagione</strong></span> <span class='ocrx_word' id='word_1_215' title='bbox 994 2709 1070 2768; x_wconf 86' lang='lat' dir='ltr'><strong>sunt</strong></span> <span class='ocrx_word' id='word_1_216' title='bbox 1092 2705 1195 2768; x_wconf 83' lang='lat' dir='ltr'><strong>liberi.</strong></span> <span class='ocrx_word' id='word_1_217' title='bbox 1302 2738 1307 2749; x_wconf 54' lang='grc' dir='ltr'><em>ι</em></span> 
     </span>
    </p>
   </div>
   <div class='ocr_carea' id='block_1_3' title="bbox 590 2892 852 2993">
    <p class='ocr_par' dir='ltr' id='par_1_3' title="bbox 590 2892 852 2993">
     <span class='ocr_line' id='line_1_25' title="bbox 590 2892 852 2993; baseline -0.008 -18"><span class='ocrx_word' id='word_1_218' title='bbox 590 2892 769 2993; x_wconf 80' lang='lat' dir='ltr'><strong>Epistola</strong></span> <span class='ocrx_word' id='word_1_219' title='bbox 796 2894 852 2973; x_wconf 76' lang='lat'><strong>28.</strong></span> 
     </span>
    </p>
   </div>
   <div class='ocr_carea' id='block_1_4' title="bbox 330 3042 1478 3127">
    <p class='ocr_par' dir='ltr' id='par_1_4' title="bbox 330 3042 1478 3127">
     <span class='ocr_line' id='line_1_26' title="bbox 330 3042 1478 3127; baseline -0.003 -15"><span class='ocrx_word' id='word_1_220' title='bbox 330 3044 464 3112; x_wconf 78' lang='lat' dir='ltr'><strong>(lelasll</strong></span> <span class='ocrx_word' id='word_1_221' title='bbox 489 3060 598 3127; x_wconf 85' lang='lat' dir='ltr'><strong>papae</strong></span> <span class='ocrx_word' id='word_1_222' title='bbox 624 3043 666 3108; x_wconf 88' lang='lat' dir='ltr'><strong>ad</strong></span> <span class='ocrx_word' id='word_1_223' title='bbox 690 3044 871 3125; x_wconf 84' lang='lat' dir='ltr'><strong>episcopos</strong></span> <span class='ocrx_word' id='word_1_224' title='bbox 893 3042 1106 3108; x_wconf 81' lang='lat' dir='ltr'><strong>Bardanlae.</strong></span> <span class='ocrx_word' id='word_1_225' title='bbox 1364 3062 1478 3122; x_wconf 69' lang='lat' dir='ltr'><strong>anas.)</strong></span> 
     </span>
    </p>
   </div>
   <div class='ocr_carea' id='block_1_5' title="bbox 17 3183 1284 3333">
    <p class='ocr_par' dir='ltr' id='par_1_5' title="bbox 17 3183 1284 3333">
     <span class='ocr_line' id='line_1_27' title="bbox 17 3183 1284 3247; baseline -0.005 -11"><span class='ocrx_word' id='word_1_226' title='bbox 17 3192 60 3239; x_wconf 71' lang='grc'><strong>89.</strong></span> <span class='ocrx_word' id='word_1_227' title='bbox 75 3184 85 3199; x_wconf 83' lang='grc'><em>“</em></span> <span class='ocrx_word' id='word_1_228' title='bbox 150 3185 187 3236; x_wconf 74' lang='lat' dir='ltr'><strong>Ut</strong></span> <span class='ocrx_word' id='word_1_229' title='bbox 202 3185 339 3234; x_wconf 63' lang='lat' dir='ltr'><strong>sesamum</strong></span> <span class='ocrx_word' id='word_1_230' title='bbox 355 3193 464 3235; x_wconf 79' lang='lat' dir='ltr'><strong>veterem</strong></span> <span class='ocrx_word' id='word_1_231' title='bbox 480 3183 687 3234; x_wconf 77' lang='lat' dir='ltr'><strong>consuetudinem</strong></span> <span class='ocrx_word' id='word_1_232' title='bbox 703 3186 783 3231; x_wconf 79' lang='lat' dir='ltr'><strong>statui</strong></span> <span class='ocrx_word' id='word_1_233' title='bbox 799 3185 935 3247; x_wconf 80' lang='lat' dir='ltr'><strong>episcopos</strong></span> <span class='ocrx_word' id='word_1_234' title='bbox 951 3202 967 3230; x_wconf 84' lang='lat' dir='ltr'><strong>n</strong></span> <span class='ocrx_word' id='word_1_235' title='bbox 984 3199 1030 3232; x_wconf 83' lang='lat' dir='ltr'><strong>suo</strong></span> <span class='ocrx_word' id='word_1_236' title='bbox 1048 3186 1242 3245; x_wconf 66' lang='lat' dir='ltr'><strong>inerropolimno</strong></span> <span class='ocrx_word' id='word_1_237' title='bbox 1260 3191 1284 3231; x_wconf 80' lang='lat' dir='ltr'><strong>et</strong></span> 
     </span>
     <span class='ocr_line' id='line_1_28' title="bbox 428 3270 1007 3333; baseline -0.003 -15"><span class='ocrx_word' id='word_1_238' title='bbox 428 3271 645 3333; x_wconf 76' lang='lat' dir='ltr'><strong>metropolitanum</strong></span> <span class='ocrx_word' id='word_1_239' title='bbox 662 3284 679 3316; x_wconf 85' lang='lat' dir='ltr'><strong>a</strong></span> <span class='ocrx_word' id='word_1_240' title='bbox 695 3270 748 3316; x_wconf 82' lang='lat' dir='ltr'><strong>sais</strong></span> <span class='ocrx_word' id='word_1_241' title='bbox 766 3270 894 3332; x_wconf 80' lang='lat' dir='ltr'><strong>episcopis</strong></span> <span class='ocrx_word' id='word_1_242' title='bbox 911 3276 1007 3318; x_wconf 82' lang='lat' dir='ltr'><strong>carent.</strong></span> 
     </span>
    </p>
   </div>
   <div class='ocr_carea' id='block_1_6' title="bbox 237 3398 1267 3483">
    <p class='ocr_par' dir='ltr' id='par_1_6' title="bbox 237 3398 1267 3483">
     <span class='ocr_line' id='line_1_29' title="bbox 237 3398 1267 3483; baseline 0.001 -20"><span class='ocrx_word' id='word_1_243' title='bbox 237 3400 423 3464; x_wconf 71' lang='lat' dir='ltr'><strong>(talasius</strong></span> <span class='ocrx_word' id='word_1_244' title='bbox 446 3400 647 3464; x_wconf 86' lang='lat' dir='ltr'><strong>universis</strong></span> <span class='ocrx_word' id='word_1_245' title='bbox 662 3422 731 3483; x_wconf 91' lang='lat' dir='ltr'><strong>per</strong></span> <span class='ocrx_word' id='word_1_246' title='bbox 752 3398 995 3463; x_wconf 86' lang='lat' dir='ltr'><strong>Dardaniam</strong></span> <span class='ocrx_word' id='word_1_247' title='bbox 1019 3400 1267 3464; x_wconf 87' lang='lat' dir='ltr'><strong>constitutis.</strong></span> 
     </span>
    </p>
   </div>
   <div class='ocr_carea' id='block_1_7' title="bbox 68 3518 1353 3705">
    <p class='ocr_par' dir='ltr' id='par_1_7' title="bbox 68 3518 1353 3705">
     <span class='ocr_line' id='line_1_30' title="bbox 166 3518 1350 3602; baseline -0.001 -19"><span class='ocrx_word' id='word_1_248' title='bbox 166 3520 253 3595; x_wconf 70' lang='lat' dir='ltr'><strong>Quia</strong></span> <span class='ocrx_word' id='word_1_249' title='bbox 280 3540 338 3602; x_wconf 90' lang='lat' dir='ltr'><strong>per</strong></span> <span class='ocrx_word' id='word_1_250' title='bbox 364 3518 555 3582; x_wconf 85' lang='lat' dir='ltr'><strong>ambitiones</strong></span> <span class='ocrx_word' id='word_1_251' title='bbox 584 3518 713 3581; x_wconf 82' lang='lat' dir='ltr'><strong>illicitas</strong></span> <span class='ocrx_word' id='word_1_252' title='bbox 749 3542 812 3582; x_wconf 83' lang='lat' dir='ltr'><strong>nen</strong></span> <span class='ocrx_word' id='word_1_253' title='bbox 842 3518 940 3601; x_wconf 80' lang='lat' dir='ltr'><strong>pudet</strong></span> <span class='ocrx_word' id='word_1_254' title='bbox 966 3519 1118 3601; x_wconf 88' lang='lat' dir='ltr'><strong>quosdam</strong></span> <span class='ocrx_word' id='word_1_255' title='bbox 1148 3519 1350 3583; x_wconf 87' lang='lat' dir='ltr'><strong>eeclesiarum</strong></span> 
     </span>
     <span class='ocr_line' id='line_1_31' title="bbox 68 3619 1353 3705; baseline -0.003 -20"><span class='ocrx_word' id='word_1_256' title='bbox 68 3624 152 3705; x_wconf 85' lang='lat' dir='ltr'><strong>jura</strong></span> <span class='ocrx_word' id='word_1_257' title='bbox 175 3620 310 3685; x_wconf 85' lang='lat' dir='ltr'><strong>turbare</strong></span> <span class='ocrx_word' id='word_1_258' title='bbox 319 3619 354 3703; x_wconf 88' lang='lat'><strong>¹),</strong></span> <span class='ocrx_word' id='word_1_259' title='bbox 378 3642 416 3684; x_wconf 88' lang='lat' dir='ltr'><strong>ac</strong></span> <span class='ocrx_word' id='word_1_260' title='bbox 438 3620 617 3704; x_wconf 76' lang='lat' dir='ltr'><strong>privilegia,</strong></span> <span class='ocrx_word' id='word_1_261' title='bbox 647 3642 727 3704; x_wconf 88' lang='lat' dir='ltr'><strong>quae</strong></span> <span class='ocrx_word' id='word_1_262' title='bbox 755 3620 1010 3704; x_wconf 86' lang='lat' dir='ltr'><strong>metropolitanis</strong></span> <span class='ocrx_word' id='word_1_263' title='bbox 1035 3620 1081 3682; x_wconf 87' lang='lat' dir='ltr'><strong>vel</strong></span> <span class='ocrx_word' id='word_1_264' title='bbox 1105 3620 1353 3703; x_wconf 84' lang='lat' dir='ltr'><strong>provincialibus</strong></span> 
     </span>
    </p>
   </div>
   <div class='ocr_carea' id='block_1_8' title="bbox 57 3920 1358 4926">
    <p class='ocr_par' dir='ltr' id='par_1_8' title="bbox 146 3920 1256 3995">
     <span class='ocr_line' id='line_1_32' title="bbox 146 3920 1256 3995; baseline -0.003 -14"><span class='ocrx_word' id='word_1_265' title='bbox 146 3930 184 3995; x_wconf 70' lang='lat'><strong>⁸¹)</strong></span> <span class='ocrx_word' id='word_1_266' title='bbox 202 3927 249 3981; x_wconf 69' lang='lat' dir='ltr'><strong>lia</strong></span> <span class='ocrx_word' id='word_1_267' title='bbox 264 3925 302 3979; x_wconf 78' lang='lat' dir='ltr'><strong>D‘</strong></span> <span class='ocrx_word' id='word_1_268' title='bbox 314 3924 349 3978; x_wconf 64' lang='grc' dir='ltr'><strong>Β*</strong></span> <span class='ocrx_word' id='word_1_269' title='bbox 360 3925 397 3978; x_wconf 77' lang='lat' dir='ltr'><strong>D⁹</strong></span> <span class='ocrx_word' id='word_1_270' title='bbox 409 3920 443 3978; x_wconf 69' lang='lat' dir='ltr'><strong>Fl¹</strong></span> <span class='ocrx_word' id='word_1_271' title='bbox 456 3924 495 3978; x_wconf 58' lang='grc' dir='ltr'><strong>ΕΝ</strong></span> <span class='ocrx_word' id='word_1_272' title='bbox 508 3925 545 3978; x_wconf 83' lang='lat' dir='ltr'><strong>N⁸</strong></span> <span class='ocrx_word' id='word_1_273' title='bbox 557 3927 592 3977; x_wconf 63' lang='grc' dir='ltr'><strong>Οι</strong></span> <span class='ocrx_word' id='word_1_274' title='bbox 605 3924 632 3977; x_wconf 73' lang='lat' dir='ltr'><strong>dl</strong></span> <span class='ocrx_word' id='word_1_275' title='bbox 647 3924 688 3990; x_wconf 81' lang='lat' dir='ltr'><strong>d²;</strong></span> <span class='ocrx_word' id='word_1_276' title='bbox 707 3928 739 3977; x_wconf 84' lang='lat'><strong>0¹</strong></span> <span class='ocrx_word' id='word_1_277' title='bbox 754 3930 780 3978; x_wconf 65' lang='lat' dir='ltr'><strong>ei</strong></span> <span class='ocrx_word' id='word_1_278' title='bbox 797 3942 874 3993; x_wconf 87' lang='lat' dir='ltr'><strong>seqq.</strong></span> <span class='ocrx_word' id='word_1_279' title='bbox 894 3923 1026 3977; x_wconf 83' lang='lat' dir='ltr'><strong>omittunt</strong></span> <span class='ocrx_word' id='word_1_280' title='bbox 1043 3929 1118 3993; x_wconf 78' lang='lat' dir='ltr'><strong>quid:</strong></span> <span class='ocrx_word' id='word_1_281' title='bbox 1137 3927 1160 3977; x_wconf 82' lang='lat' dir='ltr'><strong>e&#39;</strong></span> <span class='ocrx_word' id='word_1_282' title='bbox 1181 3931 1256 3994; x_wconf 73' lang='lat' dir='ltr'><strong>praed.</strong></span> 
     </span>
    </p>

    <p class='ocr_par' dir='ltr' id='par_1_9' title="bbox 71 4007 1354 4160">
     <span class='ocr_line' id='line_1_33' title="bbox 147 4007 1354 4078; baseline 0 -15"><span class='ocrx_word' id='word_1_283' title='bbox 147 4014 185 4078; x_wconf 60' lang='grc' dir='ltr'><strong>θ’)</strong></span> <span class='ocrx_word' id='word_1_284' title='bbox 204 4009 250 4064; x_wconf 80' lang='lat' dir='ltr'><strong>lta</strong></span> <span class='ocrx_word' id='word_1_285' title='bbox 266 4009 303 4063; x_wconf 84' lang='lat' dir='ltr'><strong>N⁸</strong></span> <span class='ocrx_word' id='word_1_286' title='bbox 316 4009 352 4063; x_wconf 73' lang='lat' dir='ltr'><strong>D⁴</strong></span> <span class='ocrx_word' id='word_1_287' title='bbox 365 4009 399 4063; x_wconf 63' lang='lat' dir='ltr'><strong>Fi</strong></span> <span class='ocrx_word' id='word_1_288' title='bbox 412 4009 452 4063; x_wconf 62' lang='lat' dir='ltr'><strong>Ffl</strong></span> <span class='ocrx_word' id='word_1_289' title='bbox 465 4010 498 4062; x_wconf 85' lang='lat'><strong>0¹</strong></span> <span class='ocrx_word' id='word_1_290' title='bbox 513 4011 548 4063; x_wconf 77' lang='lat'><strong>0²</strong></span> <span class='ocrx_word' id='word_1_291' title='bbox 560 4013 584 4062; x_wconf 82' lang='grc' dir='ltr'><strong>ο1</strong></span> <span class='ocrx_word' id='word_1_292' title='bbox 598 4015 625 4062; x_wconf 65' lang='lat'><strong>0⁵</strong></span> <span class='ocrx_word' id='word_1_293' title='bbox 642 4027 718 4077; x_wconf 88' lang='lat' dir='ltr'><strong>seqq.</strong></span> <span class='ocrx_word' id='word_1_294' title='bbox 739 4008 781 4075; x_wconf 57' lang='lat'><strong>(1²,</strong></span> <span class='ocrx_word' id='word_1_295' title='bbox 799 4007 851 4061; x_wconf 89' lang='lat' dir='ltr'><strong>nisi</strong></span> <span class='ocrx_word' id='word_1_296' title='bbox 874 4008 948 4076; x_wconf 89' lang='lat' dir='ltr'><strong>qnod</strong></span> <span class='ocrx_word' id='word_1_297' title='bbox 968 4010 993 4061; x_wconf 77' lang='lat' dir='ltr'><strong>e⁵</strong></span> <span class='ocrx_word' id='word_1_298' title='bbox 1011 4024 1087 4077; x_wconf 88' lang='lat' dir='ltr'><strong>seqq.</strong></span> <span class='ocrx_word' id='word_1_299' title='bbox 1109 4029 1159 4076; x_wconf 82' lang='lat' dir='ltr'><strong>per</strong></span> <span class='ocrx_word' id='word_1_300' title='bbox 1176 4014 1296 4077; x_wconf 76' lang='lat' dir='ltr'><strong>insector,</strong></span> <span class='ocrx_word' id='word_1_301' title='bbox 1320 4014 1354 4063; x_wconf 83' lang='lat'><strong>0¹</strong></span> 
     </span>
     <span class='ocr_line' id='line_1_34' title="bbox 71 4093 1354 4160; baseline -0.006 -7"><span class='ocrx_word' id='word_1_302' title='bbox 71 4098 247 4155; x_wconf 72' lang='lat' dir='ltr'><strong>Antiocheno</strong></span> <span class='ocrx_word' id='word_1_303' title='bbox 267 4097 354 4149; x_wconf 76' lang='lat' dir='ltr'><strong>Petro.</strong></span> <span class='ocrx_word' id='word_1_304' title='bbox 390 4093 497 4148; x_wconf 78' lang='lat' dir='ltr'><strong>Deinde</strong></span> <span class='ocrx_word' id='word_1_305' title='bbox 515 4093 544 4146; x_wconf 86' lang='lat' dir='ltr'><strong>d¹</strong></span> <span class='ocrx_word' id='word_1_306' title='bbox 562 4114 590 4147; x_wconf 82' lang='lat' dir='ltr'><strong>se</strong></span> <span class='ocrx_word' id='word_1_307' title='bbox 608 4099 731 4147; x_wconf 81' lang='lat' dir='ltr'><strong>doceatur</strong></span> <span class='ocrx_word' id='word_1_308' title='bbox 749 4113 779 4147; x_wconf 86' lang='lat' dir='ltr'><strong>co</strong></span> <span class='ocrx_word' id='word_1_309' title='bbox 797 4104 900 4160; x_wconf 79' lang='lat' dir='ltr'><strong>recepto</strong></span> <span class='ocrx_word' id='word_1_310' title='bbox 919 4114 936 4146; x_wconf 86' lang='lat' dir='ltr'><strong>a</strong></span> <span class='ocrx_word' id='word_1_311' title='bbox 953 4099 1120 4147; x_wconf 80' lang='lat' dir='ltr'><strong>comnrrmr’ane</strong></span> <span class='ocrx_word' id='word_1_312' title='bbox 1138 4098 1194 4160; x_wconf 80' lang='lat' dir='ltr'><strong>ipae</strong></span> <span class='ocrx_word' id='word_1_313' title='bbox 1213 4098 1354 4146; x_wconf 63' lang='lat' dir='ltr'><strong>derrasse.</strong></span> 
     </span>
    </p>

    <p class='ocr_par' dir='ltr' id='par_1_10' title="bbox 68 4176 1355 4330">
     <span class='ocr_line' id='line_1_35' title="bbox 146 4176 1355 4247; baseline -0.003 -14"><span class='ocrx_word' id='word_1_314' title='bbox 146 4184 185 4247; x_wconf 51' lang='grc' dir='ltr'><strong>ι5)</strong></span> <span class='ocrx_word' id='word_1_315' title='bbox 203 4182 233 4233; x_wconf 78' lang='lat' dir='ltr'><strong>c⁵</strong></span> <span class='ocrx_word' id='word_1_316' title='bbox 249 4194 327 4246; x_wconf 79' lang='lat' dir='ltr'><strong>seqq.</strong></span> <span class='ocrx_word' id='word_1_317' title='bbox 349 4184 477 4241; x_wconf 63' lang='lat' dir='ltr'><strong>ceddae.</strong></span> <span class='ocrx_word' id='word_1_318' title='bbox 514 4178 633 4246; x_wconf 83' lang='lat' dir='ltr'><strong>Moxque</strong></span> <span class='ocrx_word' id='word_1_319' title='bbox 656 4176 691 4230; x_wconf 86' lang='lat' dir='ltr'><strong>D¹</strong></span> <span class='ocrx_word' id='word_1_320' title='bbox 705 4177 739 4231; x_wconf 67' lang='lat' dir='ltr'><strong>Fe</strong></span> <span class='ocrx_word' id='word_1_321' title='bbox 751 4177 792 4230; x_wconf 53' lang='grc' dir='ltr'><strong>ΡΝ</strong></span> <span class='ocrx_word' id='word_1_322' title='bbox 804 4177 842 4232; x_wconf 78' lang='lat' dir='ltr'><strong>N³</strong></span> <span class='ocrx_word' id='word_1_323' title='bbox 854 4176 888 4231; x_wconf 90' lang='lat'><strong>0¹</strong></span> <span class='ocrx_word' id='word_1_324' title='bbox 911 4188 1046 4247; x_wconf 74' lang='lat' dir='ltr'><strong>terreantur</strong></span> <span class='ocrx_word' id='word_1_325' title='bbox 1128 4183 1228 4246; x_wconf 77' lang='lat' dir='ltr'><strong>possint</strong></span> <span class='ocrx_word' id='word_1_326' title='bbox 1246 4179 1355 4244; x_wconf 76' lang='lat' dir='ltr'><strong>(possint</strong></span> 
     </span>
     <span class='ocr_line' id='line_1_36' title="bbox 68 4265 332 4330; baseline 0.023 -5"><span class='ocrx_word' id='word_1_327' title='bbox 68 4268 169 4325; x_wconf 72' lang='lat' dir='ltr'><strong>eriam</strong></span> <span class='ocrx_word' id='word_1_328' title='bbox 187 4269 217 4318; x_wconf 66' lang='lat' dir='ltr'><strong>c⁵</strong></span> <span class='ocrx_word' id='word_1_329' title='bbox 234 4265 332 4330; x_wconf 61' lang='lat' dir='ltr'><strong>nemi·</strong></span> 
     </span>
    </p>

    <p class='ocr_par' dir='ltr' id='par_1_11' title="bbox 64 4346 1355 4502">
     <span class='ocr_line' id='line_1_37' title="bbox 147 4346 1355 4417; baseline -0.004 -15"><span class='ocrx_word' id='word_1_330' title='bbox 147 4353 185 4417; x_wconf 57' lang='grc' dir='ltr'><strong>ὓ)</strong></span> <span class='ocrx_word' id='word_1_331' title='bbox 204 4348 252 4402; x_wconf 81' lang='lat' dir='ltr'><strong>Ita</strong></span> <span class='ocrx_word' id='word_1_332' title='bbox 267 4346 303 4400; x_wconf 68' lang='grc' dir='ltr'><strong>Ρ·</strong></span> <span class='ocrx_word' id='word_1_333' title='bbox 315 4347 355 4401; x_wconf 73' lang='lat'><strong>1¹⁸·</strong></span> <span class='ocrx_word' id='word_1_334' title='bbox 366 4347 404 4401; x_wconf 58' lang='grc' dir='ltr'><strong>Ν*</strong></span> <span class='ocrx_word' id='word_1_335' title='bbox 416 4347 450 4410; x_wconf 82' lang='lat'><strong>0²</strong></span> <span class='ocrx_word' id='word_1_336' title='bbox 462 4347 499 4401; x_wconf 79' lang='lat' dir='ltr'><strong>D⁰</strong></span> <span class='ocrx_word' id='word_1_337' title='bbox 517 4347 649 4416; x_wconf 87' lang='lat' dir='ltr'><strong>(secunda</strong></span> <span class='ocrx_word' id='word_1_338' title='bbox 665 4351 773 4415; x_wconf 86' lang='lat' dir='ltr'><strong>manu),</strong></span> <span class='ocrx_word' id='word_1_339' title='bbox 791 4346 827 4399; x_wconf 70' lang='lat' dir='ltr'><strong>Dl</strong></span> <span class='ocrx_word' id='word_1_340' title='bbox 844 4353 887 4417; x_wconf 80' lang='lat' dir='ltr'><strong>qur·</strong></span> <span class='ocrx_word' id='word_1_341' title='bbox 902 4353 1017 4409; x_wconf 80' lang='lat' dir='ltr'><strong>sincera,</strong></span> <span class='ocrx_word' id='word_1_342' title='bbox 1041 4347 1073 4400; x_wconf 85' lang='lat'><strong>0¹</strong></span> <span class='ocrx_word' id='word_1_343' title='bbox 1087 4350 1111 4401; x_wconf 88' lang='lat' dir='ltr'><strong>e¹</strong></span> <span class='ocrx_word' id='word_1_344' title='bbox 1126 4352 1152 4400; x_wconf 75' lang='lat' dir='ltr'><strong>e³</strong></span> <span class='ocrx_word' id='word_1_345' title='bbox 1169 4364 1246 4415; x_wconf 85' lang='lat' dir='ltr'><strong>seqq.</strong></span> <span class='ocrx_word' id='word_1_346' title='bbox 1268 4352 1310 4417; x_wconf 76' lang='lat' dir='ltr'><strong>qui</strong></span> <span class='ocrx_word' id='word_1_347' title='bbox 1330 4354 1355 4398; x_wconf 79' lang='lat' dir='ltr'><strong>m</strong></span> 
     </span>
     <span class='ocr_line' id='line_1_38' title="bbox 64 4431 1176 4502; baseline -0.003 -15"><span class='ocrx_word' id='word_1_348' title='bbox 64 4444 201 4497; x_wconf 59' lang='lat' dir='ltr'><strong>‚iucem</strong></span> <span class='ocrx_word' id='word_1_349' title='bbox 220 4431 250 4485; x_wconf 74' lang='lat' dir='ltr'><strong>d¹</strong></span> <span class='ocrx_word' id='word_1_350' title='bbox 265 4431 295 4485; x_wconf 71' lang='lat' dir='ltr'><strong>d*</strong></span> <span class='ocrx_word' id='word_1_351' title='bbox 312 4438 356 4502; x_wconf 77' lang='lat' dir='ltr'><strong>qni</strong></span> <span class='ocrx_word' id='word_1_352' title='bbox 372 4438 399 4486; x_wconf 79' lang='lat' dir='ltr'><strong>in</strong></span> <span class='ocrx_word' id='word_1_353' title='bbox 416 4452 466 4487; x_wconf 79' lang='lat' dir='ltr'><strong>aaa</strong></span> <span class='ocrx_word' id='word_1_354' title='bbox 482 4439 599 4492; x_wconf 76' lang='lat' dir='ltr'><strong>sincera:</strong></span> <span class='ocrx_word' id='word_1_355' title='bbox 616 4449 736 4500; x_wconf 84' lang='lat' dir='ltr'><strong>moxque</strong></span> <span class='ocrx_word' id='word_1_356' title='bbox 754 4435 780 4485; x_wconf 76' lang='lat' dir='ltr'><strong>e³</strong></span> <span class='ocrx_word' id='word_1_357' title='bbox 798 4447 874 4499; x_wconf 83' lang='lat' dir='ltr'><strong>seqq.</strong></span> <span class='ocrx_word' id='word_1_358' title='bbox 891 4439 984 4500; x_wconf 80' lang='lat' dir='ltr'><strong>polluti</strong></span> <span class='ocrx_word' id='word_1_359' title='bbox 1000 4433 1062 4500; x_wconf 80' lang='lat' dir='ltr'><strong>(pro</strong></span> <span class='ocrx_word' id='word_1_360' title='bbox 1079 4435 1176 4500; x_wconf 79' lang='lat' dir='ltr'><strong>posili).</strong></span> 
     </span>
    </p>

    <p class='ocr_par' dir='ltr' id='par_1_12' title="bbox 147 4515 1157 4587">
     <span class='ocr_line' id='line_1_39' title="bbox 147 4515 1157 4587; baseline 0.002 -16"><span class='ocrx_word' id='word_1_361' title='bbox 147 4523 186 4587; x_wconf 71' lang='lat'><strong>⁵⁷)</strong></span> <span class='ocrx_word' id='word_1_362' title='bbox 205 4516 243 4571; x_wconf 85' lang='lat'><strong>0¹</strong></span> <span class='ocrx_word' id='word_1_363' title='bbox 256 4515 292 4570; x_wconf 84' lang='lat'><strong>0²</strong></span> <span class='ocrx_word' id='word_1_364' title='bbox 304 4519 330 4571; x_wconf 86' lang='lat' dir='ltr'><strong>c&#39;</strong></span> <span class='ocrx_word' id='word_1_365' title='bbox 347 4523 434 4579; x_wconf 64' lang='lat' dir='ltr'><strong>iunci,</strong></span> <span class='ocrx_word' id='word_1_366' title='bbox 452 4533 571 4585; x_wconf 84' lang='lat' dir='ltr'><strong>moxque</strong></span> <span class='ocrx_word' id='word_1_367' title='bbox 591 4521 617 4570; x_wconf 62' lang='grc' dir='ltr'><strong>ο5</strong></span> <span class='ocrx_word' id='word_1_368' title='bbox 634 4533 712 4585; x_wconf 86' lang='lat' dir='ltr'><strong>seqq.</strong></span> <span class='ocrx_word' id='word_1_369' title='bbox 731 4537 780 4570; x_wconf 77' lang='lat' dir='ltr'><strong>non</strong></span> <span class='ocrx_word' id='word_1_370' title='bbox 798 4528 917 4570; x_wconf 81' lang='lat' dir='ltr'><strong>verentur</strong></span> <span class='ocrx_word' id='word_1_371' title='bbox 936 4516 1006 4583; x_wconf 83' lang='lat' dir='ltr'><strong>(loeo</strong></span> <span class='ocrx_word' id='word_1_372' title='bbox 1025 4518 1157 4584; x_wconf 69' lang='lat' dir='ltr'><strong>necarer).</strong></span> 
     </span>
    </p>

    <p class='ocr_par' dir='ltr' id='par_1_13' title="bbox 57 4595 1358 4926">
     <span class='ocr_line' id='line_1_40' title="bbox 148 4595 1356 4672; baseline -0.007 -16"><span class='ocrx_word' id='word_1_373' title='bbox 148 4610 157 4640; x_wconf 85' lang='lat'>⁸</span> <span class='ocrx_word' id='word_1_374' title='bbox 160 4620 172 4672; x_wconf 56' lang='grc' dir='ltr'><strong>Ι·</strong></span> <span class='ocrx_word' id='word_1_375' title='bbox 191 4600 246 4656; x_wconf 68' lang='lat' dir='ltr'><strong>rna</strong></span> <span class='ocrx_word' id='word_1_376' title='bbox 263 4601 356 4656; x_wconf 76' lang='lat' dir='ltr'><strong>verbis</strong></span> <span class='ocrx_word' id='word_1_377' title='bbox 373 4600 493 4656; x_wconf 81' lang='lat' dir='ltr'><strong>maxime</strong></span> <span class='ocrx_word' id='word_1_378' title='bbox 511 4603 645 4657; x_wconf 84' lang='lat' dir='ltr'><strong>notantur</strong></span> <span class='ocrx_word' id='word_1_379' title='bbox 657 4599 958 4670; x_wconf 83' lang='lat' dir='ltr'><strong>Constantinopolitani</strong></span> <span class='ocrx_word' id='word_1_380' title='bbox 974 4599 1124 4665; x_wconf 84' lang='lat' dir='ltr'><strong>antistites,</strong></span> <span class='ocrx_word' id='word_1_381' title='bbox 1143 4616 1203 4663; x_wconf 84' lang='lat' dir='ltr'><strong>seu,</strong></span> <span class='ocrx_word' id='word_1_382' title='bbox 1223 4600 1253 4650; x_wconf 90' lang='lat' dir='ltr'><strong>ut</strong></span> <span class='ocrx_word' id='word_1_383' title='bbox 1270 4595 1356 4665; x_wconf 91' lang='lat' dir='ltr'><strong>loqui-</strong></span> 
     </span>
     <span class='ocr_line' id='line_1_41' title="bbox 61 4685 1357 4757; baseline -0.007 -12"><span class='ocrx_word' id='word_1_384' title='bbox 61 4702 117 4751; x_wconf 76' lang='lat' dir='ltr'><strong>tur</strong></span> <span class='ocrx_word' id='word_1_385' title='bbox 139 4685 282 4745; x_wconf 69' lang='lat' dir='ltr'><strong>Gelafliue</strong></span> <span class='ocrx_word' id='word_1_386' title='bbox 300 4685 380 4757; x_wconf 69' lang='lat' dir='ltr'><strong>epist.</strong></span> <span class='ocrx_word' id='word_1_387' title='bbox 400 4692 433 4741; x_wconf 75' lang='lat'><strong>26</strong></span> <span class='ocrx_word' id='word_1_388' title='bbox 451 4705 478 4740; x_wconf 87' lang='lat' dir='ltr'><strong>n.</strong></span> <span class='ocrx_word' id='word_1_389' title='bbox 494 4693 534 4753; x_wconf 82' lang='lat'><strong>15,</strong></span> <span class='ocrx_word' id='word_1_390' title='bbox 553 4692 597 4757; x_wconf 85' lang='lat' dir='ltr'><strong>qui</strong></span> <span class='ocrx_word' id='word_1_391' title='bbox 612 4692 729 4740; x_wconf 77' lang='lat' dir='ltr'><strong>videntur</strong></span> <span class='ocrx_word' id='word_1_392' title='bbox 747 4692 860 4741; x_wconf 77' lang='lat' dir='ltr'><strong>ecclesiia</strong></span> <span class='ocrx_word' id='word_1_393' title='bbox 878 4688 1046 4739; x_wconf 68' lang='lat' dir='ltr'><strong>Orientalibus</strong></span> <span class='ocrx_word' id='word_1_394' title='bbox 1064 4706 1129 4739; x_wconf 69' lang='lat' dir='ltr'><strong>nosue</strong></span> <span class='ocrx_word' id='word_1_395' title='bbox 1145 4704 1280 4752; x_wconf 76' lang='lat' dir='ltr'><strong>proeesse,</strong></span> <span class='ocrx_word' id='word_1_396' title='bbox 1302 4688 1357 4751; x_wconf 78' lang='lat' dir='ltr'><strong>qai·</strong></span> 
     </span>
     <span class='ocr_line' id='line_1_42' title="bbox 59 4775 1356 4853; baseline -0.007 -24"><span class='ocrx_word' id='word_1_397' title='bbox 59 4802 118 4853; x_wconf 64' lang='lat' dir='ltr'><strong>qne</strong></span> <span class='ocrx_word' id='word_1_398' title='bbox 138 4785 296 4847; x_wconf 76' lang='lat' dir='ltr'><strong>propterea</strong></span> <span class='ocrx_word' id='word_1_399' title='bbox 308 4775 477 4826; x_wconf 68' lang='lat' dir='ltr'><strong>Christianos</strong></span> <span class='ocrx_word' id='word_1_400' title='bbox 494 4778 618 4840; x_wconf 78' lang='lat' dir='ltr'><strong>reparari</strong></span> <span class='ocrx_word' id='word_1_401' title='bbox 634 4779 742 4842; x_wconf 73' lang='lat' dir='ltr'><strong>lepitr&#39;ma</strong></span> <span class='ocrx_word' id='word_1_402' title='bbox 760 4779 893 4826; x_wconf 65' lang='lat' dir='ltr'><strong>curaberis</strong></span> <span class='ocrx_word' id='word_1_403' title='bbox 910 4775 1041 4838; x_wconf 73' lang='lat' dir='ltr'><strong>resupinae</strong></span> <span class='ocrx_word' id='word_1_404' title='bbox 1058 4777 1187 4830; x_wconf 77' lang='lat' dir='ltr'><strong>uallarem,</strong></span> <span class='ocrx_word' id='word_1_405' title='bbox 1207 4775 1265 4838; x_wconf 81' lang='lat' dir='ltr'><strong>quia</strong></span> <span class='ocrx_word' id='word_1_406' title='bbox 1283 4787 1356 4821; x_wconf 81' lang='lat' dir='ltr'><strong>occu·</strong></span> 
     </span>
     <span class='ocr_line' id='line_1_43' title="bbox 57 4859 1358 4926; baseline -0.011 -7"><span class='ocrx_word' id='word_1_407' title='bbox 57 4875 174 4922; x_wconf 62' lang='lat' dir='ltr'><strong>donem</strong></span> <span class='ocrx_word' id='word_1_408' title='bbox 194 4863 367 4913; x_wconf 72' lang='lat' dir='ltr'><strong>dissensionis</strong></span> <span class='ocrx_word' id='word_1_409' title='bbox 383 4861 460 4925; x_wconf 66' lang='lat' dir='ltr'><strong>Ardua</strong></span> <span class='ocrx_word' id='word_1_410' title='bbox 476 4865 529 4911; x_wconf 75' lang='lat' dir='ltr'><strong>siris</strong></span> <span class='ocrx_word' id='word_1_411' title='bbox 546 4861 720 4912; x_wconf 62' lang='lat' dir='ltr'><strong>‘habitionibus</strong></span> <span class='ocrx_word' id='word_1_412' title='bbox 730 4862 918 4926; x_wconf 73' lang='lat' dir='ltr'><strong>sussrnpanlem</strong></span> <span class='ocrx_word' id='word_1_413' title='bbox 936 4862 1066 4924; x_wconf 81' lang='lat' dir='ltr'><strong>deponere</strong></span> <span class='ocrx_word' id='word_1_414' title='bbox 1078 4861 1136 4922; x_wconf 83' lang='lat' dir='ltr'><strong>jam</strong></span> <span class='ocrx_word' id='word_1_415' title='bbox 1147 4866 1278 4917; x_wconf 73' lang='lat' dir='ltr'><strong>recinant,</strong></span> <span class='ocrx_word' id='word_1_416' title='bbox 1298 4859 1358 4923; x_wconf 80' lang='lat' dir='ltr'><strong>quia</strong></span> 
     </span>
    </p>
   </div>
   <div class='ocr_carea' id='block_1_9' title="bbox 1088 4940 1154 5006">
    <p class='ocr_par' dir='ltr' id='par_1_14' title="bbox 1088 4940 1154 5006">
     <span class='ocr_line' id='line_1_44' title="bbox 1088 4940 1154 5006; baseline 0.03 -2"><span class='ocrx_word' id='word_1_417' title='bbox 1088 4940 1154 5006; x_wconf 78' lang='lat'><strong>28*</strong></span> 
     </span>
    </p>
   </div>
   <div class='ocr_carea' id='block_1_10' title="bbox 0 0 1727 5664">
    <p class='ocr_par' dir='ltr' id='par_1_15' title="bbox 0 0 1727 5664">
     <span class='ocr_line' id='line_1_45' title="bbox 0 0 1727 5664; baseline 0 0"><span class='ocrx_word' id='word_1_418' title='bbox 0 0 1727 5664; x_wconf 95' lang='lat' dir='ltr'><strong> </strong></span> 
     </span>
    </p>
   </div>
  </div>
 </body>
</html>
