3450 5678
742 366 912 417 nussuons
937 357 967 415 6.
1428 348 1491 413 689

222 528 343 588 iritum
370 542 434 586 esse
462 526 570 586 debere
586 532 694 602 patres
720 528 821 585 sancti
845 533 1031 585 sanxerunt:
1064 529 1177 600 quanto
1203 525 1315 597 maqis,
1350 524 1432 598 quod
1458 525 1489 582 in
1503 530 1596 582 nese.

222 630 392 706 apostolica
406 628 487 706 sede,
502 644 562 688 non
577 630 737 688 exsistente
747 630 902 704 praesule,
927 629 981 703 qui
991 629 1212 703 praeroqatiua
1220 621 1260 705 ⁴²)
1281 618 1396 684 meritis
1409 625 1493 684 beati

223 732 355 806 apostoli
374 730 462 790 Petri
482 747 542 806 per
564 731 733 790 uniuersum
756 731 856 790 orbem
876 731 1041 805 primatum
1064 730 1200 789 obtinens
1221 729 1400 800 sacerdotii,
1429 733 1512 813 sta-¹

222 835 293 893 tutis
313 832 510 910 synodalibus
531 834 682 892 consuevit
704 833 837 892 tribuere
854 817 1038 904 firmitatem,
1064 832 1196 904 ataicis,
1221 832 1291 890 licet
1305 830 1490 890 consentien-

222 935 304 994 tibus
325 935 488 1010 aliquantis
509 935 658 1010 episcopis
687 929 754 1013 (qui
779 940 879 995 tamen
896 934 1051 1008 pontifici,
1086 937 1194 1008 aquo
1220 933 1397 992 consecrari
1415 947 1491 1007 pro

210 1037 342 1110 bantur,
362 1036 591 1113 praejudicium
612 1034 732 1103 inferre
746 1052 807 1096 non
818 1029 1010 1115 potuerunt),
1029 1040 1257 1110 praesumptum
1268 1032 1367 1106 fuisse
1380 1049 1491 1108 capno

221 1141 327 1214 scitur,
351 1139 465 1200 uiribus
485 1155 594 1199 carere
614 1155 674 1198 non
696 1139 817 1199 dubium
840 1143 892 1210 est,
916 1153 972 1197 nec
988 1153 1080 1212 posse
1101 1139 1182 1197 inter
1203 1137 1409 1197 ecclesiastica
1429 1136 1492 1194 uilo

222 1243 311 1301 modo
332 1247 448 1301 statuta
470 1243 589 1301 censeri
594 1243 606 1300 t

310 1341 359 1403 11.
389 1336 509 1404 Sancta
531 1337 670 1421 synodus
686 1336 781 1401 dixit:
805 1337 958 1422 usquein)
973 1343 1137 1403 secundum
1147 1342 1389 1416 prosecutionem
1404 1355 1488 1401 oenc-

221 1445 366 1505 rabilium
390 1443 529 1518 fratrum
556 1449 727 1504 nostrorum
750 1444 922 1517 Laurentii,
948 1443 1048 1515 Petri,
1074 1443 1203 1516 Eulalii,
1229 1443 1397 1516 Cresconii,
1424 1443 1490 1502 Ma-

221 1548 301 1607 ximi
320 1549 368 1607 uel
381 1545 542 1623 Stephani,
567 1563 624 1606 nec
646 1546 730 1622 apud
751 1563 805 1606 nos
818 1547 966 1606 incertum
980 1545 1117 1619 babetur,
1141 1546 1222 1605 banc
1243 1547 1341 1620 ipsam
1361 1546 1490 1620 scriptu·

221 1663 291 1707 ram
313 1650 426 1709 nullius
447 1665 510 1709 esse
530 1650 680 1721 monenti,
705 1664 791 1723 quae,
816 1649 935 1708 etiamsi
955 1649 1061 1722 aliqua
1071 1654 1174 1723 posset
1188 1646 1347 1706 subsistere
1360 1648 1489 1720 ratione,

222 1751 319 1811 modis
346 1750 482 1811 omnibus
508 1753 540 1811 in
562 1751 705 1829 synodali
729 1757 877 1811 conuentu
898 1750 1034 1824 prouida
1060 1748 1254 1809 beatitudinis
1281 1755 1400 1808 uestrae
1425 1765 1490 1809 scn-

222 1855 318 1913 tentia
338 1855 484 1913 enervari
502 1853 696 1914 conueniebat
716 1860 745 1912 et
765 1856 796 1913 in
812 1853 932 1911 irritum
947 1851 1066 1924 deduci,
1091 1868 1129 1910 ne
1149 1851 1372 1930 inexemplum
1394 1867 1490 1910 rema-

222 1962 308 2014 neret
325 1955 544 2031 praesumendi
564 1954 740 2029 quibuslibet
766 1956 868 2026 laicis,
899 1955 1034 2028 quamuis
1061 1955 1211 2027 retiqiosis
1237 1954 1283 2012 uel
1308 1953 1488 2028 potentibus,

222 2059 253 2116 in
275 2072 455 2132 quacunque
476 2058 599 2117 ciuitate
620 2056 750 2130 quolibet
775 2057 864 2115 modo
891 2057 1008 2130 aliquid
1034 2056 1197 2116 decernere
1223 2056 1262 2115 dc
1282 2056 1492 2114 ecclesiasticis

218 2155 438 2230 facultatibus;
475 2175 604 2234 quarum
634 2159 705 2218 solis
736 2157 943 2218 sacerdotibus
977 2158 1161 2232 disponendi
1185 2158 1349 2218 indiscusse
1381 2174 1401 2216 a
1428 2157 1491 2216 Deo

221 2276 300 2320 curn
322 2261 480 2320 commissa
503 2261 638 2321 docetur.

309 2356 359 2421 12.
398 2356 606 2441 Symmachus
639 2357 806 2441 episcopus
834 2356 929 2422 dixit:
966 2362 1060 2423 Modo
1087 2363 1160 2436 quia
1182 2362 1263 2422 Deus
1287 2361 1491 2437 praesentiam

221 2469 353 2524 uestram
374 2465 503 2525 votivam
524 2464 599 2523 milti
618 2464 671 2523 sub
694 2462 827 2538 qualibet
854 2465 1013 2523 occasione
1039 2465 1199 2537 concessit,
1225 2466 1306 2537 oola,
1330 2465 1359 2523 si
1375 2465 1489 2539 placet,

221 2580 285 2625 rem
304 2566 377 2639 lieri
393 2567 528 2638 firmum,
553 2581 643 2641 quum
664 2567 757 2624 credo
772 2566 982 2625 ecclesiasticis
993 2563 1196 2636 facultatibus
1210 2567 1386 2638 conuenire,
1411 2561 1490 2646 ut⁴⁴)
1511 2626 1543 2661 V

222 2674 392 2742 aqnoscant
413 2684 528 2740 omnes,
563 2684 637 2742 qnos
663 2668 695 2726 in
722 2682 769 2726 me
796 2682 892 2726 nanus
914 2665 1010 2740 furor
1035 2669 1193 2741 excitauit,
1229 2668 1306 2726 nibil
1326 2683 1373 2726 me
1393 2668 1492 2740 maqis

221 2769 358 2843 studere,
383 2785 474 2844 quom
496 2775 528 2828 ut
550 2769 665 2828 saluum
687 2785 750 2828 csse
768 2770 878 2844 possit,
908 2770 991 2843 qnod
1010 2769 1086 2827 mibi
1105 2776 1148 2829 est
1170 2786 1190 2827 a
1212 2769 1275 2828 Deo
1296 2769 1350 2828 sub
1373 2770 1491 2844 dispen·
1518 2792 1524 2851 s

221 2873 339 2932 satione
359 2873 562 2939 commissum;
584 2872 748 2930 sedetiam
771 2870 950 2944 quibuslibet
969 2871 1192 2930 successoribus
1207 2871 1300 2930 Deum
1322 2870 1492 2930 timentibus
1522 2884 1528 2975 ἱ

219 2979 343 3047 ardum
365 2988 428 3033 esse
450 2972 556 3033 debent
577 2979 605 3031 et
627 2972 671 3032 ad
690 2973 890 3032 ecclesiastici
908 2973 1075 3032 custodiam
1092 2974 1277 3048 patrimonii
1291 2974 1457 3048 pertinere.
1523 2984 1527 3032 t

224 3227 322 3293 aliquid
338 3228 371 3276 de
389 3228 556 3277 ecclesiastici
567 3227 640 3288 jocis
655 3228 817 3290 proprietate
835 3226 969 3291 lepaoerit‚
992 3228 1068 3276 aliter
1085 3242 1135 3276 non
1153 3228 1249 3288 ualeat,
1274 3228 1323 3276 nisi
1339 3228 1491 3276 tantumdem

223 3314 255 3363 de
268 3315 340 3376 juris
357 3314 462 3376 proprii
476 3313 600 3375 facultate
617 3313 781 3376 suppleverit.
810 3308 930 3361 sivero
949 3305 1177 3361 cuca-vendendi
1193 3306 1364 3373 sastilium,
1382 3307 1417 3361 de
1435 3324 1492 3377 qua

223 3392 267 3447 hic
284 3391 405 3447 maxime
423 3393 525 3463 egitur,
547 3392 621 3447 idem
640 3394 804 3462 Epaonense
822 3390 967 3446 concilium
986 3408 1008 3445 c.
1024 3398 1054 3444 tn
1071 3390 1222 3461 praecipit:
1250 3396 1339 3447 Nullus
1356 3399 1491 3461 episcopus

224 3485 254 3533 de
272 3482 347 3533 rebus
365 3484 487 3533 ecclesiae
505 3496 566 3531 suae
583 3483 638 3532 sine
656 3483 811 3533 conscientia
829 3482 1018 3544 metropolitani
1034 3482 1074 3530 sui
1085 3482 1210 3531 uendendi
1221 3482 1320 3546 aliquid
1335 3481 1428 3532 babeat
1443 3498 1490 3547 po·

223 3573 346 3618 testatem.
383 3561 428 3616 Sic
446 3563 475 3616 et
486 3560 560 3616 Afris
576 3561 605 3615 in
623 3561 739 3617 coneilio
759 3559 971 3630 Carthaginensi
988 3560 1014 3615 V
1032 3566 1084 3615 ut
1104 3566 1214 3629 placuit,
1238 3572 1265 3615 ut
1287 3582 1339 3616 rem
1357 3566 1491 3618 Ecclesiae

224 3667 293 3702 nenio
311 3653 416 3702 nendm:
440 3654 509 3717 quod
529 3653 554 3701 si
570 3653 655 3716 aliqua
674 3653 812 3701 necessitas
830 3651 908 3716 capit,
935 3650 1000 3699 tanc
1022 3651 1197 3700 insinuandam
1219 3666 1276 3701 este
1291 3654 1396 3715 prbnati
1411 3652 1492 3715 ipsius

224 3738 377 3800 prouinciae.
412 3731 583 3786 Permittunt
599 3733 702 3797 tumen,
721 3743 747 3785 nt
764 3738 788 3785 si
805 3742 876 3785 tanta
894 3737 1034 3785 necessitas
1051 3742 1124 3799 urqet
1138 3734 1279 3800 Ecclesiae,
1298 3742 1324 3784 ut
1343 3752 1393 3810 non
1409 3737 1492 3799 possit

225 3827 282 3870 aute
299 3819 434 3886 primatem
452 3823 596 3877 consulere,
620 3821 705 3872 babitu
722 3822 858 3870 uicinorum
876 3822 1051 3884 episcoporum
1068 3821 1175 3870 concilio
1193 3822 1341 3870 necessitati
1356 3822 1413 3870 linic
1427 3836 1491 3885 pro·

224 3907 362 3970 spteintur:
393 3901 467 3968 qnod
489 3900 518 3955 in
540 3900 622 3955 Italia
643 3916 698 3955 non
721 3900 788 3955 sutis
811 3899 895 3955 fuisse
915 3917 948 3954 ex
971 3900 1063 3955 verbis
1081 3899 1190 3969 Enlulii,
1213 3917 1285 3970 quae
1304 3900 1492 3972 expendimus,

225 3986 374 4042 conficitur.
821 4001 822 4004 ¹

289 4074 322 4140 ⁴²)
340 4072 385 4126 Itu
401 4071 434 4125 ΒΙ
447 4071 481 4125 F²
493 4070 528 4124 Fi
541 4071 640 4139 (K¹²·t),
657 4071 710 4124 nisi
732 4070 808 4140 quod
825 4070 858 4124 B¹
876 4075 1096 4139 praeroqatioam,
1122 4069 1157 4124 ut
1175 4077 1378 4140 praeroqatiuam
1395 4077 1492 4131 meriti:

225 4156 285 4212 Hc¹
304 4162 374 4212 beati
391 4164 482 4220 neritt,
501 4155 563 4210 00²
576 4172 633 4224 seq.
653 4160 722 4210 beati
738 4163 842 4210 meritis.
856 4185 889 4194 -
907 4154 1031 4224 Sequens
1049 4173 1074 4209 n.
1091 4161 1121 4208 11
1139 4155 1168 4209 in
1185 4155 1220 4209 E*
1237 4155 1278 4210 itu
1295 4155 1380 4211 minio
1398 4155 1492 4210 inscri-

226 4241 311 4297 bitur:
335 4245 469 4296 Sententia
490 4247 571 4310 ipsius
592 4246 685 4308 synodi
706 4261 755 4310 qua
772 4244 918 4309 praefatum
935 4246 1065 4295 constitnit
1087 4246 1179 4295 nultius
1196 4261 1253 4295 esse
1270 4247 1386 4296 momenti
1402 4247 1491 4295 decen·-

224 4333 300 4387 nitur.

289 4414 323 4482 ⁴³)
340 4413 405 4468 Mss.
424 4412 514 4467 nostri
532 4428 595 4465 cum
612 4410 640 4464 h¹
656 4413 679 4464 0¹
699 4418 769 4474 ticet,
797 4410 872 4480 quod
890 4410 1003 4465 indubio
1027 4427 1089 4463 cum
1108 4412 1133 4463 ο*
1145 4426 1202 4478 seq.
1222 4417 1299 4481 liquet
1316 4409 1491 4464 mutavimus.

223 4494 295 4551 Tum
312 4497 345 4551 B¹
366 4502 534 4567 thpsoqani,
564 4494 663 4550 deindo
687 4494 720 4547 Fi
744 4500 814 4563 apud
835 4513 879 4549 nos
901 4496 931 4548 et
953 4494 1058 4548 omittit
1079 4501 1178 4550 nultius.
1221 4495 1286 4549 Mox
1305 4499 1331 4549 c⁷
1342 4512 1399 4564 seq.
1420 4516 1493 4564 quam

222 4589 329 4636 etiamsi.
365 4581 400 4635 st
419 4581 549 4651 corrupte
564 4583 719 4650 providebat
736 4584 758 4633 b.
778 4602 801 4634 o.
819 4585 962 4634 sententiae
983 4599 1089 4633 seruare
1110 4601 1133 4634 c.
1153 4600 1175 4634 e.
1196 4587 1221 4634 in
1239 4591 1334 4634 rectum
1354 4585 1448 4634 deduci
1464 4598 1493 4634 oe

213 4671 251 4719 a'n
267 4674 392 4737 exemplo.

290 4754 323 4822 ⁴⁴)
341 4751 425 4806 E²H⁸
443 4764 476 4809 et.
505 4750 570 4804 Mox
581 4750 616 4804 Ε2
635 4771 719 4805 omnes
736 4756 762 4803 in
780 4770 817 4804 me
836 4770 885 4804 non
903 4769 981 4803 uanus
990 4754 1212 4816 surar.„saluus
1230 4770 1285 4805 esse
1301 4755 1403 4819 possim.
1427 4749 1493 4803 Mox
1581 4786 1583 4790 -

219 4848 319 4891 uocem
336 4840 537 4899 successoribus,
556 4852 638 4903 quum
657 4838 683 4887 οἳ
696 4851 753 4902 seq.
773 4833 809 4888 sd
827 4850 915 4903 marg.
934 4838 1101 4904 posuerunt,
1125 4854 1187 4890 cum
1207 4836 1238 4888 ΒΙ
1251 4836 1285 4888 E²
1297 4835 1330 4889 1³²
1343 4836 1380 4889 Η8
1392 4835 1419 4888 h·
1445 4851 1495 4891 suo

220 4917 285 4977 loco
303 4921 481 4978 restituimus.

259 5026 412 5064 nursronnu
427 5027 530 5064 nouus.
545 5025 658 5062 rosum.
677 5010 698 5064 1,
1248 5013 1289 5070 44
