3412 5664
556 336 750 387 nrisnomn
774 328 823 385 1o.
850 329 898 385 17.
1304 328 1365 393 207

78 489 230 573 synnodus
259 490 362 575 ipsius
390 490 591 578 indicavit3).
625 492 715 566 Quod
744 493 829 555 sieut
850 515 915 555 uon
938 493 1119 576 optavimus
1143 496 1221 579 fieri,
1251 498 1297 560 ita
1320 499 1472 566 l'a-u..-ts2.

75 593 159 657 ciles
185 595 402 678 excusationi,
431 617 525 679 quam
555 595 731 659 necessitas
752 594 842 675 ferit,
872 596 1070 660 exstitimus:
1098 599 1173 681 quia
1201 599 1283 682 quod
1313 624 1365 663 vo

73 697 267 761 luntarium
290 719 356 762 non
379 701 439 780 est,
468 689 575 762 vocari
598 720 664 761 uon
686 700 794 781 potest
821 698 854 760 iu
883 703 1017 762 reatum.
1063 700 1108 763 Et
1129 701 1200 764 ideo
1223 711 1280 784 p'er
1302 701 1365 765 l'ra-

68 802 161 863 trem
189 805 226 863 et
251 801 474 884 coepiscopum
496 805 641 864 nostrum
665 800 884 877 Aiiastasium
909 802 962 884 qui
986 823 1024 864 ex
1046 803 1212 884 praedicta
1234 806 1365 888 regione

65 901 229 966 directus
254 907 314 985 est,
338 903 456 967 litteris
479 924 604 987 quoque
625 907 701 965 tuae
723 901 905 966 dilectionis
925 906 1078 987 acceptis
1102 905 1220 970 alterni
1244 908 1364 971 vicissi-

63 1005 236 1069 tudinem
269 1006 426 1069 sermouis
453 1009 529 1069 tuae
557 1004 751 1068 reddidimus
780 1005 948 1088 charitati,
983 1009 1163 1071 necessario
1191 1008 1304 1072 fratris
1332 1015 1364 1074 et

61 1108 271 1192 coepiscopi
299 1109 402 1172 nostri
424 1107 629 1173 Calendiouis
663 1106 876 1171 sacerdotium
904 1110 1026 1192 gremio
1055 1110 1250 1193 apostolicae
1280 1113 1363 1176 sedis

56 1209 241 1295 amplexi,
264 1211 300 1274 in
320 1210 516 1275 consortium
531 1214 677 1297 nostrum
692 1204 904 1295 pergratiam
921 1211 1040 1275 tumui
1057 1211 1116 1275 Dei
1132 1215 1235 1277 nostri
1250 1219 1362 1279 tautae

57 1313 169 1376 urbis
195 1314 382 1377 antistitem
405 1313 531 1398 mllegii
553 1313 672 1394 unione
695 1335 911 1377 numeramus.

162 1415 201 1480 2.
246 1415 401 1478 Miramur
423 1419 530 1479 alitem
553 1414 634 1479 nihil
657 1437 716 1478 llos
739 1414 778 1477 de
801 1421 887 1478 statu
912 1416 1185 1503 Alexandrinum)
1209 1419 1362 1484 eeclesiae

53 1526 97 1583 te
125 1520 327 1583 instruente
349 1518 507 1602 didicisse,
532 1539 626 1603 quem
648 1540 736 1582 iiuuc
759 1518 805 1581 ita
821 1517 939 1581 habere
956 1541 990 1582 se
1007 1523 1228 1604 comperimus,
1254 1526 1289 1585 ut
1304 1524 1361 1586 im-

53 1622 175 1706 probi
211 1641 272 1704 per
299 1622 498 1686 occasionem
525 1622 632 1685 obitus
666 1625 798 1684 sauctae
830 1621 1001 1685 nieiuoriuc
1029 1611 1188 1686 Timothei
1218 1626 1360 1687 callidem

53 1723 257 1789 ecclesiam
281 1728 437 1788 conentur
465 1724 582 1788 habere
610 1724 781 1807 captivam.
819 1723 913 1788 Unde
941 1723 1102 1806 agendum
1125 1730 1176 1789 est
1196 1726 1360 1791 dilectioni

52 1838 153 1891 tuae
187 1848 266 1890 cum
294 1825 542 1891 clementissimo
571 1827 726 1910 principe,
756 1849 797 1890 ne
821 1825 1020 1889 convellatur
1042 1828 1101 1890 sub
1124 1829 1193 1909 ciris
1216 1829 1360 1912 imperio,

53 1929 163 2015 qiiod
189 1929 362 2015 tyranni⁵)
385 1929 581 2013 temporibus
604 1929 711 2012 potuit
738 1930 888 1992 obtineri.
927 1928 1013 1992 Data
1035 1928 1144 1993 Idibus
1167 1930 1246 1993 dulii
1270 1931 1361 1996 Seve—

57 2034 149 2096 rino
176 2032 253 2095 viro
275 2031 451 2096 clarissimo
473 2031 614 2096 consule.

145 2276 173 2339 ³)
193 2271 250 2325 llic
268 2271 419 2341 colligitur,
438 2270 647 2337 Calendiouem,
671 2270 719 2324 ubi
738 2269 977 2339 Constantinopoli
996 2271 1139 2325 ordinatus
1158 2275 1212 2338 est,
1231 2274 1362 2329 contiuuo

60 2357 267 2413 Antiochiam
286 2357 473 2423 contendisse,
492 2357 592 2411 <leurdo
605 2357 789 2426 comprobato
805 2356 833 2408 iu
847 2355 984 2410 Orientati
998 2353 1103 2425 synodo
1116 2359 1175 2426 ejus
1188 2358 1362 2414 declinatione

60 2443 252 2513 synodicam
273 2443 420 2512 epist-olam
444 2442 568 2511 eistedem
593 2441 714 2495 iudicem
736 2441 772 2494 ud
795 2440 966 2511 Simplicium
990 2442 1096 2496 misisse
1123 2462 1174 2512 per
1198 2449 1363 2498 ,irritantium

60 2530 209 2585 orientia
230 2529 400 2599 episcopum.
437 2527 527 2592 Quum
545 2528 640 2594 itaque
659 2527 699 2580 ait
717 2525 874 2595 Simplicius
894 2526 1069 2580 Calendiouis
1088 2529 1264 2598 episcopatus
1282 2552 1363 2585 enor-

62 2623 145 2669 etism
168 2614 229 2667 sibi
245 2621 329 2668 serina
346 2613 434 2683 ipsius
451 2613 552 2667 litteris
570 2619 716 2677 irretientnn,
741 2612 793 2664 hoc
812 2612 879 2665 dicit
896 2612 994 2666 habitu
1012 2612 1120 2667 ratione
1138 2616 1288 2683 temporis,
1307 2632 1362 2683 (luo

61 2700 148 2754 illud
169 2698 404 2769 eximperatoris
426 2698 526 2752 littoris
549 2698 693 2752 didicerat.
730 2697 827 2751 Victor
846 2698 1019 2752 Tuuuncusis
1043 2699 1077 2751 de
1096 2698 1272 2753 [Paliurilionis
1291 2702 1362 2754 ordi-

10 2820 17 2831 »
61 2786 201 2840 natione
220 2786 366 2855 praefatus
384 2784 491 2839 subdit:
517 2788 660 2838 (triennales
677 2789 792 2853 episcopi
809 2797 932 2853 tamquam
951 2788 1092 2838 nescientes
1111 2789 1249 2839 iohannem
1268 2806 1360 2852 capno·

62 2884 167 2925 uento
187 2876 347 2927 Corionotunr
364 2877 444 2925 eidem
458 2875 632 2925 Antiochense
650 2874 773 2923 eeclesiae
790 2881 974 2922 conseerarunt
992 2875 1143 2937 episcopan.
1176 2870 1281 2934 Quibus
1300 2886 1362 2923 con-

64 2956 169 3011 sentit
194 2955 382 3026 Theophanes
405 2955 422 3010 l.
442 2973 479 3009 c:
503 2961 687 3010 Antiochenses
709 2961 878 3008 ordinationis
900 2960 988 3020 fetetne
1006 2961 1085 3007 nescii
1105 2960 1245 3008 dolinnneni
1265 2961 1361 3008 ninrtine

66 3049 248 3097 sodonatn
268 3046 318 3096 snt
337 3045 533 3111 praefecerant,
558 3062 627 3111 quien
650 3047 795 3110 episcopum
818 3044 940 3094 Critendio
962 3045 1117 3107 postmodnm
1140 3046 1165 3093 in
1188 3045 1250 3107 Tpri
1269 3047 1361 3097 sedern.

63 3148 148 3199 que
166 3139 235 3197 port
252 3131 411 3182 Antiochiam
428 3134 511 3196 prino
529 3138 581 3193 est,
599 3133 739 3183 transtulit.
769 3125 873 3178 Verum
891 3125 934 3177 liis
947 3128 1097 3194 repugnat,
1117 3125 1192 3194 quod
1206 3124 1362 3194 Simplicius

65 3213 167 3283 epist
188 3219 224 3267 to
241 3230 268 3266 n.
286 3218 302 3265 2
320 3229 353 3266 ex
372 3212 426 3266 fide
439 3212 555 3267 Zenonis
573 3210 751 3281 imperatoris
763 3211 872 3276 scribit,
891 3210 1087 3264 Caleudionem
1100 3211 1280 3264 Antiochcnis
1293 3221 1363 3279 npnn

67 3303 332 3366 Gonmntinopotin
349 3304 437 3352 intem
455 3302 597 3367 petentibus
615 3298 773 3351 ordinatum
792 3313 852 3348 csse
870 3295 1031 3350 antistitem.
1069 3296 1100 3349 ld
1118 3314 1183 3350 vero
1198 3296 1362 3365 Theophani
1420 3362 1424 3369 ὑ

68 3388 101 3439 et
125 3382 245 3437 Victori
267 3382 344 3437 dedit
366 3384 478 3438 errandi
501 3378 625 3449 causam,
653 3382 726 3450 ipiml
750 3372 825 3435 Felix
848 3399 935 3451 popu,
959 3381 1084 3434 Gelenius
1108 3383 1136 3434 et
1158 3382 1305 3436 Liberatus
1327 3383 1362 3436 de

68 3470 220 3524 iohanne
236 3472 363 3535 narrant,
382 3487 445 3524 eum
463 3470 592 3524 videficet
612 3487 629 3522 a
646 3469 730 3521 Petro
748 3467 863 3521 Fullone
881 3467 1032 3537 Apimieuis
1051 3467 1209 3521 ordinatum
1228 3469 1256 3521 et
1274 3468 1310 3521 ab
1323 3467 1363 3520 eis

72 3557 240 3625 rejectum,
257 3556 350 3610 stanin
368 3554 398 3609 iu
409 3556 610 3611 Antiochenam
629 3553 773 3608 ecelesiam
787 3553 877 3621 ejecto
895 3553 955 3622 ipso
968 3552 1083 3606 Fullone
1102 3552 1248 3619 invasisse,
1267 3570 1299 3607 ue
1316 3553 1362 3606 de-

74 3658 164 3695 mmn
176 3638 272 3709 Tyriis
287 3642 459 3711 praefectum
472 3641 508 3695 ab
522 3639 623 3695 Anicio
641 3639 732 3697 itunae.
763 3639 888 3693 Valesius
901 3639 1014 3707 quidem
1028 3639 1066 3707 (in
1079 3639 1204 3693 adnotat.
1218 3639 1246 3691 in
1259 3639 1360 3707 Evagr.

75 3727 137 3787 lll,
161 3732 193 3780 to
211 3728 241 3779 et
258 3726 377 3781 maxime
394 3726 424 3780 in
441 3726 548 3780 dissert.
569 3726 605 3779 ad
624 3724 678 3794 ejd.
700 3741 744 3794 op.
764 3724 830 3779 calc.
849 3742 914 3794 pag.
930 3729 988 3790 185)
1005 3725 1078 3779 hune
1090 3726 1260 3790 iohannem,
1279 3742 1362 3792 qiiem

74 3811 182 3880 Tyriis
201 3810 337 3881 praefecit
355 3811 484 3877 Aeacius,
502 3828 557 3865 nou
576 3811 661 3865 alium
680 3826 738 3864 esse
757 3826 870 3864 censens
889 3810 925 3864 ab
944 3826 990 3876 e0,
1011 3828 1094 3877 quem
1111 3810 1208 3863 Victor
1226 3811 1255 3864 et
1272 3810 1361 3863 'Pheo-

76 3899 197 3968 phams
217 3896 390 3952 Codonatum
408 3900 522 3962 vocant,
541 3897 702 3950 eorumdem
714 3895 903 3950 narrationem
916 3895 1044 3948 adhibita
1056 3895 1176 3962 quadam
1190 3880 1361 3950 correctione

76 3980 227 4037 admittit.
255 3981 310 4037 Sed
327 3999 400 4038 nera
417 3985 477 4052 ejus
495 3982 657 4053 hypothesis
675 3982 758 4050 louge
776 3980 913 4035 ‹lifficilius
932 3980 1059 4050 componi
1074 3999 1135 4033 cum
1149 3980 1282 4035 historica
1293 3982 1361 4035 veri-

78 4070 149 4123 iata
167 4068 272 4136 pona.
306 4066 373 4134 Quis
390 4068 464 4123 enim
482 4068 591 4134 credat,
610 4067 767 4122 iohannem
786 4066 875 4132 illum,
894 4083 977 4134 quem
995 4065 1153 4134 Simplicius
1173 4066 1252 4137 epist.
1272 4074 1287 4121 'i
1306 4075 1362 4122 ns

79 4158 132 4207 rub
153 4156 314 4209 mttenate
334 4176 351 4209 a
369 4159 568 4209 Christianorum
590 4160 718 4208 ruinartio
736 4160 774 4207 ael
795 4158 967 4220 appellatione
989 4154 1159 4217 removerat,
1183 4155 1232 4206 alit
1253 4153 1289 4205 ab
1307 4155 1361 4206 An-

78 4238 231 4293 tiochensis
247 4242 408 4311 cooptatum
425 4242 475 4294 aut
496 4239 699 4295 aCalcndioue
717 4239 889 4308 praesectum
909 4236 1000 4306 Tyriis
1019 4236 1114 4303 sitisse,
1140 4240 1169 4291 et
1187 4254 1220 4291 eo
1238 4256 1362 4307 pracser-

78 4324 139 4379 tim
160 4328 300 4394 tempore,
322 4341 378 4395 qno
396 4328 426 4380 et
443 4326 517 4380 Zeno
535 4325 690 4396 imperator
708 4327 736 4378 et
753 4324 870 4378 Aeacius
888 4339 948 4377 sese
966 4322 1107 4392 Simplicio
1127 4323 1252 4378 addictos
1271 4329 1298 4376 ct
1319 4340 1361 4376 ca-

80 4408 215 4464 tholicoe
236 4410 298 4464 fidei
319 4402 459 4465 studiosos
476 4411 653 4465 exhibebant.
690 4409 746 4463 Nos
771 4409 855 4477 igitur
874 4408 979 4463 nullum
999 4413 1152 4463 (indonatum
1174 4410 1257 4462 fuisse
1275 4408 1361 4475 suspi-

80 4512 201 4559 emur,
219 4495 267 4549 sed
284 4514 319 4550 cx
336 4495 496 4551 confiniens
514 4512 623 4562 cortun,
644 4512 715 4563 (litae
734 4494 769 4547 de
781 4500 898 4548 iohanne
912 4498 1191 4562 Constantinopolitano
1204 4492 1361 4560 Simplicius

81 4581 181 4637 Felix.
204 4580 343 4648 Gelaninn,
364 4581 510 4637 Liberatus
527 4581 675 4651 scripsere,
699 4581 846 4634 contlutum
866 4597 924 4634 csse
943 4579 1062 4634 Victoris
1079 4598 1111 4634 uc
1131 4578 1309 4647 'l‘heophuuis
1328 4584 1361 4631 de

80 4672 210 4721 iraham
228 4671 359 4722 Codonnto
375 4667 507 4722 tabulam.

159 4756 180 4819 θ’)
200 4752 243 4806 ta
264 4754 340 4808 recte
357 4754 405 4819 θ’,
427 4753 498 4808 sicut
517 4753 577 4821 jum
600 4754 660 4808 ba³
679 4754 855 4821 vulgatorum
874 4757 1049 4807 Antiocheam
1072 4768 1105 4804 ex
1124 4750 1286 4818 conjectura
1304 4766 1361 4804 cor

81 4844 230 4895 rexerant.
1096 4873 1100 4882 ·
1356 4834 1360 4842 '

156 4929 178 4995 ε)
197 4924 323 4981 Basilisci
340 4924 482 4993 videlieet,
504 4943 673 4996 quamquam
694 4926 775 4993 hujus
797 4925 908 4995 tyrurmi
927 4924 1099 4993 temporibus
1117 4923 1280 4977 Timotheus
1299 4923 1362 4978 hae·
