3450 5678
710 309 736 356 S.
754 307 894 355 auhsau
916 307 1030 353 PAPAE

748 495 929 597 Epistola
955 496 989 578 3.

101 670 220 725 tatoni
566 648 699 719 uetusti
725 665 834 734 papae
856 648 900 714 ad
923 648 1176 733 Euphemiam.

269 792 400 856 Euphemii
417 793 524 843 blandas
542 793 723 841 insinuationes
735 790 866 840 declinans
879 788 914 853 (n.
922 788 997 851 1-7)
1016 797 1041 839 et
1053 805 1144 841 caueae
1153 805 1205 855 pro
1217 790 1368 855 defensione
1380 792 1476 843 Aeaci

265 879 383 940 prolatos
405 879 503 927 diluens
521 875 556 938 (n.
569 876 677 941 8-11),
702 877 834 941 relipiosus
856 876 978 940 pontisera
1000 875 1162 926 concordiam
1185 876 1348 927 ecclesiarum
1372 880 1477 929 nonus
1516 899 1538 952 p,

265 962 340 1023 hujus
361 962 451 1011 Aeacii
467 964 531 1012 sieut
550 963 653 1012 omnium
671 962 844 1011 damnatorum
863 962 1031 1010 communione
1052 959 1275 1025 objactantiam
1289 978 1369 1026 posse
1388 970 1474 1014 ostem

359 1048 397 1096 dit
415 1044 450 1109 (n.
466 1046 583 1110 12-15).
602 1048 678 1112 idque
697 1052 724 1094 ut
737 1048 785 1107 fiat
802 1045 848 1095 sub
866 1047 955 1094 timore
974 1046 1053 1095 dicitu
1063 1045 1161 1108 judieii
1175 1046 1255 1096 instat
1271 1042 1308 1109 (n.
1323 1047 1377 1111 16).

385 1179 663 1244 Dilectissimo
685 1179 808 1243 fratri
831 1177 1081 1264 Euphemic¹)
1106 1176 1302 1244 Gelasius.

319 1304 345 1364 l.
391 1298 482 1376 Quod
506 1299 637 1384 plena²)
667 1300 810 1383 cupimus
839 1302 934 1383 atque
957 1298 1082 1364 sincera
1104 1298 1178 1364 fidei
1195 1302 1505 1389 ‚communionisque

232 1402 408 1468 catholicae
430 1403 704 1487 redintegratione
727 1401 862 1484 firmari,
897 1401 1012 1465 asserit
1040 1404 1096 1465 tua
1123 1401 1268 1467 dilectio:
1296 1404 1384 1487 quod
1412 1404 1506 1471 alteri

232 1506 316 1570 solus
340 1527 404 1569 nou
427 1504 581 1588 sufficit³)
605 1504 742 1586 auditus,
771 1504 834 1567 nisi
863 1525 919 1587 per
948 1503 1074 1568 litteras
1103 1504 1298 1589 spectaverit
1319 1505 1506 1592 significau-

232 1609 310 1673 tiam
333 1610 560 1692 provocantem
583 1607 621 1670 de
643 1605 704 1688 his,
728 1627 808 1690 quae
833 1607 917 1670 circa
940 1628 998 1670 nos
1013 1605 1211 1692 dispensatio
1232 1607 1342 1671 dimna
1357 1607 1507 1692 perfecit,

233 1713 268 1773 uit
290 1710 336 1775 sic
358 1710 393 1773 in
415 1709 563 1773 secundis
587 1709 687 1773 vicem
710 1707 915 1772 salutationis
937 1707 1165 1792 impenderem.
1200 1707 1277 1775 Non
1299 1709 1508 1787 arbitramur,

234 1812 280 1875 uel
305 1810 507 1875 dilectionem
530 1814 619 1875 tuam
640 1809 691 1874 vel
714 1809 851 1894 aliquem
874 1810 921 1875 sic
943 1808 1003 1875 hoc
1026 1833 1155 1894 sperare
1177 1811 1332 1895 potuisse,
1356 1814 1394 1876 ut
1416 1815 1509 1897 puta·

296 1972 306 1976 ..
321 1968 541 1976 ————---—-

302 2071 321 2133 Ἰ
339 2066 365 2121 N
367 2070 377 2099 ³
384 2071 517 2134 Eupltimio
531 2067 569 2129 let
581 2065 609 2119 in
623 2064 802 2136 inscriptione
815 2068 1015 2134 adEpitimiumt
1028 2065 1108 2119 popm
1116 2069 1243 2134 Euspmio;
1256 2069 1435 2136 plausuum,
1447 2070 1512 2125 2⁸oe

233 2156 407 2220 Euphemiam
424 2153 537 2220 praeter
556 2169 619 2205 mss.
638 2152 721 2205 fidem
740 2154 769 2203 et
787 2149 910 2204 omnium
927 2148 1107 2218 antiquorum
1119 2150 1287 2221 scriptorum
1299 2153 1509 2210 auctoritatem.

232 2237 268 2291 Hi
285 2236 434 2307 praeterea
451 2235 635 2305 Euphemiam
655 2235 827 2290 orthodoxae
839 2235 905 2290 fidei
916 2234 1071 2290 studiosum
1088 2235 1171 2290 tuisse
1183 2252 1288 2307 magno
1300 2253 1441 2294 consensu
1455 2240 1511 2295 tn·

234 2321 309 2377 dunt.
347 2319 436 2375 Docet
452 2319 617 2374 nominatim
635 2319 771 2389 Euagrius
790 2320 816 2372 h.
835 2337 858 2373 e.
878 2320 930 2388 ΙΙΙ,
948 2328 995 2387 23,
1014 2337 1078 2374 eum
1096 2320 1219 2392 acceptis
1235 2321 1313 2377 Petri
1330 2321 1459 2386 sunonis
1475 2322 1512 2381 ati

233 2405 369 2461 nuvium
387 2403 499 2472 litteris,
518 2405 545 2459 in
565 2405 664 2473 quibus
677 2403 897 2459 calchedonensi
915 2405 1031 2460 concilio
1044 2406 1194 2461 anathema
1215 2406 1370 2475 dicebatur,
1388 2406 1456 2465 inde
1467 2424 1514 2465 ue·

232 2491 377 2546 hemeuter
395 2490 591 2559 conturbatum
610 2506 669 2544 sese
687 2508 704 2543 u
721 2488 798 2543 Petri
816 2489 1009 2544 communione
1032 2500 1204 2562 segregasse.
1240 2490 1329 2545 Addit
1345 2491 1515 2549 Theodorus

232 2576 322 2631 lector
338 2575 365 2628 h.
380 2591 403 2629 e.
416 2574 464 2628 lib.
479 2575 505 2627 Π
523 2574 576 2641 (ed.
590 2573 681 2628 Vates.
696 2593 723 2643 p.
738 2578 811 2641 558),
830 2575 959 2630 eumdem
974 2575 1114 2630 Ausetani
1131 2573 1310 2646 imperatoris
1322 2575 1457 2632 electioni
1473 2578 1513 2633 in-

232 2660 402 2725 tercessisse,
420 2664 472 2714 nec
490 2658 545 2714 alia
562 2659 588 2714 ei
606 2658 764 2723 conditione
781 2659 943 2729 praebuisse
961 2676 1117 2728 assensum,
1135 2659 1190 2714 nisi
1206 2659 1342 2732 scriptum
1359 2661 1399 2717 ab
1418 2678 1455 2717 eo
1467 2678 1513 2719 aa·

233 2746 361 2818 cepisset,
380 2761 435 2813 quo
452 2752 632 2814 mefites-etur.
650 2766 678 2798 se
696 2765 744 2812 pro
758 2749 906 2811 desolatione
920 2751 985 2812 fidei
996 2751 1115 2815 amplecti
1126 2767 1168 2808 ea,
1188 2752 1292 2816 quaein
1305 2750 1513 2805 Oatcmtonml

232 2838 330 2902 synodo
348 2837 454 2885 decretu
469 2837 582 2898 fuerant.
616 2829 666 2884 His
683 2828 779 2884 Victor
798 2828 984 2896 Tununensis,
1002 2829 1179 2885 Marcellinus
1197 2846 1290 2886 comcs
1308 2847 1343 2887 ao
1360 2831 1514 2907 Theopha-

236 2934 284 2972 nes
303 2915 458 2971 concimmt.
496 2914 525 2969 si
544 2915 633 2970 eidem
652 2915 817 2986 Theophani
836 2918 910 2985 (pag.
930 2918 990 2984 209)
1008 2914 1236 2982 habenarum,
1254 2921 1515 2991 synodaleelupk·

234 3008 276 3056 mii
293 3007 393 3055 litteras
411 3005 488 3055 Felix
506 3008 606 3068 accepit
623 3013 648 3055 et
665 3011 691 3054 ut
709 3006 833 3055 acatholico
851 3006 1028 3055 communionis
1045 3006 1167 3070 impertiit
1185 3008 1348 3057 consortium.
1381 3006 1468 3061 ΗΜ
1476 3016 1516 3061 ta·

234 3107 289 3140 men
307 3092 451 3156 episcopum
470 3094 583 3156 agnovit,
607 3091 677 3156 qnod
694 3091 785 3139 Aeacii
807 3106 838 3138 ac
859 3090 972 3140 Flauitue
991 3093 1048 3154 ejus
1064 3093 1220 3142 successoria
1239 3107 1327 3143 nomen
1344 3106 1359 3141 e
1379 3092 1515 3159 diptyetdr

236 3193 285 3228 non
302 3177 468 3240 eapnnmen't.
507 3171 562 3226 Sed
580 3172 640 3241 ejus
658 3171 692 3226 de
710 3169 853 3240 impertito
873 3169 1072 3224 communionis
1091 3170 1230 3226 consortio
1247 3170 1330 3227 valde
1347 3176 1516 3245 saepedum

236 3260 279 3313 est
295 3256 495 3312 testimonium.
531 3255 572 3310 De
591 3273 624 3311 eo
644 3255 768 3323 quidem,
787 3256 864 3325 cujus
882 3255 1067 3310 orthodoxam
1084 3257 1226 3326 probabat
1241 3255 1339 3324 fldem,
1356 3257 1435 3314 bene
1455 3274 1519 3331 spe-

237 3360 299 3398 rare
318 3341 410 3412 potuit
427 3341 517 3405 Felix;
535 3341 583 3395 sed
602 3357 685 3409 quem
704 3341 840 3410 comperit
858 3358 921 3395 cum
938 3340 983 3407 iis,
1008 3357 1076 3408 quos
1093 3341 1153 3410 ipse
1171 3341 1370 3409 damnaverat,
1394 3358 1519 3401 commu

237 3429 388 3490 cicentem,
408 3426 433 3479 ei
451 3445 529 3482 suani
548 3425 771 3480 communionem
787 3425 925 3496 impertiri
943 3441 999 3480 uon
1016 3427 1116 3496 potuit.
1147 3424 1179 3480 ld
1196 3442 1281 3497 porro
1293 3426 1435 3484 firmatet
1446 3427 1519 3487 haee

238 3510 341 3567 Gelasii
362 3511 488 3581 epistola.
530 3511 706 3581 Quamquam
729 3511 886 3566 orthodoxa
903 3510 1050 3581 Euphemii
1071 3511 1153 3577 fides,
1176 3513 1208 3565 ut
1225 3511 1343 3581 (tyrillus
1366 3510 1398 3568 in
1415 3512 1480 3571 vic·
1495 3532 1519 3571 ι.

238 3596 378 3665 Euthymii
398 3598 452 3665 (ap.
468 3596 578 3650 Surium
591 3616 613 3650 c.
628 3600 671 3651 ool
690 3600 798 3662 narrat,
817 3595 903 3651 etiam
921 3596 1082 3666 episcopum
1094 3596 1381 3667 Hierosolymitannm
1397 3596 1520 3667 induxit,

240 3684 271 3735 ut
283 3681 407 3736 Palladio
425 3683 599 3736 Antiocheno
619 3685 647 3736 et
665 3680 871 3747 Alexandrinis,
890 3681 965 3748 quod
978 3680 1230 3737 Calchedonemem
1248 3681 1389 3752 synodum
1400 3684 1520 3743 nnatb-

240 3766 418 3833 matizarent‚
437 3767 553 3821 exclusis
571 3767 631 3837 ejus
651 3767 729 3822 unius
748 3766 969 3821 communionem
987 3767 1201 3837 amplexaretur.

306 3853 326 3919 ²)
346 3853 363 3902 ll
375 3858 461 3920 plane.
471 3851 544 3920 vulg.
559 3870 620 3906 cum
634 3852 668 3906 0²
679 3860 762 3922 plene.
781 3852 928 3921 Sequimur
940 3852 1111 3919 FlF⁰¹K¹K³,
1129 3852 1228 3921 quibus
1244 3852 1418 3923 suffragetur
1430 3872 1522 3927 qm

240 3937 306 3990 illut]
320 3936 418 3991 Felicis
431 3937 454 3989 ΙΙ
470 3938 604 4007 epistolae
621 3946 686 3992 ltu.
701 3945 725 4003 2,
744 3955 815 4006 quae
828 3937 939 3993 Gelasio
951 3936 980 3990 in
992 3938 1144 4011 archetypo
1156 3936 1301 3993 tribuitur:
1320 3950 1523 3999 munau

240 4028 338 4092 quidem
357 4035 468 4076 nostrum
486 4029 632 4099 contristati
649 4029 801 4081 distulimus,
820 4044 893 4093 quiam
911 4028 1015 4078 remotis
1032 4027 1201 4078 dubietatibus
1217 4027 1368 4092 optatam
1388 4032 1524 4094 plenu

236 4114 311 4175 fidet,
334 4108 394 4160 tum
415 4106 490 4161 istud
514 4107 639 4176 ejusdem
657 4107 755 4162 Felicis
778 4107 857 4177 epist.
878 4115 908 4162 ll
926 4107 991 4163 huic
1007 4124 1121 4177 prorsus
1143 4107 1232 4163 similo
1250 4107 1412 4164 exordium:
1446 4114 1526 4179 Μ

240 4200 343 4248 sanitatis
355 4199 477 4247 ecclesiae
494 4200 571 4261 plena
583 4200 695 4263 cupimus
707 4199 925 4261 redinteprutione
938 4201 1048 4261 firmari.
1075 4192 1197 4248 Nitidior
1209 4194 1283 4248 meet
1294 4193 1388 4251 oratio
1399 4194 1434 4251 in
1445 4196 1525 4255 hm

240 4279 364 4333 modum:
384 4283 420 4332 Id
437 4284 530 4333 asserit
548 4292 591 4331 tua
609 4285 726 4350 dilectio,
746 4284 815 4348 quod
830 4285 907 4346 plena
925 4285 1037 4347 cupimus
1055 4290 1103 4332 etc.

309 4367 328 4429 ³)
347 4363 423 4417 Editi
433 4369 552 4431 sufficiat.
575 4363 641 4417 Mox
653 4363 686 4417 lt
697 4362 737 4416 ΡΨ·
750 4375 915 4432 expectasset
927 4365 957 4418 et
968 4362 1057 4418 omitt.
1068 4370 1175 4434 aliquem
1183 4394 1214 4404 --
1227 4384 1272 4419 nos
1284 4370 1336 4424 uei:
1353 4362 1390 4419 1(ί
1399 4380 1528 4438 *μω-

240 4464 292 4509 net:
316 4453 374 4504 tum
392 4450 411 4503 b
429 4454 634 4519 sipnificntionetn
644 4460 810 4517 provocatum
823 4446 956 4517 additque
971 4447 1162 4518 explicationis
1175 4463 1255 4520 ergo:
1270 4454 1321 4527 'too
1336 4461 1385 4514 eet,
1402 4458 1527 4513 redde.

240 4543 374 4591 certiorem
386 4556 451 4598 eum,
472 4542 515 4605 qui
526 4546 602 4588 antea
614 4541 706 4588 titteris
717 4546 909 4603 provocaverat.
938 4535 964 4588 Is
976 4535 1033 4590 sere
1047 4551 1143 4589 seusus
1154 4534 1276 4591 videtur:
1297 4538 1402 4591 Aeser&
1415 4543 1527 4599 m

240 4634 297 4688 tua,
317 4627 385 4692 quod
401 4627 479 4676 citeri
493 4625 562 4675 solus
581 4640 629 4675 non
646 4625 741 4687 suflicit
752 4626 865 4686 auditus,
885 4626 916 4674 de
934 4625 972 4674 tu
989 4626 1099 4688 scilicet,
1118 4642 1184 4691 quae
1201 4627 1272 4676 circu
1290 4640 1336 4679 noe
1354 4626 1528 4692 diepam&

242 4714 326 4763 ‹ttntna
341 4712 454 4777 perfecit
472 4709 518 4773 (cd
529 4712 692 4776 apostolicum
705 4712 820 4761 uidelicet
838 4726 884 4761 nos
902 4710 1016 4761 tironum
1032 4708 1181 4775 extollens).
1201 4712 1251 4761 nisi
1264 4726 1316 4777 per
1333 4712 1444 4765 meras
1460 4732 1528 4784 ομ.

242 4799 349 4848 cluserit
367 4814 397 4848 ca
415 4797 463 4848 sibi
477 4798 630 4862 sipnr'ficnri:
653 4811 796 4860 prouocuns
813 4814 850 4848 me
867 4798 1050 4862 significatione
1066 4803 1218 4862 moreccia.
1243 4804 1270 4847 ut
1286 4797 1325 4848 ste
1348 4798 1375 4848 u
1397 4804 1529 4855 aecum

242 4885 330 4934 saltem
348 4884 423 4934 lucem
439 4883 601 4934 maturatione
624 4885 800 4948 impenderem.
