<?xml version="1.0" encoding="UTF-8"?>
<!DOCTYPE html PUBLIC "-//W3C//DTD XHTML 1.0 Transitional//EN"
    "http://www.w3.org/TR/xhtml1/DTD/xhtml1-transitional.dtd">
<html xmlns="http://www.w3.org/1999/xhtml" xml:lang="en" lang="en">
 <head>
  <title>
</title>
<meta http-equiv="Content-Type" content="text/html;charset=utf-8" />
  <meta name='ocr-system' content='tesseract 3.04.00' />
  <meta name='ocr-capabilities' content='ocr_page ocr_carea ocr_par ocr_line ocrx_word'/>
</head>
<body>
  <div class='ocr_page' id='page_1' title='image "./epistolaeromano00cousgoog/epistolaeromano00cousgoog_0263.png"; bbox 0 0 3450 5678; ppageno 0'>
   <div class='ocr_carea' id='block_1_1' title="bbox 212 108 1025 180">
    <p class='ocr_par' dir='ltr' id='par_1_1' title="bbox 212 108 1025 180">
     <span class='ocr_line' id='line_1_1' title="bbox 212 108 1025 180; baseline -0.009 0"><span class='ocrx_word' id='word_1_1' title='bbox 212 117 275 180; x_wconf 80' lang='lat'><em>216</em></span> <span class='ocrx_word' id='word_1_2' title='bbox 555 108 558 114; x_wconf 84' lang='lat'>&#39;</span> <span class='ocrx_word' id='word_1_3' title='bbox 674 128 701 176; x_wconf 89' lang='lat' dir='ltr'><em>s.</em></span> <span class='ocrx_word' id='word_1_4' title='bbox 720 125 888 176; x_wconf 78' lang='lat' dir='ltr'><em>sturmen</em></span> <span class='ocrx_word' id='word_1_5' title='bbox 911 124 1025 174; x_wconf 74' lang='lat' dir='ltr'><em>sanun</em></span> 
     </span>
    </p>
   </div>
   <div class='ocr_carea' id='block_1_2' title="bbox 827 279 867 342">
    <p class='ocr_par' dir='ltr' id='par_1_2' title="bbox 827 279 867 342">
     <span class='ocr_line' id='line_1_2' title="bbox 827 279 867 342; baseline 0 0"><span class='ocrx_word' id='word_1_6' title='bbox 827 279 867 342; x_wconf 87' lang='lat' dir='ltr'><em>V.</em></span> 
     </span>
    </p>
   </div>
   <div class='ocr_carea' id='block_1_3' title="bbox 213 391 1446 465">
    <p class='ocr_par' dir='ltr' id='par_1_3' title="bbox 213 391 1446 465">
     <span class='ocr_line' id='line_1_3' title="bbox 213 391 1446 465; baseline -0.001 -16"><span class='ocrx_word' id='word_1_7' title='bbox 213 414 240 449; x_wconf 82' lang='lat' dir='ltr'><em>a.</em></span> <span class='ocrx_word' id='word_1_8' title='bbox 258 392 330 450; x_wconf 74' lang='lat' dir='ltr'><em>att.</em></span> <span class='ocrx_word' id='word_1_9' title='bbox 375 393 498 450; x_wconf 75' lang='lat' dir='ltr'><strong><em>Zenonis</em></strong></span> <span class='ocrx_word' id='word_1_10' title='bbox 511 394 695 465; x_wconf 81' lang='lat' dir='ltr'><em>imperatoris</em></span> <span class='ocrx_word' id='word_1_11' title='bbox 709 392 749 447; x_wconf 88' lang='lat' dir='ltr'><em>od</em></span> <span class='ocrx_word' id='word_1_12' title='bbox 763 391 938 463; x_wconf 76' lang='lat' dir='ltr'><em>Simplicium</em></span> <span class='ocrx_word' id='word_1_13' title='bbox 954 392 988 447; x_wconf 86' lang='lat' dir='ltr'><em>dc</em></span> <span class='ocrx_word' id='word_1_14' title='bbox 1004 395 1179 464; x_wconf 83' lang='lat' dir='ltr'><em>recuperato</em></span> <span class='ocrx_word' id='word_1_15' title='bbox 1192 394 1312 465; x_wconf 69' lang='lat' dir='ltr'><em>imperio</em></span> <span class='ocrx_word' id='word_1_16' title='bbox 1327 392 1446 451; x_wconf 83' lang='lat' dir='ltr'><em>relatio.</em></span> 
     </span>
    </p>
   </div>
   <div class='ocr_carea' id='block_1_4' title="bbox 214 490 1492 1334">
    <p class='ocr_par' dir='ltr' id='par_1_4' title="bbox 214 490 1492 1334">
     <span class='ocr_line' id='line_1_4' title="bbox 299 490 1490 569; baseline 0.001 -19"><span class='ocrx_word' id='word_1_17' title='bbox 299 499 376 552; x_wconf 85' lang='lat' dir='ltr'><em>Anno</em></span> <span class='ocrx_word' id='word_1_18' title='bbox 397 493 458 551; x_wconf 78' lang='grc'><em>477</em></span> <span class='ocrx_word' id='word_1_19' title='bbox 481 494 552 552; x_wconf 85' lang='lat' dir='ltr'><em>Zeno</em></span> <span class='ocrx_word' id='word_1_20' title='bbox 575 496 729 569; x_wconf 86' lang='lat' dir='ltr'><em>imperator,</em></span> <span class='ocrx_word' id='word_1_21' title='bbox 746 510 828 568; x_wconf 90' lang='lat' dir='ltr'><em>quum</em></span> <span class='ocrx_word' id='word_1_22' title='bbox 844 492 958 568; x_wconf 80' lang='lat' dir='ltr'><em>expulso</em></span> <span class='ocrx_word' id='word_1_23' title='bbox 973 491 1101 549; x_wconf 79' lang='lat' dir='ltr'><em>Basilisco</em></span> <span class='ocrx_word' id='word_1_24' title='bbox 1116 490 1380 569; x_wconf 78' lang='lat' dir='ltr'><em>Constantinopolim</em></span> <span class='ocrx_word' id='word_1_25' title='bbox 1397 510 1490 551; x_wconf 70' lang='lat' dir='ltr'><em>neren</em></span> 
     </span>
     <span class='ocr_line' id='line_1_5' title="bbox 215 578 1491 655; baseline -0.002 -17"><span class='ocrx_word' id='word_1_26' title='bbox 215 583 301 643; x_wconf 82' lang='lat' dir='ltr'><em>iisset,</em></span> <span class='ocrx_word' id='word_1_27' title='bbox 317 580 351 636; x_wconf 91' lang='lat' dir='ltr'><em>de</em></span> <span class='ocrx_word' id='word_1_28' title='bbox 366 587 524 655; x_wconf 89' lang='lat' dir='ltr'><em>recuperato</em></span> <span class='ocrx_word' id='word_1_29' title='bbox 540 581 653 654; x_wconf 87' lang='lat' dir='ltr'><em>imperio</em></span> <span class='ocrx_word' id='word_1_30' title='bbox 665 578 829 653; x_wconf 82' lang='lat' dir='ltr'><em>Simplicium</em></span> <span class='ocrx_word' id='word_1_31' title='bbox 845 594 939 653; x_wconf 90' lang='lat' dir='ltr'><em>papam</em></span> <span class='ocrx_word' id='word_1_32' title='bbox 955 578 1053 634; x_wconf 87' lang='lat' dir='ltr'><em>litteris</em></span> <span class='ocrx_word' id='word_1_33' title='bbox 1068 579 1212 635; x_wconf 88' lang='lat' dir='ltr'><em>certiorem</em></span> <span class='ocrx_word' id='word_1_34' title='bbox 1229 578 1315 635; x_wconf 87' lang='lat' dir='ltr'><em>iacere</em></span> <span class='ocrx_word' id='word_1_35' title='bbox 1330 581 1491 654; x_wconf 78' lang='lat' dir='ltr'><em>properavit</em></span> 
     </span>
     <span class='ocr_line' id='line_1_6' title="bbox 214 662 1491 740; baseline -0.001 -17"><span class='ocrx_word' id='word_1_36' title='bbox 214 667 259 739; x_wconf 91' lang='lat' dir='ltr'><em>(ci.</em></span> <span class='ocrx_word' id='word_1_37' title='bbox 277 666 372 740; x_wconf 73' lang='lat' dir='ltr'><em>simpl,</em></span> <span class='ocrx_word' id='word_1_38' title='bbox 390 683 433 740; x_wconf 88' lang='lat' dir='ltr'><em>op.</em></span> <span class='ocrx_word' id='word_1_39' title='bbox 451 666 469 722; x_wconf 87' lang='lat'>6</span> <span class='ocrx_word' id='word_1_40' title='bbox 485 683 512 720; x_wconf 87' lang='lat' dir='ltr'><em>n.</em></span> <span class='ocrx_word' id='word_1_41' title='bbox 531 664 549 720; x_wconf 80' lang='lat'>2</span> <span class='ocrx_word' id='word_1_42' title='bbox 566 673 592 720; x_wconf 89' lang='lat' dir='ltr'><em>et</em></span> <span class='ocrx_word' id='word_1_43' title='bbox 609 664 648 736; x_wconf 89' lang='lat'><em>3).</em></span> <span class='ocrx_word' id='word_1_44' title='bbox 680 663 726 720; x_wconf 89' lang='lat' dir='ltr'><em>llis</em></span> <span class='ocrx_word' id='word_1_45' title='bbox 743 671 831 720; x_wconf 88' lang='lat' dir='ltr'><em>autern</em></span> <span class='ocrx_word' id='word_1_46' title='bbox 847 665 873 718; x_wconf 93' lang='lat' dir='ltr'><em>in</em></span> <span class='ocrx_word' id='word_1_47' title='bbox 890 663 987 719; x_wconf 80' lang='lat' dir='ltr'><em>litteris</em></span> <span class='ocrx_word' id='word_1_48' title='bbox 1002 663 1073 720; x_wconf 83' lang='lat' dir='ltr'><em>Zeno</em></span> <span class='ocrx_word' id='word_1_49' title='bbox 1090 679 1143 719; x_wconf 92' lang='lat' dir='ltr'><em>non</em></span> <span class='ocrx_word' id='word_1_50' title='bbox 1160 663 1241 720; x_wconf 76' lang='lat' dir='ltr'><em>motio</em></span> <span class='ocrx_word' id='word_1_51' title='bbox 1256 662 1425 739; x_wconf 81' lang='lat' dir='ltr'><em>Simplicium</em></span> <span class='ocrx_word' id='word_1_52' title='bbox 1440 664 1491 722; x_wconf 79' lang='lat' dir='ltr'><em>sed</em></span> 
     </span>
     <span class='ocr_line' id='line_1_7' title="bbox 215 747 1492 822; baseline -0.001 -15"><span class='ocrx_word' id='word_1_53' title='bbox 215 753 338 808; x_wconf 84' lang='lat' dir='ltr'><em>Acacium</em></span> <span class='ocrx_word' id='word_1_54' title='bbox 355 752 432 806; x_wconf 88' lang='lat' dir='ltr'><em>etianr</em></span> <span class='ocrx_word' id='word_1_55' title='bbox 454 750 565 805; x_wconf 90' lang='lat' dir='ltr'><em>summis</em></span> <span class='ocrx_word' id='word_1_56' title='bbox 586 748 708 805; x_wconf 83' lang='lat' dir='ltr'><em>laudibus</em></span> <span class='ocrx_word' id='word_1_57' title='bbox 727 747 881 811; x_wconf 82' lang='lat' dir='ltr'><em>extollebat,</em></span> <span class='ocrx_word' id='word_1_58' title='bbox 905 747 978 821; x_wconf 83' lang='lat' dir='ltr'><em>quod</em></span> <span class='ocrx_word' id='word_1_59' title='bbox 995 748 1135 804; x_wconf 72' lang='lat' dir='ltr'><em>haereticis</em></span> <span class='ocrx_word' id='word_1_60' title='bbox 1151 764 1249 822; x_wconf 80' lang='lat' dir='ltr'><em>magno</em></span> <span class='ocrx_word' id='word_1_61' title='bbox 1266 750 1355 805; x_wconf 89' lang='lat' dir='ltr'><em>animo</em></span> <span class='ocrx_word' id='word_1_62' title='bbox 1371 750 1492 807; x_wconf 76' lang='lat' dir='ltr'><em>restitis-</em></span> 
     </span>
     <span class='ocr_line' id='line_1_8' title="bbox 214 832 1491 911; baseline -0.001 -19"><span class='ocrx_word' id='word_1_63' title='bbox 214 845 286 894; x_wconf 88' lang='lat' dir='ltr'><em>sent.</em></span> <span class='ocrx_word' id='word_1_64' title='bbox 311 836 404 909; x_wconf 83' lang='lat' dir='ltr'><em>b&#39;eque</em></span> <span class='ocrx_word' id='word_1_65' title='bbox 419 837 491 891; x_wconf 84' lang='lat' dir='ltr'><em>eninr</em></span> <span class='ocrx_word' id='word_1_66' title='bbox 507 835 538 890; x_wconf 92' lang='lat' dir='ltr'><em>ad</em></span> <span class='ocrx_word' id='word_1_67' title='bbox 555 834 625 890; x_wconf 88' lang='lat' dir='ltr'><em>allud</em></span> <span class='ocrx_word' id='word_1_68' title='bbox 641 835 771 908; x_wconf 90' lang='lat' dir='ltr'><em>scriptum</em></span> <span class='ocrx_word' id='word_1_69' title='bbox 783 833 896 890; x_wconf 84' lang='lat' dir='ltr'><strong>Zenonis</strong></span> <span class='ocrx_word' id='word_1_70' title='bbox 911 834 1048 907; x_wconf 90' lang='lat' dir='ltr'><em>pertinere</em></span> <span class='ocrx_word' id='word_1_71' title='bbox 1065 832 1177 895; x_wconf 85' lang='lat' dir='ltr'><em>videtur,</em></span> <span class='ocrx_word' id='word_1_72' title='bbox 1194 833 1267 907; x_wconf 80' lang='lat' dir='ltr'><em>quod</em></span> <span class='ocrx_word' id='word_1_73' title='bbox 1283 833 1407 891; x_wconf 75' lang='lat' dir='ltr'><em>Gelenius</em></span> <span class='ocrx_word' id='word_1_74' title='bbox 1422 852 1491 911; x_wconf 79' lang='lat' dir='ltr'><em>papa</em></span> 
     </span>
     <span class='ocr_line' id='line_1_9' title="bbox 215 917 1490 996; baseline -0.001 -18"><span class='ocrx_word' id='word_1_75' title='bbox 215 940 256 996; x_wconf 87' lang='lat' dir='ltr'><em>ep.</em></span> <span class='ocrx_word' id='word_1_76' title='bbox 275 921 314 978; x_wconf 80' lang='lat'><em>26</em></span> <span class='ocrx_word' id='word_1_77' title='bbox 331 938 358 975; x_wconf 91' lang='lat' dir='ltr'><em>n.</em></span> <span class='ocrx_word' id='word_1_78' title='bbox 376 920 394 977; x_wconf 85' lang='grc'>8</span> <span class='ocrx_word' id='word_1_79' title='bbox 410 921 455 983; x_wconf 87' lang='lat' dir='ltr'><em>ait.</em></span> <span class='ocrx_word' id='word_1_80' title='bbox 473 921 545 976; x_wconf 85' lang='lat' dir='ltr'><em>lrunc</em></span> <span class='ocrx_word' id='word_1_81' title='bbox 559 921 747 994; x_wconf 84' lang='lat' dir='ltr'><em>imperatorem</em></span> <span class='ocrx_word' id='word_1_82' title='bbox 769 921 873 975; x_wconf 86' lang='lat' dir='ltr'><em>litteris</em></span> <span class='ocrx_word' id='word_1_83' title='bbox 897 921 957 974; x_wconf 85' lang='lat' dir='ltr'><em>suis</em></span> <span class='ocrx_word' id='word_1_84' title='bbox 980 925 1037 974; x_wconf 83' lang='lat' dir='ltr'><em>tant</em></span> <span class='ocrx_word' id='word_1_85' title='bbox 1052 921 1146 990; x_wconf 86' lang='lat' dir='ltr'><em>ipsum</em></span> <span class='ocrx_word' id='word_1_86' title='bbox 1163 917 1302 977; x_wconf 82' lang='lat' dir='ltr'><em>Acacium</em></span> <span class='ocrx_word' id='word_1_87' title='bbox 1317 938 1406 994; x_wconf 80' lang='lat' dir='ltr'><em>quam</em></span> <span class='ocrx_word' id='word_1_88' title='bbox 1420 934 1490 977; x_wconf 80' lang='lat' dir='ltr'><em>son·</em></span> 
     </span>
     <span class='ocr_line' id='line_1_10' title="bbox 216 1004 1491 1078; baseline 0 -15"><span class='ocrx_word' id='word_1_89' title='bbox 216 1015 280 1063; x_wconf 86' lang='lat' dir='ltr'><em>ctae</em></span> <span class='ocrx_word' id='word_1_90' title='bbox 296 1010 449 1063; x_wconf 88' lang='lat' dir='ltr'><em>memoriae</em></span> <span class='ocrx_word' id='word_1_91' title='bbox 465 1006 639 1077; x_wconf 83' lang='lat' dir='ltr'><em>Simplicium</em></span> <span class='ocrx_word' id='word_1_92' title='bbox 656 1007 766 1078; x_wconf 83' lang='lat' dir='ltr'><em>mapnis</em></span> <span class='ocrx_word' id='word_1_93' title='bbox 779 1004 913 1060; x_wconf 77' lang='lat' dir='ltr'><em>laudibus</em></span> <span class='ocrx_word' id='word_1_94' title='bbox 926 1005 1073 1074; x_wconf 71' lang='lat' dir='ltr'><em>extulisse,</em></span> <span class='ocrx_word' id='word_1_95' title='bbox 1091 1005 1167 1078; x_wconf 85' lang='lat' dir='ltr'><em>quod</em></span> <span class='ocrx_word' id='word_1_96' title='bbox 1180 1005 1337 1061; x_wconf 74' lang='lat' dir='ltr'><em>haereticis</em></span> <span class='ocrx_word' id='word_1_97' title='bbox 1352 1011 1491 1063; x_wconf 70' lang='lat' dir='ltr'><em>comten-</em></span> 
     </span>
     <span class='ocr_line' id='line_1_11' title="bbox 215 1082 1491 1165; baseline -0.003 -16"><span class='ocrx_word' id='word_1_98' title='bbox 215 1095 318 1149; x_wconf 88' lang='lat' dir='ltr'><em>tissimc</em></span> <span class='ocrx_word' id='word_1_99' title='bbox 340 1082 517 1147; x_wconf 72' lang='lat' dir='ltr'><em>restitissent</em></span> <span class='ocrx_word' id='word_1_100' title='bbox 561 1090 648 1165; x_wconf 87' lang='lat' dir='ltr'><em>ipsius</em></span> <span class='ocrx_word' id='word_1_101' title='bbox 674 1106 783 1164; x_wconf 83' lang='lat' dir='ltr'><em>quoquo</em></span> <span class='ocrx_word' id='word_1_102' title='bbox 804 1087 931 1162; x_wconf 85' lang='lat' dir='ltr'><em>Simplicii</em></span> <span class='ocrx_word' id='word_1_103' title='bbox 958 1105 1099 1146; x_wconf 81' lang='lat' dir='ltr'><em>successor</em></span> <span class='ocrx_word' id='word_1_104' title='bbox 1124 1086 1196 1145; x_wconf 80' lang='lat' dir='ltr'><em>Felix</em></span> <span class='ocrx_word' id='word_1_105' title='bbox 1225 1088 1350 1146; x_wconf 87' lang='lat' dir='ltr'><em>eumdem</em></span> <span class='ocrx_word' id='word_1_106' title='bbox 1372 1090 1491 1148; x_wconf 86' lang='lat' dir='ltr'><em>Zenonis</em></span> 
     </span>
     <span class='ocr_line' id='line_1_12' title="bbox 216 1173 1492 1251; baseline -0.002 -17"><span class='ocrx_word' id='word_1_107' title='bbox 216 1178 305 1234; x_wconf 92' lang='lat' dir='ltr'><em>locum</em></span> <span class='ocrx_word' id='word_1_108' title='bbox 322 1185 378 1231; x_wconf 85' lang='lat' dir='ltr'><em>turn</em></span> <span class='ocrx_word' id='word_1_109' title='bbox 394 1177 461 1250; x_wconf 89' lang='lat' dir='ltr'><em>ep.l</em></span> <span class='ocrx_word' id='word_1_110' title='bbox 486 1193 512 1231; x_wconf 95' lang='lat' dir='ltr'><em>n.</em></span> <span class='ocrx_word' id='word_1_111' title='bbox 523 1177 550 1236; x_wconf 86' lang='grc'><em>6.</em></span> <span class='ocrx_word' id='word_1_112' title='bbox 568 1184 623 1230; x_wconf 84' lang='lat' dir='ltr'><em>tum</em></span> <span class='ocrx_word' id='word_1_113' title='bbox 640 1175 712 1248; x_wconf 67' lang='lat' dir='ltr'><em>cp?</em></span> <span class='ocrx_word' id='word_1_114' title='bbox 729 1174 783 1229; x_wconf 75' lang='lat' dir='ltr'><em>nl</em></span> <span class='ocrx_word' id='word_1_115' title='bbox 799 1181 999 1229; x_wconf 89' lang='lat' dir='ltr'><em>commemorat.</em></span> <span class='ocrx_word' id='word_1_116' title='bbox 1032 1173 1077 1229; x_wconf 90' lang='lat' dir='ltr'><em>ilis</em></span> <span class='ocrx_word' id='word_1_117' title='bbox 1093 1173 1208 1231; x_wconf 86' lang='lat' dir='ltr'><em>Zenonis</em></span> <span class='ocrx_word' id='word_1_118' title='bbox 1224 1174 1322 1231; x_wconf 88' lang='lat' dir='ltr'><em>litteris</em></span> <span class='ocrx_word' id='word_1_119' title='bbox 1334 1174 1492 1251; x_wconf 85' lang='lat' dir='ltr'><em>Simplicius</em></span> 
     </span>
     <span class='ocr_line' id='line_1_13' title="bbox 215 1258 1464 1334; baseline 0 -17"><span class='ocrx_word' id='word_1_120' title='bbox 215 1263 259 1318; x_wconf 90' lang='lat' dir='ltr'><em>die</em></span> <span class='ocrx_word' id='word_1_121' title='bbox 275 1260 425 1319; x_wconf 72' lang='lat' dir='ltr'><em>attelabus</em></span> <span class='ocrx_word' id='word_1_122' title='bbox 441 1260 533 1317; x_wconf 72' lang='lat' dir='ltr'><em>ulli</em></span> <span class='ocrx_word' id='word_1_123' title='bbox 549 1261 697 1334; x_wconf 86' lang='lat' dir='ltr'><em>rescripsit.</em></span> <span class='ocrx_word' id='word_1_124' title='bbox 729 1259 803 1314; x_wconf 82' lang='lat' dir='ltr'><em>Unde</em></span> <span class='ocrx_word' id='word_1_125' title='bbox 819 1258 958 1331; x_wconf 77' lang='lat' dir='ltr'><em>colligitur</em></span> <span class='ocrx_word' id='word_1_126' title='bbox 974 1267 1089 1332; x_wconf 86' lang='lat' dir='ltr'><em>tompus.</em></span> <span class='ocrx_word' id='word_1_127' title='bbox 1107 1275 1161 1332; x_wconf 90' lang='lat' dir='ltr'><em>quo</em></span> <span class='ocrx_word' id='word_1_128' title='bbox 1177 1259 1250 1316; x_wconf 84' lang='lat' dir='ltr'><em>Zeno</em></span> <span class='ocrx_word' id='word_1_129' title='bbox 1266 1258 1325 1316; x_wconf 86' lang='lat' dir='ltr'><em>illas</em></span> <span class='ocrx_word' id='word_1_130' title='bbox 1341 1261 1464 1317; x_wconf 76' lang='lat' dir='ltr'><em>miseret.</em></span> 
     </span>
    </p>
   </div>
   <div class='ocr_carea' id='block_1_5' title="bbox 822 1403 879 1468">
    <p class='ocr_par' dir='ltr' id='par_1_5' title="bbox 822 1403 879 1468">
     <span class='ocr_line' id='line_1_14' title="bbox 822 1403 879 1468; baseline 0 0"><span class='ocrx_word' id='word_1_131' title='bbox 822 1403 879 1468; x_wconf 85' lang='lat' dir='ltr'><em>Vi.</em></span> 
     </span>
    </p>
   </div>
   <div class='ocr_carea' id='block_1_6' title="bbox 217 1515 1494 1660">
    <p class='ocr_par' dir='ltr' id='par_1_6' title="bbox 217 1515 1494 1660">
     <span class='ocr_line' id='line_1_15' title="bbox 217 1515 1494 1589; baseline -0.002 -14"><span class='ocrx_word' id='word_1_132' title='bbox 217 1539 244 1575; x_wconf 88' lang='lat' dir='ltr'><em>n.</em></span> <span class='ocrx_word' id='word_1_133' title='bbox 262 1517 322 1575; x_wconf 79' lang='lat'><em>477</em></span> <span class='ocrx_word' id='word_1_134' title='bbox 340 1520 401 1575; x_wconf 88' lang='lat' dir='ltr'><em>eod.</em></span> <span class='ocrx_word' id='word_1_135' title='bbox 419 1525 503 1589; x_wconf 88' lang='lat' dir='ltr'><em>temp.</em></span> <span class='ocrx_word' id='word_1_136' title='bbox 544 1517 647 1573; x_wconf 86' lang='lat' dir='ltr'><em>Aeacii</em></span> <span class='ocrx_word' id='word_1_137' title='bbox 667 1516 957 1586; x_wconf 78' lang='lat' dir='ltr'><em>Constantinpolitani</em></span> <span class='ocrx_word' id='word_1_138' title='bbox 977 1516 1017 1569; x_wconf 86' lang='lat' dir='ltr'><em>ud</em></span> <span class='ocrx_word' id='word_1_139' title='bbox 1037 1515 1213 1588; x_wconf 82' lang='lat' dir='ltr'><em>Simplicium</em></span> <span class='ocrx_word' id='word_1_140' title='bbox 1233 1516 1269 1572; x_wconf 84' lang='lat' dir='ltr'><em>dc</em></span> <span class='ocrx_word' id='word_1_141' title='bbox 1291 1517 1393 1572; x_wconf 87' lang='lat' dir='ltr'><em>cadem</em></span> <span class='ocrx_word' id='word_1_142' title='bbox 1412 1532 1446 1573; x_wconf 81' lang='lat' dir='ltr'><em>re</em></span> <span class='ocrx_word' id='word_1_143' title='bbox 1465 1524 1494 1573; x_wconf 84' lang='lat' dir='ltr'><em>et</em></span> 
     </span>
     <span class='ocr_line' id='line_1_16' title="bbox 368 1603 903 1660; baseline -0.007 -1"><span class='ocrx_word' id='word_1_144' title='bbox 368 1608 446 1660; x_wconf 86' lang='lat' dir='ltr'><em>statu</em></span> <span class='ocrx_word' id='word_1_145' title='bbox 462 1606 603 1660; x_wconf 86' lang='lat' dir='ltr'><em>ecclesiae</em></span> <span class='ocrx_word' id='word_1_146' title='bbox 621 1603 775 1659; x_wconf 79' lang='lat' dir='ltr'><em>Oricrrtclis</em></span> <span class='ocrx_word' id='word_1_147' title='bbox 790 1603 903 1658; x_wconf 87' lang='lat' dir='ltr'><em>relatio.</em></span> 
     </span>
    </p>
   </div>
   <div class='ocr_carea' id='block_1_7' title="bbox 214 1700 1508 4593">
    <p class='ocr_par' dir='ltr' id='par_1_7' title="bbox 214 1700 1495 2374">
     <span class='ocr_line' id='line_1_17' title="bbox 305 1700 1495 1777; baseline 0.001 -16"><span class='ocrx_word' id='word_1_148' title='bbox 305 1707 331 1761; x_wconf 89' lang='lat'><em>1.</em></span> <span class='ocrx_word' id='word_1_149' title='bbox 363 1704 400 1760; x_wconf 85' lang='grc' dir='ltr'><em>Ει</em></span> <span class='ocrx_word' id='word_1_150' title='bbox 416 1721 449 1761; x_wconf 91' lang='lat' dir='ltr'><em>eo</em></span> <span class='ocrx_word' id='word_1_151' title='bbox 465 1705 553 1768; x_wconf 88' lang='lat' dir='ltr'><em>ctiam,</em></span> <span class='ocrx_word' id='word_1_152' title='bbox 576 1704 649 1777; x_wconf 88' lang='lat' dir='ltr'><em>quod</em></span> <span class='ocrx_word' id='word_1_153' title='bbox 666 1702 819 1777; x_wconf 73' lang='lat' dir='ltr'><em>Simplicius</em></span> <span class='ocrx_word' id='word_1_154' title='bbox 835 1700 930 1759; x_wconf 88' lang='lat' dir='ltr'><em>codem</em></span> <span class='ocrx_word' id='word_1_155' title='bbox 947 1709 1069 1777; x_wconf 88' lang='lat' dir='ltr'><em>tempore</em></span> <span class='ocrx_word' id='word_1_156' title='bbox 1084 1719 1144 1759; x_wconf 87' lang='lat' dir='ltr'><em>cunr</em></span> <span class='ocrx_word' id='word_1_157' title='bbox 1160 1702 1201 1758; x_wconf 91' lang='lat' dir='ltr'><em>bis</em></span> <span class='ocrx_word' id='word_1_158' title='bbox 1217 1702 1331 1760; x_wconf 83' lang='lat' dir='ltr'><em>Zenonis</em></span> <span class='ocrx_word' id='word_1_159' title='bbox 1346 1702 1450 1761; x_wconf 81' lang='lat' dir='ltr'><em>litteris</em></span> <span class='ocrx_word' id='word_1_160' title='bbox 1465 1714 1495 1763; x_wconf 82' lang='lat' dir='ltr'><em>et</em></span> 
     </span>
     <span class='ocr_line' id='line_1_18' title="bbox 217 1786 1494 1865; baseline 0.001 -19"><span class='ocrx_word' id='word_1_161' title='bbox 217 1791 321 1865; x_wconf 82' lang='lat' dir='ltr'><em>amplae</em></span> <span class='ocrx_word' id='word_1_162' title='bbox 333 1791 418 1846; x_wconf 85' lang='lat' dir='ltr'><em>Aeacii</em></span> <span class='ocrx_word' id='word_1_163' title='bbox 436 1789 568 1851; x_wconf 87' lang='lat' dir='ltr'><em>relationi,</em></span> <span class='ocrx_word' id='word_1_164' title='bbox 585 1789 618 1844; x_wconf 85' lang='lat' dir='ltr'><em>dc</em></span> <span class='ocrx_word' id='word_1_165' title='bbox 635 1807 686 1864; x_wconf 88' lang='lat' dir='ltr'><em>qua</em></span> <span class='ocrx_word' id='word_1_166' title='bbox 702 1787 779 1845; x_wconf 89' lang='lat' dir='ltr'><em>uobis</em></span> <span class='ocrx_word' id='word_1_167' title='bbox 795 1805 867 1843; x_wconf 91' lang='lat' dir='ltr'><em>nuuc</em></span> <span class='ocrx_word' id='word_1_168' title='bbox 878 1786 1030 1849; x_wconf 87' lang='lat' dir='ltr'><em>dicendum.</em></span> <span class='ocrx_word' id='word_1_169' title='bbox 1048 1788 1188 1861; x_wconf 86' lang='lat' dir='ltr'><em>respondit</em></span> <span class='ocrx_word' id='word_1_170' title='bbox 1200 1786 1280 1862; x_wconf 76' lang='lat' dir='ltr'><em>(epi</em></span> <span class='ocrx_word' id='word_1_171' title='bbox 1294 1787 1370 1861; x_wconf 84' lang='lat' dir='ltr'><em>ml).</em></span> <span class='ocrx_word' id='word_1_172' title='bbox 1386 1798 1494 1847; x_wconf 83' lang='lat' dir='ltr'><em>utrum·</em></span> 
     </span>
     <span class='ocr_line' id='line_1_19' title="bbox 218 1870 1493 1949; baseline 0.002 -19"><span class='ocrx_word' id='word_1_173' title='bbox 218 1893 270 1949; x_wconf 80' lang='lat' dir='ltr'><em>que</em></span> <span class='ocrx_word' id='word_1_174' title='bbox 292 1876 423 1949; x_wconf 89' lang='lat' dir='ltr'><em>scripturn</em></span> <span class='ocrx_word' id='word_1_175' title='bbox 445 1873 524 1929; x_wconf 88' lang='lat' dir='ltr'><em>simul</em></span> <span class='ocrx_word' id='word_1_176' title='bbox 542 1876 591 1948; x_wconf 87' lang='lat' dir='ltr'><em>ipsi</em></span> <span class='ocrx_word' id='word_1_177' title='bbox 608 1875 698 1931; x_wconf 90' lang='lat' dir='ltr'><em>datum</em></span> <span class='ocrx_word' id='word_1_178' title='bbox 721 1890 783 1946; x_wconf 82' lang='lat' dir='ltr'><em>osse</em></span> <span class='ocrx_word' id='word_1_179' title='bbox 796 1872 867 1929; x_wconf 90' lang='lat' dir='ltr'><em>haud</em></span> <span class='ocrx_word' id='word_1_180' title='bbox 884 1881 984 1927; x_wconf 86' lang='lat' dir='ltr'><em>temere</em></span> <span class='ocrx_word' id='word_1_181' title='bbox 1005 1871 1172 1944; x_wconf 89' lang='lat' dir='ltr'><em>conjicimus.</em></span> <span class='ocrx_word' id='word_1_182' title='bbox 1208 1870 1236 1928; x_wconf 95' lang='lat' dir='ltr'><em>lu</em></span> <span class='ocrx_word' id='word_1_183' title='bbox 1260 1873 1308 1929; x_wconf 86' lang='lat' dir='ltr'><em>bac</em></span> <span class='ocrx_word' id='word_1_184' title='bbox 1322 1891 1408 1949; x_wconf 87' lang='lat' dir='ltr'><em>porro</em></span> <span class='ocrx_word' id='word_1_185' title='bbox 1425 1874 1493 1932; x_wconf 65' lang='lat' dir='ltr'><em>rete</em></span> 
     </span>
     <span class='ocr_line' id='line_1_20' title="bbox 216 1950 1494 2035; baseline 0.002 -20"><span class='ocrx_word' id='word_1_186' title='bbox 216 1962 301 2022; x_wconf 88' lang='lat' dir='ltr'><em>tione.</em></span> <span class='ocrx_word' id='word_1_187' title='bbox 326 1977 394 2033; x_wconf 86' lang='lat' dir='ltr'><em>quac</em></span> <span class='ocrx_word' id='word_1_188' title='bbox 416 1976 464 2033; x_wconf 82' lang='lat' dir='ltr'><em>per·</em></span> <span class='ocrx_word' id='word_1_189' title='bbox 480 1958 657 2033; x_wconf 87' lang='lat' dir='ltr'><em>Epiplraniaru</em></span> <span class='ocrx_word' id='word_1_190' title='bbox 678 1950 820 2014; x_wconf 83' lang='lat' dir='ltr'><em>diaconum</em></span> <span class='ocrx_word' id='word_1_191' title='bbox 843 1959 922 2013; x_wconf 80' lang='lat' dir='ltr'><em>inissa</em></span> <span class='ocrx_word' id='word_1_192' title='bbox 938 1966 988 2019; x_wconf 88' lang='lat' dir='ltr'><em>est,</em></span> <span class='ocrx_word' id='word_1_193' title='bbox 1011 1957 1091 2013; x_wconf 87' lang='lat' dir='ltr'><em>latius</em></span> <span class='ocrx_word' id='word_1_194' title='bbox 1112 1956 1262 2031; x_wconf 73' lang='lat' dir='ltr'><em>exponebat</em></span> <span class='ocrx_word' id='word_1_195' title='bbox 1278 1958 1401 2021; x_wconf 82' lang='lat' dir='ltr'><em>Aeacius.</em></span> <span class='ocrx_word' id='word_1_196' title='bbox 1425 1976 1494 2035; x_wconf 78' lang='lat' dir='ltr'><em>quse</em></span> 
     </span>
     <span class='ocr_line' id='line_1_21' title="bbox 214 2041 1494 2117; baseline 0.001 -17"><span class='ocrx_word' id='word_1_197' title='bbox 214 2046 269 2117; x_wconf 90' lang='lat' dir='ltr'><em>jam</em></span> <span class='ocrx_word' id='word_1_198' title='bbox 286 2045 408 2101; x_wconf 84' lang='lat' dir='ltr'><em>monachi</em></span> <span class='ocrx_word' id='word_1_199' title='bbox 425 2062 495 2100; x_wconf 90' lang='lat' dir='ltr'><em>anno</em></span> <span class='ocrx_word' id='word_1_200' title='bbox 512 2044 572 2101; x_wconf 78' lang='lat' dir='ltr'><em>tlh</em></span> <span class='ocrx_word' id='word_1_201' title='bbox 590 2043 695 2101; x_wconf 84' lang='lat' dir='ltr'><em>labente</em></span> <span class='ocrx_word' id='word_1_202' title='bbox 711 2045 827 2099; x_wconf 86' lang='lat' dir='ltr'><em>strictim</em></span> <span class='ocrx_word' id='word_1_203' title='bbox 843 2041 999 2105; x_wconf 87' lang='lat' dir='ltr'><em>irnlicarant,</em></span> <span class='ocrx_word' id='word_1_204' title='bbox 1021 2060 1049 2098; x_wconf 81' lang='lat' dir='ltr'><em>aa·</em></span> <span class='ocrx_word' id='word_1_205' title='bbox 1065 2043 1221 2099; x_wconf 87' lang='lat' dir='ltr'><em>nominatim</em></span> <span class='ocrx_word' id='word_1_206' title='bbox 1237 2060 1275 2106; x_wconf 84' lang='lat' dir='ltr'><em>ea.</em></span> <span class='ocrx_word' id='word_1_207' title='bbox 1297 2060 1367 2117; x_wconf 81' lang='lat' dir='ltr'><em>quae</em></span> <span class='ocrx_word' id='word_1_208' title='bbox 1382 2042 1416 2099; x_wconf 81' lang='lat' dir='ltr'><em>ab</em></span> <span class='ocrx_word' id='word_1_209' title='bbox 1431 2044 1494 2101; x_wconf 76' lang='lat' dir='ltr'><em>irae·</em></span> 
     </span>
     <span class='ocr_line' id='line_1_22' title="bbox 218 2126 1492 2203; baseline 0.002 -18"><span class='ocrx_word' id='word_1_210' title='bbox 218 2130 307 2185; x_wconf 80' lang='lat' dir='ltr'><em>relisis</em></span> <span class='ocrx_word' id='word_1_211' title='bbox 331 2147 378 2185; x_wconf 88' lang='lat' dir='ltr'><em>scu</em></span> <span class='ocrx_word' id='word_1_212' title='bbox 395 2128 629 2203; x_wconf 86' lang='lat' dir='ltr'><em>Constantinopoli</em></span> <span class='ocrx_word' id='word_1_213' title='bbox 650 2147 698 2185; x_wconf 85' lang='lat' dir='ltr'><em>seu</em></span> <span class='ocrx_word' id='word_1_214' title='bbox 721 2129 778 2184; x_wconf 83' lang='lat' dir='ltr'><em>aliis</em></span> <span class='ocrx_word' id='word_1_215' title='bbox 799 2131 825 2184; x_wconf 91' lang='lat' dir='ltr'><em>in</em></span> <span class='ocrx_word' id='word_1_216' title='bbox 846 2127 1004 2201; x_wconf 77' lang='lat' dir='ltr'><em>regionibus</em></span> <span class='ocrx_word' id='word_1_217' title='bbox 1025 2136 1117 2184; x_wconf 85' lang='lat' dir='ltr'><em>contra</em></span> <span class='ocrx_word' id='word_1_218' title='bbox 1140 2126 1219 2184; x_wconf 81' lang='lat' dir='ltr'><em>iidem</em></span> <span class='ocrx_word' id='word_1_219' title='bbox 1235 2135 1280 2183; x_wconf 86' lang='lat' dir='ltr'><em>aut</em></span> <span class='ocrx_word' id='word_1_220' title='bbox 1296 2128 1492 2187; x_wconf 79' lang='lat' dir='ltr'><em>ecclesiasticos</em></span> 
     </span>
     <span class='ocr_line' id='line_1_23' title="bbox 217 2214 1491 2289; baseline -0.001 -18"><span class='ocrx_word' id='word_1_221' title='bbox 217 2215 325 2289; x_wconf 79' lang='lat' dir='ltr'><em>regulas</em></span> <span class='ocrx_word' id='word_1_222' title='bbox 348 2222 448 2271; x_wconf 85' lang='lat' dir='ltr'><em>tentata</em></span> <span class='ocrx_word' id='word_1_223' title='bbox 471 2215 585 2277; x_wconf 77' lang='lat' dir='ltr'><em>inrorant,</em></span> <span class='ocrx_word' id='word_1_224' title='bbox 613 2218 730 2287; x_wconf 77' lang='lat' dir='ltr'><em>prolixo</em></span> <span class='ocrx_word' id='word_1_225' title='bbox 752 2216 863 2287; x_wconf 83' lang='lat' dir='ltr'><em>quidem</em></span> <span class='ocrx_word' id='word_1_226' title='bbox 886 2217 1024 2270; x_wconf 82' lang='lat' dir='ltr'><em>oolatminc</em></span> <span class='ocrx_word' id='word_1_227' title='bbox 1044 2216 1097 2270; x_wconf 86' lang='lat' dir='ltr'><em>sed</em></span> <span class='ocrx_word' id='word_1_228' title='bbox 1115 2217 1284 2271; x_wconf 85' lang='lat' dir='ltr'><em>necessario</em></span> <span class='ocrx_word' id='word_1_229' title='bbox 1301 2230 1437 2272; x_wconf 83' lang='lat' dir='ltr'><em>sermone</em></span> <span class='ocrx_word' id='word_1_230' title='bbox 1458 2214 1491 2271; x_wconf 90' lang='lat' dir='ltr'><em>ob</em></span> 
     </span>
     <span class='ocr_line' id='line_1_24' title="bbox 218 2298 852 2374; baseline 0.002 -20"><span class='ocrx_word' id='word_1_231' title='bbox 218 2300 313 2356; x_wconf 85' lang='lat' dir='ltr'><em>oculos</em></span> <span class='ocrx_word' id='word_1_232' title='bbox 329 2299 445 2374; x_wconf 86' lang='lat' dir='ltr'><em>ponebat</em></span> <span class='ocrx_word' id='word_1_233' title='bbox 461 2298 507 2371; x_wconf 89' lang='lat' dir='ltr'><em>(ci.</em></span> <span class='ocrx_word' id='word_1_234' title='bbox 525 2300 618 2373; x_wconf 85' lang='lat' dir='ltr'><em>Sirnpl.</em></span> <span class='ocrx_word' id='word_1_235' title='bbox 636 2302 714 2373; x_wconf 88' lang='lat' dir='ltr'><em>epist.</em></span> <span class='ocrx_word' id='word_1_236' title='bbox 733 2301 750 2355; x_wconf 83' lang='lat'><strong>7</strong></span> <span class='ocrx_word' id='word_1_237' title='bbox 767 2317 793 2354; x_wconf 92' lang='lat' dir='ltr'><em>n.</em></span> <span class='ocrx_word' id='word_1_238' title='bbox 814 2298 852 2371; x_wconf 87' lang='lat'><em>1).</em></span> 
     </span>
    </p>

    <p class='ocr_par' dir='ltr' id='par_1_8' title="bbox 217 2382 1508 4593">
     <span class='ocr_line' id='line_1_25' title="bbox 303 2382 1491 2461; baseline 0.003 -21"><span class='ocrx_word' id='word_1_239' title='bbox 303 2385 331 2440; x_wconf 73' lang='lat'><em>2.</em></span> <span class='ocrx_word' id='word_1_240' title='bbox 364 2385 419 2441; x_wconf 82' lang='lat' dir='ltr'><em>lico</em></span> <span class='ocrx_word' id='word_1_241' title='bbox 435 2384 484 2441; x_wconf 88' lang='lat' dir='ltr'><em>alin</em></span> <span class='ocrx_word' id='word_1_242' title='bbox 501 2384 606 2440; x_wconf 82' lang='lat' dir='ltr'><em>ridetur</em></span> <span class='ocrx_word' id='word_1_243' title='bbox 627 2402 687 2441; x_wconf 86' lang='lat' dir='ltr'><em>esse</em></span> <span class='ocrx_word' id='word_1_244' title='bbox 703 2385 798 2441; x_wconf 86' lang='lat' dir='ltr'><em>relatio</em></span> <span class='ocrx_word' id='word_1_245' title='bbox 820 2385 851 2439; x_wconf 91' lang='lat' dir='ltr'><em>ab</em></span> <span class='ocrx_word' id='word_1_246' title='bbox 873 2399 913 2444; x_wconf 85' lang='lat' dir='ltr'><em>ea,</em></span> <span class='ocrx_word' id='word_1_247' title='bbox 935 2399 1014 2457; x_wconf 84' lang='lat' dir='ltr'><em>quam</em></span> <span class='ocrx_word' id='word_1_248' title='bbox 1038 2384 1072 2439; x_wconf 88' lang='lat' dir='ltr'><em>de</em></span> <span class='ocrx_word' id='word_1_249' title='bbox 1086 2382 1168 2440; x_wconf 87' lang='lat' dir='ltr'><em>Petro</em></span> <span class='ocrx_word' id='word_1_250' title='bbox 1189 2393 1215 2440; x_wconf 90' lang='lat' dir='ltr'><em>ct</em></span> <span class='ocrx_word' id='word_1_251' title='bbox 1231 2384 1354 2441; x_wconf 79' lang='lat' dir='ltr'><em>iobinne</em></span> <span class='ocrx_word' id='word_1_252' title='bbox 1374 2386 1491 2461; x_wconf 83' lang='lat' dir='ltr'><em>pseudo·</em></span> 
     </span>
     <span class='ocr_line' id='line_1_26' title="bbox 219 2470 1491 2545; baseline 0.002 -18"><span class='ocrx_word' id='word_1_253' title='bbox 219 2472 353 2545; x_wconf 87' lang='lat' dir='ltr'><em>episcopis</em></span> <span class='ocrx_word' id='word_1_254' title='bbox 370 2470 547 2526; x_wconf 82' lang='lat' dir='ltr'><em>Antioolrenis</em></span> <span class='ocrx_word' id='word_1_255' title='bbox 563 2473 690 2544; x_wconf 83' lang='lat' dir='ltr'><em>scripturn</em></span> <span class='ocrx_word' id='word_1_256' title='bbox 707 2487 767 2525; x_wconf 89' lang='lat' dir='ltr'><em>esse</em></span> <span class='ocrx_word' id='word_1_257' title='bbox 781 2478 927 2544; x_wconf 75' lang='lat' dir='ltr'><em>pestorano</em></span> <span class='ocrx_word' id='word_1_258' title='bbox 943 2470 978 2525; x_wconf 87' lang='lat' dir='ltr'><em>de</em></span> <span class='ocrx_word' id='word_1_259' title='bbox 993 2473 1104 2526; x_wconf 89' lang='lat' dir='ltr'><em>nomine</em></span> <span class='ocrx_word' id='word_1_260' title='bbox 1120 2472 1222 2527; x_wconf 83' lang='lat' dir='ltr'><em>Aeacii</em></span> <span class='ocrx_word' id='word_1_261' title='bbox 1241 2479 1336 2527; x_wconf 84' lang='lat' dir='ltr'><em>auctor</em></span> <span class='ocrx_word' id='word_1_262' title='bbox 1354 2471 1436 2528; x_wconf 82' lang='lat' dir='ltr'><em>tradit</em></span> <span class='ocrx_word' id='word_1_263' title='bbox 1452 2472 1491 2529; x_wconf 83' lang='lat' dir='ltr'><em>blo</em></span> 
     </span>
     <span class='ocr_line' id='line_1_27' title="bbox 219 2554 1492 2628; baseline 0.004 -20"><span class='ocrx_word' id='word_1_264' title='bbox 219 2555 305 2612; x_wconf 80' lang='lat' dir='ltr'><em>seritis</em></span> <span class='ocrx_word' id='word_1_265' title='bbox 336 2555 404 2628; x_wconf 86' lang='lat' dir='ltr'><em>(Gcl.</em></span> <span class='ocrx_word' id='word_1_266' title='bbox 428 2555 532 2611; x_wconf 78' lang='lat' dir='ltr'><em>tracti</em></span> <span class='ocrx_word' id='word_1_267' title='bbox 556 2554 666 2626; x_wconf 74' lang='lat' dir='ltr'><em>n.12):</em></span> <span class='ocrx_word' id='word_1_268' title='bbox 701 2556 756 2611; x_wconf 90' lang='lat' dir='ltr'><em>Illo</em></span> <span class='ocrx_word' id='word_1_269' title='bbox 778 2559 852 2612; x_wconf 87' lang='lat' dir='ltr'><em>enim</em></span> <span class='ocrx_word' id='word_1_270' title='bbox 874 2562 1014 2627; x_wconf 80' lang='lat' dir='ltr'><em>tempore,</em></span> <span class='ocrx_word' id='word_1_271' title='bbox 1043 2574 1099 2628; x_wconf 79' lang='lat' dir='ltr'><em>quo</em></span> <span class='ocrx_word' id='word_1_272' title='bbox 1124 2556 1159 2612; x_wconf 87' lang='lat' dir='ltr'><em>de</em></span> <span class='ocrx_word' id='word_1_273' title='bbox 1180 2556 1268 2612; x_wconf 84' lang='lat' dir='ltr'><em>Petro</em></span> <span class='ocrx_word' id='word_1_274' title='bbox 1290 2557 1492 2615; x_wconf 75' lang='lat' dir='ltr'><em>Alexandrino</em></span> 
     </span>
     <span class='ocr_line' id='line_1_28' title="bbox 218 2634 1493 2713; baseline 0.002 -16"><span class='ocrx_word' id='word_1_275' title='bbox 218 2645 354 2698; x_wconf 78' lang='lat' dir='ltr'><em>demorato</em></span> <span class='ocrx_word' id='word_1_276' title='bbox 370 2644 469 2698; x_wconf 86' lang='lat' dir='ltr'><em>retulit</em></span> <span class='ocrx_word' id='word_1_277' title='bbox 483 2639 625 2712; x_wconf 58' lang='lat' dir='ltr'><em>(nicecius),</em></span> <span class='ocrx_word' id='word_1_278' title='bbox 642 2643 726 2696; x_wconf 85' lang='lat' dir='ltr'><em>ctiam</em></span> <span class='ocrx_word' id='word_1_279' title='bbox 742 2634 783 2712; x_wconf 77' lang='grc' dir='ltr'><em>(Β1</em></span> <span class='ocrx_word' id='word_1_280' title='bbox 796 2640 874 2713; x_wconf 81' lang='lat' dir='ltr'><em>jum)</em></span> <span class='ocrx_word' id='word_1_281' title='bbox 889 2642 924 2696; x_wconf 87' lang='lat' dir='ltr'><em>dc</em></span> <span class='ocrx_word' id='word_1_282' title='bbox 934 2641 1021 2697; x_wconf 83' lang='lat' dir='ltr'><em>Petro</em></span> <span class='ocrx_word' id='word_1_283' title='bbox 1037 2649 1064 2697; x_wconf 86' lang='lat' dir='ltr'><em>et</em></span> <span class='ocrx_word' id='word_1_284' title='bbox 1079 2641 1213 2698; x_wconf 78' lang='lat' dir='ltr'><em>Iohanne</em></span> <span class='ocrx_word' id='word_1_285' title='bbox 1233 2639 1276 2712; x_wconf 86' lang='lat' dir='ltr'><em>(ad</em></span> <span class='ocrx_word' id='word_1_286' title='bbox 1291 2640 1418 2699; x_wconf 85' lang='lat' dir='ltr'><em>eumdem</em></span> <span class='ocrx_word' id='word_1_287' title='bbox 1425 2640 1493 2699; x_wconf 82' lang='lat' dir='ltr'><em>Sim·</em></span> 
     </span>
     <span class='ocr_line' id='line_1_29' title="bbox 218 2725 1493 2802; baseline 0.002 -20"><span class='ocrx_word' id='word_1_288' title='bbox 218 2725 338 2800; x_wconf 83' lang='lat' dir='ltr'><em>plinium)</em></span> <span class='ocrx_word' id='word_1_289' title='bbox 354 2730 526 2798; x_wconf 87' lang='lat' dir='ltr'><em>scripserat.</em></span> <span class='ocrx_word' id='word_1_290' title='bbox 553 2725 609 2782; x_wconf 87' lang='lat' dir='ltr'><em>lloc</em></span> <span class='ocrx_word' id='word_1_291' title='bbox 626 2726 687 2782; x_wconf 92' lang='lat' dir='ltr'><em>ioco</em></span> <span class='ocrx_word' id='word_1_292' title='bbox 703 2726 738 2780; x_wconf 90' lang='lat' dir='ltr'><em>ita</em></span> <span class='ocrx_word' id='word_1_293' title='bbox 755 2744 787 2782; x_wconf 78' lang='lat' dir='ltr'><em>cu</em></span> <span class='ocrx_word' id='word_1_294' title='bbox 803 2725 938 2782; x_wconf 83' lang='lat' dir='ltr'><em>codicibus</em></span> <span class='ocrx_word' id='word_1_295' title='bbox 954 2727 1081 2782; x_wconf 89' lang='lat' dir='ltr'><em>restituto</em></span> <span class='ocrx_word' id='word_1_296' title='bbox 1097 2726 1177 2781; x_wconf 90' lang='lat' dir='ltr'><em>simul</em></span> <span class='ocrx_word' id='word_1_297' title='bbox 1191 2734 1283 2782; x_wconf 88' lang='lat' dir='ltr'><em>rectus</em></span> <span class='ocrx_word' id='word_1_298' title='bbox 1295 2725 1365 2783; x_wconf 93' lang='lat' dir='ltr'><em>ordo</em></span> <span class='ocrx_word' id='word_1_299' title='bbox 1376 2725 1493 2802; x_wconf 83' lang='lat' dir='ltr'><em>duplicis</em></span> 
     </span>
     <span class='ocr_line' id='line_1_30' title="bbox 217 2810 1494 2886; baseline 0.002 -19"><span class='ocrx_word' id='word_1_300' title='bbox 217 2812 357 2868; x_wconf 87' lang='lat' dir='ltr'><em>relationis</em></span> <span class='ocrx_word' id='word_1_301' title='bbox 375 2812 461 2867; x_wconf 87' lang='lat' dir='ltr'><em>Acacli</em></span> <span class='ocrx_word' id='word_1_302' title='bbox 477 2820 654 2868; x_wconf 87' lang='lat' dir='ltr'><em>monstratur.</em></span> <span class='ocrx_word' id='word_1_303' title='bbox 685 2811 715 2866; x_wconf 87' lang='lat' dir='ltr'><em>Ut</em></span> <span class='ocrx_word' id='word_1_304' title='bbox 730 2814 800 2869; x_wconf 88' lang='lat' dir='ltr'><em>enirn</em></span> <span class='ocrx_word' id='word_1_305' title='bbox 817 2829 847 2866; x_wconf 81' lang='lat' dir='ltr'><em>ex</em></span> <span class='ocrx_word' id='word_1_306' title='bbox 865 2811 993 2885; x_wconf 88' lang='lat' dir='ltr'><em>Simplicii</em></span> <span class='ocrx_word' id='word_1_307' title='bbox 1009 2811 1131 2884; x_wconf 86' lang='lat' dir='ltr'><em>epistolis</em></span> <span class='ocrx_word' id='word_1_308' title='bbox 1148 2810 1175 2873; x_wconf 81' lang='lat' dir='ltr'><em>i.</em></span> <span class='ocrx_word' id='word_1_309' title='bbox 1191 2811 1210 2869; x_wconf 81' lang='lat'><em>8</em></span> <span class='ocrx_word' id='word_1_310' title='bbox 1226 2819 1254 2866; x_wconf 90' lang='lat' dir='ltr'><em>et</em></span> <span class='ocrx_word' id='word_1_311' title='bbox 1270 2811 1288 2869; x_wconf 85' lang='lat'>9</span> <span class='ocrx_word' id='word_1_312' title='bbox 1303 2810 1400 2886; x_wconf 82' lang='lat' dir='ltr'><em>liquet.</em></span> <span class='ocrx_word' id='word_1_313' title='bbox 1423 2811 1494 2869; x_wconf 71' lang='lat' dir='ltr'><em>idun</em></span> 
     </span>
     <span class='ocr_line' id='line_1_31' title="bbox 218 2894 1495 2973; baseline 0.002 -22"><span class='ocrx_word' id='word_1_314' title='bbox 218 2898 328 2952; x_wconf 85' lang='lat' dir='ltr'><em>Aeacius</em></span> <span class='ocrx_word' id='word_1_315' title='bbox 351 2896 382 2953; x_wconf 90' lang='lat' dir='ltr'><em>ad</em></span> <span class='ocrx_word' id='word_1_316' title='bbox 405 2897 476 2952; x_wconf 91' lang='lat' dir='ltr'><em>bunc</em></span> <span class='ocrx_word' id='word_1_317' title='bbox 497 2914 592 2971; x_wconf 88' lang='lat' dir='ltr'><em>papam</em></span> <span class='ocrx_word' id='word_1_318' title='bbox 615 2898 702 2970; x_wconf 89' lang='lat' dir='ltr'><em>primo</em></span> <span class='ocrx_word' id='word_1_319' title='bbox 724 2894 758 2951; x_wconf 81' lang='lat' dir='ltr'><em>tle</em></span> <span class='ocrx_word' id='word_1_320' title='bbox 773 2896 854 2952; x_wconf 81' lang='lat' dir='ltr'><em>Petro</em></span> <span class='ocrx_word' id='word_1_321' title='bbox 876 2905 902 2951; x_wconf 89' lang='lat' dir='ltr'><em>et</em></span> <span class='ocrx_word' id='word_1_322' title='bbox 923 2895 1046 2952; x_wconf 89' lang='lat' dir='ltr'><em>lobanne</em></span> <span class='ocrx_word' id='word_1_323' title='bbox 1075 2895 1259 2959; x_wconf 81' lang='lat' dir='ltr'><em>Antiochenis¹</em></span> <span class='ocrx_word' id='word_1_324' title='bbox 1281 2912 1310 2953; x_wconf 83' lang='lat' dir='ltr'><em>ac</em></span> <span class='ocrx_word' id='word_1_325' title='bbox 1331 2913 1387 2954; x_wconf 89' lang='lat' dir='ltr'><em>non</em></span> <span class='ocrx_word' id='word_1_326' title='bbox 1409 2896 1495 2973; x_wconf 67' lang='lat' dir='ltr'><em>louge</em></span> 
     </span>
     <span class='ocr_line' id='line_1_32' title="bbox 218 2980 1497 3055; baseline 0.002 -19"><span class='ocrx_word' id='word_1_327' title='bbox 218 2990 281 3055; x_wconf 88' lang='lat' dir='ltr'><em>post</em></span> <span class='ocrx_word' id='word_1_328' title='bbox 306 2982 339 3037; x_wconf 90' lang='lat' dir='ltr'><em>dc</em></span> <span class='ocrx_word' id='word_1_329' title='bbox 356 2981 436 3037; x_wconf 86' lang='lat' dir='ltr'><em>Petro</em></span> <span class='ocrx_word' id='word_1_330' title='bbox 453 2981 633 3038; x_wconf 70' lang='lat' dir='ltr'><em>Alexandrino</em></span> <span class='ocrx_word' id='word_1_331' title='bbox 650 2981 753 3036; x_wconf 89' lang='lat' dir='ltr'><em>rotulit.</em></span> <span class='ocrx_word' id='word_1_332' title='bbox 784 2981 838 3037; x_wconf 91' lang='lat' dir='ltr'><em>llac</em></span> <span class='ocrx_word' id='word_1_333' title='bbox 858 2989 947 3036; x_wconf 87' lang='lat' dir='ltr'><em>autern</em></span> <span class='ocrx_word' id='word_1_334' title='bbox 968 2980 1068 3055; x_wconf 84' lang='lat' dir='ltr'><em>duplici</em></span> <span class='ocrx_word' id='word_1_335' title='bbox 1088 2980 1219 3037; x_wconf 84' lang='lat' dir='ltr'><em>relatione</em></span> <span class='ocrx_word' id='word_1_336' title='bbox 1234 2981 1346 3038; x_wconf 82' lang='lat' dir='ltr'><em>Aeacius</em></span> <span class='ocrx_word' id='word_1_337' title='bbox 1367 2998 1425 3039; x_wconf 87' lang='lat' dir='ltr'><em>non</em></span> <span class='ocrx_word' id='word_1_338' title='bbox 1440 2998 1497 3039; x_wconf 86' lang='lat' dir='ltr'><em>me·</em></span> 
     </span>
     <span class='ocr_line' id='line_1_33' title="bbox 220 3063 1495 3140; baseline 0.005 -22"><span class='ocrx_word' id='word_1_339' title='bbox 220 3067 339 3123; x_wconf 87' lang='lat' dir='ltr'><em>diocrcrn</em></span> <span class='ocrx_word' id='word_1_340' title='bbox 362 3066 432 3140; x_wconf 87' lang='lat' dir='ltr'><em>apud</em></span> <span class='ocrx_word' id='word_1_341' title='bbox 455 3065 620 3140; x_wconf 87' lang='lat' dir='ltr'><em>Simplicium</em></span> <span class='ocrx_word' id='word_1_342' title='bbox 643 3067 739 3122; x_wconf 89' lang='lat' dir='ltr'><em>mereri</em></span> <span class='ocrx_word' id='word_1_343' title='bbox 764 3069 836 3123; x_wconf 80' lang='lat' dir='ltr'><em>risus</em></span> <span class='ocrx_word' id='word_1_344' title='bbox 852 3074 894 3122; x_wconf 90' lang='lat' dir='ltr'><em>est</em></span> <span class='ocrx_word' id='word_1_345' title='bbox 910 3063 997 3127; x_wconf 80' lang='lat' dir='ltr'><em>idem.</em></span> <span class='ocrx_word' id='word_1_346' title='bbox 1019 3066 1106 3122; x_wconf 89' lang='lat' dir='ltr'><em>donec</em></span> <span class='ocrx_word' id='word_1_347' title='bbox 1120 3066 1257 3123; x_wconf 84' lang='lat' dir='ltr'><em>lohannes</em></span> <span class='ocrx_word' id='word_1_348' title='bbox 1273 3066 1362 3138; x_wconf 81' lang='lat' dir='ltr'><em>Talaja</em></span> <span class='ocrx_word' id='word_1_349' title='bbox 1376 3067 1495 3125; x_wconf 74' lang='lat' dir='ltr'><em>utcum-</em></span> 
     </span>
     <span class='ocr_line' id='line_1_34' title="bbox 219 3151 1500 3226; baseline 0.006 -23"><span class='ocrx_word' id='word_1_350' title='bbox 219 3151 284 3213; x_wconf 86' lang='lat' dir='ltr'><em>dria.</em></span> <span class='ocrx_word' id='word_1_351' title='bbox 303 3151 374 3206; x_wconf 88' lang='lat' dir='ltr'><em>undo</em></span> <span class='ocrx_word' id='word_1_352' title='bbox 390 3152 486 3224; x_wconf 90' lang='lat' dir='ltr'><em>pulsus</em></span> <span class='ocrx_word' id='word_1_353' title='bbox 503 3160 569 3214; x_wconf 87' lang='lat' dir='ltr'><em>erat.</em></span> <span class='ocrx_word' id='word_1_354' title='bbox 586 3151 695 3207; x_wconf 86' lang='lat' dir='ltr'><em>ilomam</em></span> <span class='ocrx_word' id='word_1_355' title='bbox 712 3168 741 3207; x_wconf 90' lang='lat' dir='ltr'><em>sc</em></span> <span class='ocrx_word' id='word_1_356' title='bbox 758 3152 897 3226; x_wconf 88' lang='lat' dir='ltr'><em>recipiens.</em></span> <span class='ocrx_word' id='word_1_357' title='bbox 914 3151 1011 3206; x_wconf 76' lang='lat' dir='ltr'><em>lamam</em></span> <span class='ocrx_word' id='word_1_358' title='bbox 1027 3159 1151 3225; x_wconf 79' lang='lat' dir='ltr'><em>retegere</em></span> <span class='ocrx_word' id='word_1_359' title='bbox 1167 3153 1266 3226; x_wconf 87' lang='lat' dir='ltr'><em>coepit.</em></span> <span class='ocrx_word' id='word_1_360' title='bbox 1288 3151 1324 3208; x_wconf 81' lang='lat' dir='ltr'><em>Ea</em></span> <span class='ocrx_word' id='word_1_361' title='bbox 1339 3169 1406 3208; x_wconf 79' lang='lat' dir='ltr'><em>vero</em></span> <span class='ocrx_word' id='word_1_362' title='bbox 1418 3170 1500 3211; x_wconf 74' lang='lat' dir='ltr'><em>oote-</em></span> 
     </span>
     <span class='ocr_line' id='line_1_35' title="bbox 219 3235 1498 3311; baseline 0.005 -23"><span class='ocrx_word' id='word_1_363' title='bbox 219 3237 295 3290; x_wconf 84' lang='lat' dir='ltr'><em>sionc</em></span> <span class='ocrx_word' id='word_1_364' title='bbox 317 3235 485 3308; x_wconf 87' lang='lat' dir='ltr'><em>Simplicius.</em></span> <span class='ocrx_word' id='word_1_365' title='bbox 508 3254 590 3309; x_wconf 73' lang='lat' dir='ltr'><em>qurum</em></span> <span class='ocrx_word' id='word_1_366' title='bbox 613 3236 684 3292; x_wconf 86' lang='lat' dir='ltr'><em>iorto</em></span> <span class='ocrx_word' id='word_1_367' title='bbox 706 3238 770 3293; x_wconf 89' lang='lat' dir='ltr'><em>vitio</em></span> <span class='ocrx_word' id='word_1_368' title='bbox 792 3239 815 3293; x_wconf 88' lang='lat' dir='ltr'><em>ei</em></span> <span class='ocrx_word' id='word_1_369' title='bbox 837 3244 997 3298; x_wconf 79' lang='lat' dir='ltr'><em>verteretur,</em></span> <span class='ocrx_word' id='word_1_370' title='bbox 1018 3236 1091 3311; x_wconf 80' lang='lat' dir='ltr'><em>quod</em></span> <span class='ocrx_word' id='word_1_371' title='bbox 1113 3238 1208 3294; x_wconf 81' lang='lat' dir='ltr'><em>Aoaoio</em></span> <span class='ocrx_word' id='word_1_372' title='bbox 1228 3236 1366 3295; x_wconf 88' lang='lat' dir='ltr'><em>credulior</em></span> <span class='ocrx_word' id='word_1_373' title='bbox 1388 3236 1498 3303; x_wconf 80' lang='lat' dir='ltr'><em>iulsset.</em></span> 
     </span>
     <span class='ocr_line' id='line_1_36' title="bbox 218 3319 1501 3396; baseline 0.007 -24"><span class='ocrx_word' id='word_1_374' title='bbox 218 3320 334 3374; x_wconf 89' lang='lat' dir='ltr'><em>lobanni</em></span> <span class='ocrx_word' id='word_1_375' title='bbox 350 3319 455 3390; x_wconf 79' lang='lat' dir='ltr'><em>&#39;lalejae</em></span> <span class='ocrx_word' id='word_1_376' title='bbox 471 3320 527 3391; x_wconf 76' lang='lat' dir='ltr'><em>lepi</em></span> <span class='ocrx_word' id='word_1_377' title='bbox 543 3323 687 3395; x_wconf 85' lang='lat' dir='ltr'><em>praecepit,</em></span> <span class='ocrx_word' id='word_1_378' title='bbox 710 3339 778 3396; x_wconf 87' lang='lat' dir='ltr'><em>quae</em></span> <span class='ocrx_word' id='word_1_379' title='bbox 799 3321 902 3396; x_wconf 91' lang='lat' dir='ltr'><em>pridem</em></span> <span class='ocrx_word' id='word_1_380' title='bbox 919 3320 950 3376; x_wconf 85' lang='lat' dir='ltr'><em>ad</em></span> <span class='ocrx_word' id='word_1_381' title='bbox 967 3323 1054 3395; x_wconf 89' lang='lat' dir='ltr'><em>ipsum</em></span> <span class='ocrx_word' id='word_1_382' title='bbox 1070 3323 1178 3378; x_wconf 85' lang='lat' dir='ltr'><em>miserat</em></span> <span class='ocrx_word' id='word_1_383' title='bbox 1193 3323 1305 3379; x_wconf 78' lang='lat' dir='ltr'><em>Aeacius</em></span> <span class='ocrx_word' id='word_1_384' title='bbox 1319 3323 1353 3381; x_wconf 87' lang='lat' dir='ltr'><em>de</em></span> <span class='ocrx_word' id='word_1_385' title='bbox 1368 3322 1455 3395; x_wconf 68' lang='lat' dir='ltr'><em>Petro</em></span> <span class='ocrx_word' id='word_1_386' title='bbox 1469 3333 1501 3381; x_wconf 81' lang='lat' dir='ltr'><em>et</em></span> 
     </span>
     <span class='ocr_line' id='line_1_37' title="bbox 218 3403 1503 3482; baseline 0.009 -25"><span class='ocrx_word' id='word_1_387' title='bbox 218 3403 341 3459; x_wconf 82' lang='lat' dir='ltr'><em>iohanne</em></span> <span class='ocrx_word' id='word_1_388' title='bbox 362 3404 538 3461; x_wconf 77' lang='lat' dir='ltr'><em>Antiochensis</em></span> <span class='ocrx_word' id='word_1_389' title='bbox 561 3407 670 3480; x_wconf 89' lang='lat' dir='ltr'><em>scripta.</em></span> <span class='ocrx_word' id='word_1_390' title='bbox 702 3407 804 3463; x_wconf 87' lang='lat' dir='ltr'><em>Horum</em></span> <span class='ocrx_word' id='word_1_391' title='bbox 828 3414 929 3479; x_wconf 86' lang='lat' dir='ltr'><em>partcrn</em></span> <span class='ocrx_word' id='word_1_392' title='bbox 951 3410 1033 3480; x_wconf 83' lang='lat' dir='ltr'><em>porro</em></span> <span class='ocrx_word' id='word_1_393' title='bbox 1053 3413 1199 3482; x_wconf 76' lang='lat' dir='ltr'><em>postorum</em></span> <span class='ocrx_word' id='word_1_394' title='bbox 1213 3410 1249 3465; x_wconf 86' lang='lat' dir='ltr'><em>de</em></span> <span class='ocrx_word' id='word_1_395' title='bbox 1264 3412 1377 3466; x_wconf 85' lang='lat' dir='ltr'><em>nomine</em></span> <span class='ocrx_word' id='word_1_396' title='bbox 1392 3412 1503 3469; x_wconf 79' lang='lat' dir='ltr'><em>Aeacii</em></span> 
     </span>
     <span class='ocr_line' id='line_1_38' title="bbox 219 3487 1502 3568; baseline 0.009 -25"><span class='ocrx_word' id='word_1_397' title='bbox 219 3497 313 3545; x_wconf 91' lang='lat' dir='ltr'><em>auctor</em></span> <span class='ocrx_word' id='word_1_398' title='bbox 336 3487 412 3545; x_wconf 90' lang='lat' dir='ltr'><em>nobis</em></span> <span class='ocrx_word' id='word_1_399' title='bbox 436 3491 583 3546; x_wconf 90' lang='lat' dir='ltr'><em>transmisit</em></span> <span class='ocrx_word' id='word_1_400' title='bbox 608 3492 646 3548; x_wconf 92' lang='lat' dir='ltr'><em>sic</em></span> <span class='ocrx_word' id='word_1_401' title='bbox 667 3494 820 3549; x_wconf 88' lang='lat' dir='ltr'><em>summatim</em></span> <span class='ocrx_word' id='word_1_402' title='bbox 848 3508 1002 3565; x_wconf 81' lang='lat' dir='ltr'><em>expressam</em></span> <span class='ocrx_word' id='word_1_403' title='bbox 1023 3492 1091 3564; x_wconf 86' lang='lat' dir='ltr'><em>(Gol.</em></span> <span class='ocrx_word' id='word_1_404' title='bbox 1108 3492 1212 3549; x_wconf 82' lang='lat' dir='ltr'><em>tracti</em></span> <span class='ocrx_word' id='word_1_405' title='bbox 1234 3511 1261 3550; x_wconf 81' lang='lat' dir='ltr'><em>u.</em></span> <span class='ocrx_word' id='word_1_406' title='bbox 1280 3492 1344 3568; x_wconf 67' lang='lat'><em>121:</em></span> <span class='ocrx_word' id='word_1_407' title='bbox 1373 3495 1502 3555; x_wconf 76' lang='lat' dir='ltr'><em>Pelm</em></span> 
     </span>
     <span class='ocr_line' id='line_1_39' title="bbox 217 3574 1501 3654; baseline 0.009 -25"><span class='ocrx_word' id='word_1_408' title='bbox 217 3574 319 3630; x_wconf 89' lang='lat' dir='ltr'><em>scilicet</em></span> <span class='ocrx_word' id='word_1_409' title='bbox 346 3576 492 3631; x_wconf 84' lang='lat' dir='ltr'><em>Faltonem</em></span> <span class='ocrx_word' id='word_1_410' title='bbox 509 3581 671 3649; x_wconf 82' lang='lat' dir='ltr'><em>capnomino</em></span> <span class='ocrx_word' id='word_1_411' title='bbox 687 3580 768 3650; x_wconf 87' lang='lat' dir='ltr'><em>apud</em></span> <span class='ocrx_word' id='word_1_412' title='bbox 782 3578 1053 3650; x_wconf 83' lang='lat' dir='ltr'><em>Constantinopolim</em></span> <span class='ocrx_word' id='word_1_413' title='bbox 1077 3582 1281 3635; x_wconf 79' lang='lat' dir='ltr'><em>morrastcrium</em></span> <span class='ocrx_word' id='word_1_414' title='bbox 1300 3579 1501 3654; x_wconf 67' lang='lat' dir='ltr'><em>putamusne.</em></span> 
     </span>
     <span class='ocr_line' id='line_1_40' title="bbox 218 3661 1502 3738; baseline 0.005 -23"><span class='ocrx_word' id='word_1_415' title='bbox 218 3662 270 3715; x_wconf 88' lang='lat' dir='ltr'><em>sed</em></span> <span class='ocrx_word' id='word_1_416' title='bbox 283 3661 337 3717; x_wconf 90' lang='lat' dir='ltr'><em>hoc</em></span> <span class='ocrx_word' id='word_1_417' title='bbox 350 3667 474 3732; x_wconf 80' lang='lat' dir='ltr'><em>propter</em></span> <span class='ocrx_word' id='word_1_418' title='bbox 495 3665 615 3718; x_wconf 87' lang='lat' dir='ltr'><em>crimino</em></span> <span class='ocrx_word' id='word_1_419' title='bbox 631 3663 768 3720; x_wconf 83' lang='lat' dir='ltr'><em>derelicto</em></span> <span class='ocrx_word' id='word_1_420' title='bbox 784 3664 965 3719; x_wconf 75' lang='lat' dir='ltr'><em>Antiochiam</em></span> <span class='ocrx_word' id='word_1_421' title='bbox 978 3663 1105 3737; x_wconf 73' lang='lat' dir='ltr'><em>srtpisser</em></span> <span class='ocrx_word' id='word_1_422' title='bbox 1125 3664 1165 3721; x_wconf 86' lang='lat' dir='ltr'><em>ibi</em></span> <span class='ocrx_word' id='word_1_423' title='bbox 1181 3667 1266 3736; x_wconf 87' lang='lat' dir='ltr'><em>pulso</em></span> <span class='ocrx_word' id='word_1_424' title='bbox 1281 3662 1432 3738; x_wconf 72' lang='lat' dir='ltr'><em>Martyris</em></span> <span class='ocrx_word' id='word_1_425' title='bbox 1446 3684 1502 3727; x_wconf 71' lang='lat' dir='ltr'><em>eu-</em></span> 
     </span>
     <span class='ocr_line' id='line_1_41' title="bbox 219 3746 1503 3825; baseline 0.009 -25"><span class='ocrx_word' id='word_1_426' title='bbox 219 3746 322 3802; x_wconf 87' lang='lat' dir='ltr'><em>tbotico</em></span> <span class='ocrx_word' id='word_1_427' title='bbox 338 3750 473 3818; x_wconf 82' lang='lat' dir='ltr'><em>episcopo</em></span> <span class='ocrx_word' id='word_1_428' title='bbox 487 3763 543 3819; x_wconf 86' lang='lat' dir='ltr'><em>per</em></span> <span class='ocrx_word' id='word_1_429' title='bbox 556 3751 718 3805; x_wconf 87' lang='lat' dir='ltr'><em>uilissimum</em></span> <span class='ocrx_word' id='word_1_430' title='bbox 730 3751 869 3821; x_wconf 90' lang='lat' dir='ltr'><em>populum</em></span> <span class='ocrx_word' id='word_1_431' title='bbox 885 3755 912 3804; x_wconf 89' lang='lat' dir='ltr'><em>ct</em></span> <span class='ocrx_word' id='word_1_432' title='bbox 926 3749 1090 3806; x_wconf 88' lang='lat' dir='ltr'><em>haereticos</em></span> <span class='ocrx_word' id='word_1_433' title='bbox 1104 3750 1199 3806; x_wconf 82' lang='lat' dir='ltr'><em>sedem</em></span> <span class='ocrx_word' id='word_1_434' title='bbox 1214 3753 1305 3823; x_wconf 85' lang='lat' dir='ltr'><em>ipsius</em></span> <span class='ocrx_word' id='word_1_435' title='bbox 1319 3766 1503 3825; x_wconf 79' lang='lat' dir='ltr'><em>occupem,</em></span> 
     </span>
     <span class='ocr_line' id='line_1_42' title="bbox 220 3834 1505 3909; baseline 0.009 -23"><span class='ocrx_word' id='word_1_436' title='bbox 220 3835 411 3905; x_wconf 81' lang='lat' dir='ltr'><em>continuoque</em></span> <span class='ocrx_word' id='word_1_437' title='bbox 428 3835 594 3890; x_wconf 77' lang='lat' dir='ltr'><em>damaratum</em></span> <span class='ocrx_word' id='word_1_438' title='bbox 616 3834 812 3907; x_wconf 75' lang='lat' dir='ltr'><em>(inepiscopis</em></span> <span class='ocrx_word' id='word_1_439' title='bbox 833 3841 919 3908; x_wconf 82' lang='lat' dir='ltr'><em>atque</em></span> <span class='ocrx_word' id='word_1_440' title='bbox 935 3853 953 3889; x_wconf 90' lang='lat' dir='ltr'><em>a</em></span> <span class='ocrx_word' id='word_1_441' title='bbox 969 3834 1064 3891; x_wconf 79' lang='lat' dir='ltr'><em>Leone</em></span> <span class='ocrx_word' id='word_1_442' title='bbox 1085 3843 1154 3892; x_wconf 91' lang='lat' dir='ltr'><em>tunc</em></span> <span class='ocrx_word' id='word_1_443' title='bbox 1166 3838 1303 3909; x_wconf 87' lang='lat' dir='ltr'><em>principe</em></span> <span class='ocrx_word' id='word_1_444' title='bbox 1324 3838 1365 3893; x_wconf 86' lang='lat' dir='ltr'><em>ad</em></span> <span class='ocrx_word' id='word_1_445' title='bbox 1381 3836 1505 3897; x_wconf 72' lang='lat' dir='ltr'><em>nanu-</em></span> 
     </span>
     <span class='ocr_line' id='line_1_43' title="bbox 219 3920 1506 3993; baseline 0.009 -21"><span class='ocrx_word' id='word_1_446' title='bbox 219 3933 287 3972; x_wconf 91' lang='lat' dir='ltr'><em>num</em></span> <span class='ocrx_word' id='word_1_447' title='bbox 307 3920 441 3974; x_wconf 76' lang='lat' dir='ltr'><em>exsilium</em></span> <span class='ocrx_word' id='word_1_448' title='bbox 468 3934 530 3974; x_wconf 86' lang='lat' dir='ltr'><em>csse</em></span> <span class='ocrx_word' id='word_1_449' title='bbox 551 3920 700 3976; x_wconf 85' lang='lat' dir='ltr'><em>directum.</em></span> <span class='ocrx_word' id='word_1_450' title='bbox 728 3920 772 3976; x_wconf 88' lang='lat' dir='ltr'><em>De</em></span> <span class='ocrx_word' id='word_1_451' title='bbox 792 3938 847 3993; x_wconf 86' lang='lat' dir='ltr'><em>quo</em></span> <span class='ocrx_word' id='word_1_452' title='bbox 866 3922 981 3991; x_wconf 89' lang='lat' dir='ltr'><em>lapsum</em></span> <span class='ocrx_word' id='word_1_453' title='bbox 1002 3920 1276 3992; x_wconf 83' lang='lat' dir='ltr'><em>Constantinopolim</em></span> <span class='ocrx_word' id='word_1_454' title='bbox 1298 3923 1438 3993; x_wconf 76' lang='lat' dir='ltr'><em>rentiam,</em></span> <span class='ocrx_word' id='word_1_455' title='bbox 1462 3942 1506 3985; x_wconf 75' lang='lat' dir='ltr'><em>ac</em></span> 
     </span>
     <span class='ocr_line' id='line_1_44' title="bbox 219 4002 1507 4078; baseline 0.009 -20"><span class='ocrx_word' id='word_1_456' title='bbox 219 4002 331 4058; x_wconf 88' lang='lat' dir='ltr'><em>dedisse</em></span> <span class='ocrx_word' id='word_1_457' title='bbox 344 4005 436 4075; x_wconf 73' lang='lat' dir='ltr'><em>pidem,</em></span> <span class='ocrx_word' id='word_1_458' title='bbox 462 4007 538 4077; x_wconf 89' lang='lat' dir='ltr'><em>quod</em></span> <span class='ocrx_word' id='word_1_459' title='bbox 552 4007 649 4062; x_wconf 75' lang='lat' dir='ltr'><em>nmina</em></span> <span class='ocrx_word' id='word_1_460' title='bbox 665 4007 786 4063; x_wconf 85' lang='lat' dir='ltr'><em>ulterius</em></span> <span class='ocrx_word' id='word_1_461' title='bbox 801 4006 904 4062; x_wconf 87' lang='lat' dir='ltr'><em>turbas</em></span> <span class='ocrx_word' id='word_1_462' title='bbox 916 4005 1023 4077; x_wconf 78' lang='lat' dir='ltr'><em>facere</em></span> <span class='ocrx_word' id='word_1_463' title='bbox 1035 4023 1161 4078; x_wconf 84' lang='lat' dir='ltr'><em>prorsas</em></span> <span class='ocrx_word' id='word_1_464' title='bbox 1176 4008 1307 4063; x_wconf 84' lang='lat' dir='ltr'><em>auderet.</em></span> <span class='ocrx_word' id='word_1_465' title='bbox 1339 4007 1403 4065; x_wconf 81' lang='lat' dir='ltr'><em>Sed</em></span> <span class='ocrx_word' id='word_1_466' title='bbox 1421 4010 1507 4069; x_wconf 75' lang='lat' dir='ltr'><em>sieut</em></span> 
     </span>
     <span class='ocr_line' id='line_1_45' title="bbox 219 4089 1506 4166; baseline 0.006 -23"><span class='ocrx_word' id='word_1_467' title='bbox 219 4092 356 4159; x_wconf 74' lang='lat' dir='ltr'><em>stupemus</em></span> <span class='ocrx_word' id='word_1_468' title='bbox 370 4089 476 4145; x_wconf 89' lang='lat' dir='ltr'><em>dictum</em></span> <span class='ocrx_word' id='word_1_469' title='bbox 491 4097 542 4157; x_wconf 84' lang='lat' dir='ltr'><em>est,</em></span> <span class='ocrx_word' id='word_1_470' title='bbox 568 4091 704 4146; x_wconf 79' lang='lat' dir='ltr'><em>basilisci</em></span> <span class='ocrx_word' id='word_1_471' title='bbox 722 4091 897 4163; x_wconf 86' lang='lat' dir='ltr'><em>temporibus</em></span> <span class='ocrx_word' id='word_1_472' title='bbox 918 4110 935 4146; x_wconf 89' lang='lat' dir='ltr'><em>a</em></span> <span class='ocrx_word' id='word_1_473' title='bbox 955 4092 1097 4149; x_wconf 88' lang='lat' dir='ltr'><em>Timotheo</em></span> <span class='ocrx_word' id='word_1_474' title='bbox 1117 4094 1167 4147; x_wconf 90' lang='lat' dir='ltr'><em>illo</em></span> <span class='ocrx_word' id='word_1_475' title='bbox 1187 4092 1331 4162; x_wconf 87' lang='lat' dir='ltr'><em>damnato,</em></span> <span class='ocrx_word' id='word_1_476' title='bbox 1355 4096 1411 4166; x_wconf 83' lang='lat' dir='ltr'><em>qui</em></span> <span class='ocrx_word' id='word_1_477' title='bbox 1424 4093 1506 4155; x_wconf 69' lang='lat' dir='ltr'><em>can·</em></span> 
     </span>
     <span class='ocr_line' id='line_1_46' title="bbox 220 4176 1506 4253; baseline 0.006 -24"><span class='ocrx_word' id='word_1_478' title='bbox 220 4176 430 4245; x_wconf 86' lang='lat' dir='ltr'><em>stuntinopolim</em></span> <span class='ocrx_word' id='word_1_479' title='bbox 448 4181 574 4241; x_wconf 84' lang='lat' dir='ltr'><em>uenerat,</em></span> <span class='ocrx_word' id='word_1_480' title='bbox 597 4176 637 4231; x_wconf 88' lang='lat' dir='ltr'><em>ad</em></span> <span class='ocrx_word' id='word_1_481' title='bbox 651 4177 830 4233; x_wconf 75' lang='lat' dir='ltr'><em>Antiochiam</em></span> <span class='ocrx_word' id='word_1_482' title='bbox 846 4180 995 4232; x_wconf 86' lang='lat' dir='ltr'><em>remissum</em></span> <span class='ocrx_word' id='word_1_483' title='bbox 1011 4193 1081 4241; x_wconf 84' lang='lat' dir='ltr'><em>esse.</em></span> <span class='ocrx_word' id='word_1_484' title='bbox 1103 4183 1133 4233; x_wconf 86' lang='lat' dir='ltr'><em>ui</em></span> <span class='ocrx_word' id='word_1_485' title='bbox 1149 4181 1252 4234; x_wconf 89' lang='lat' dir='ltr'><em>iterum</em></span> <span class='ocrx_word' id='word_1_486' title='bbox 1266 4180 1327 4235; x_wconf 87' lang='lat' dir='ltr'><em>illie</em></span> <span class='ocrx_word' id='word_1_487' title='bbox 1341 4182 1506 4253; x_wconf 74' lang='lat' dir='ltr'><em>episcop·-</em></span> 
     </span>
     <span class='ocr_line' id='line_1_47' title="bbox 220 4259 1508 4336; baseline 0.009 -23"><span class='ocrx_word' id='word_1_488' title='bbox 220 4266 277 4314; x_wconf 90' lang='lat' dir='ltr'><em>tum</em></span> <span class='ocrx_word' id='word_1_489' title='bbox 300 4266 418 4315; x_wconf 82' lang='lat' dir='ltr'><em>teneret.</em></span> <span class='ocrx_word' id='word_1_490' title='bbox 448 4259 508 4327; x_wconf 83' lang='lat' dir='ltr'><em>Quo</em></span> <span class='ocrx_word' id='word_1_491' title='bbox 521 4259 604 4331; x_wconf 80' lang='lat' dir='ltr'><em>facto</em></span> <span class='ocrx_word' id='word_1_492' title='bbox 620 4262 692 4316; x_wconf 85' lang='lat' dir='ltr'><em>idem</em></span> <span class='ocrx_word' id='word_1_493' title='bbox 707 4262 814 4318; x_wconf 85' lang='lat' dir='ltr'><em>Petrus</em></span> <span class='ocrx_word' id='word_1_494' title='bbox 824 4263 984 4318; x_wconf 74' lang='lat' dir='ltr'><em>iohannem</em></span> <span class='ocrx_word' id='word_1_495' title='bbox 1000 4264 1149 4335; x_wconf 78' lang='lat' dir='ltr'><em>quemdam</em></span> <span class='ocrx_word' id='word_1_496' title='bbox 1164 4263 1366 4336; x_wconf 75' lang='lat' dir='ltr'><em>praesbyterum</em></span> <span class='ocrx_word' id='word_1_497' title='bbox 1378 4266 1508 4325; x_wconf 74' lang='lat' dir='ltr'><em>arnam</em></span> 
     </span>
     <span class='ocr_line' id='line_1_48' title="bbox 219 4345 1506 4427; baseline 0.008 -29"><span class='ocrx_word' id='word_1_498' title='bbox 219 4345 377 4415; x_wconf 86' lang='lat' dir='ltr'><em>Apamcnis</em></span> <span class='ocrx_word' id='word_1_499' title='bbox 391 4349 565 4416; x_wconf 82' lang='lat' dir='ltr'><em>episcopum,</em></span> <span class='ocrx_word' id='word_1_500' title='bbox 582 4362 600 4399; x_wconf 89' lang='lat' dir='ltr'><em>o</em></span> <span class='ocrx_word' id='word_1_501' title='bbox 617 4347 720 4417; x_wconf 88' lang='lat' dir='ltr'><em>quibus</em></span> <span class='ocrx_word' id='word_1_502' title='bbox 734 4365 790 4403; x_wconf 91' lang='lat' dir='ltr'><em>non</em></span> <span class='ocrx_word' id='word_1_503' title='bbox 807 4355 943 4419; x_wconf 82' lang='lat' dir='ltr'><em>receptus</em></span> <span class='ocrx_word' id='word_1_504' title='bbox 958 4352 1032 4404; x_wconf 80' lang='lat' dir='ltr'><em>vemt</em></span> <span class='ocrx_word' id='word_1_505' title='bbox 1047 4350 1235 4410; x_wconf 89' lang='lat' dir='ltr'><em>Antiochiam.</em></span> <span class='ocrx_word' id='word_1_506' title='bbox 1256 4355 1284 4405; x_wconf 91' lang='lat' dir='ltr'><em>et</em></span> <span class='ocrx_word' id='word_1_507' title='bbox 1297 4349 1423 4407; x_wconf 81' lang='lat' dir='ltr'><em>Petrum</em></span> <span class='ocrx_word' id='word_1_508' title='bbox 1439 4356 1506 4427; x_wconf 72' lang='lat' dir='ltr'><em>epi·</em></span> 
     </span>
     <span class='ocr_line' id='line_1_49' title="bbox 220 4432 1506 4505; baseline 0.008 -22"><span class='ocrx_word' id='word_1_509' title='bbox 220 4437 358 4500; x_wconf 88' lang='lat' dir='ltr'><em>scopolus</em></span> <span class='ocrx_word' id='word_1_510' title='bbox 378 4433 424 4484; x_wconf 89' lang='lat' dir='ltr'><em>sni</em></span> <span class='ocrx_word' id='word_1_511' title='bbox 441 4432 522 4501; x_wconf 86' lang='lat' dir='ltr'><em>pellit</em></span> <span class='ocrx_word' id='word_1_512' title='bbox 544 4437 692 4486; x_wconf 89' lang='lat' dir='ltr'><em>auctorem</em></span> <span class='ocrx_word' id='word_1_513' title='bbox 714 4438 742 4488; x_wconf 92' lang='lat' dir='ltr'><em>et</em></span> <span class='ocrx_word' id='word_1_514' title='bbox 763 4435 871 4489; x_wconf 84' lang='lat' dir='ltr'><em>inuadit</em></span> <span class='ocrx_word' id='word_1_515' title='bbox 891 4436 958 4505; x_wconf 87' lang='lat' dir='ltr'><em>ejus</em></span> <span class='ocrx_word' id='word_1_516' title='bbox 979 4437 1140 4490; x_wconf 89' lang='lat' dir='ltr'><em>ecclesiam.</em></span> <span class='ocrx_word' id='word_1_517' title='bbox 1179 4432 1246 4489; x_wconf 90' lang='lat' dir='ltr'><em>&#39;lum</em></span> <span class='ocrx_word' id='word_1_518' title='bbox 1262 4435 1386 4498; x_wconf 70' lang='lat' dir='ltr'><em>Asinus.</em></span> <span class='ocrx_word' id='word_1_519' title='bbox 1409 4435 1448 4495; x_wconf 80' lang='lat' dir='ltr'><em>‹ie</em></span> <span class='ocrx_word' id='word_1_520' title='bbox 1469 4438 1506 4497; x_wconf 87' lang='lat' dir='ltr'><em>iis</em></span> 
     </span>
     <span class='ocr_line' id='line_1_50' title="bbox 225 4517 1505 4593; baseline 0.013 -26"><span class='ocrx_word' id='word_1_521' title='bbox 225 4529 376 4569; x_wconf 87' lang='lat' dir='ltr'><em>sernroncnr</em></span> <span class='ocrx_word' id='word_1_522' title='bbox 398 4531 576 4587; x_wconf 86' lang='lat' dir='ltr'><em>prosequens.</em></span> <span class='ocrx_word' id='word_1_523' title='bbox 598 4519 677 4587; x_wconf 87' lang='lat' dir='ltr'><em>ipsos</em></span> <span class='ocrx_word' id='word_1_524' title='bbox 698 4520 801 4574; x_wconf 87' lang='lat' dir='ltr'><em>iterum</em></span> <span class='ocrx_word' id='word_1_525' title='bbox 822 4520 982 4588; x_wconf 83' lang='lat' dir='ltr'><em>damnatos,</em></span> <span class='ocrx_word' id='word_1_526' title='bbox 1013 4517 1136 4581; x_wconf 85' lang='lat' dir='ltr'><em>docebat,</em></span> <span class='ocrx_word' id='word_1_527' title='bbox 1155 4526 1259 4590; x_wconf 80' lang='lat' dir='ltr'><em>petens</em></span> <span class='ocrx_word' id='word_1_528' title='bbox 1279 4520 1317 4577; x_wconf 91' lang='lat' dir='ltr'><em>ab</em></span> <span class='ocrx_word' id='word_1_529' title='bbox 1337 4526 1505 4593; x_wconf 75' lang='lat' dir='ltr'><em>apostolic·</em></span> 
     </span>
    </p>
   </div>
   <div class='ocr_carea' id='block_1_8' title="bbox 221 4599 1532 4785">
    <p class='ocr_par' dir='ltr' id='par_1_9' title="bbox 221 4599 1532 4785">
     <span class='ocr_line' id='line_1_51' title="bbox 224 4599 1506 4679; baseline 0.012 -27"><span class='ocrx_word' id='word_1_530' title='bbox 224 4600 299 4665; x_wconf 82' lang='lat' dir='ltr'><em>sede,</em></span> <span class='ocrx_word' id='word_1_531' title='bbox 324 4605 355 4654; x_wconf 87' lang='lat' dir='ltr'><em>nt</em></span> <span class='ocrx_word' id='word_1_532' title='bbox 373 4602 399 4654; x_wconf 89' lang='lat' dir='ltr'><em>si</em></span> <span class='ocrx_word' id='word_1_533' title='bbox 415 4599 495 4671; x_wconf 80' lang='lat' dir='ltr'><em>forte</em></span> <span class='ocrx_word' id='word_1_534' title='bbox 516 4602 555 4655; x_wconf 86' lang='lat' dir='ltr'><em>acl</em></span> <span class='ocrx_word' id='word_1_535' title='bbox 569 4616 632 4656; x_wconf 89' lang='lat' dir='ltr'><em>eom</em></span> <span class='ocrx_word' id='word_1_536' title='bbox 647 4602 846 4676; x_wconf 66' lang='lat' dir='ltr'><em>consequent,</em></span> <span class='ocrx_word' id='word_1_537' title='bbox 871 4620 925 4660; x_wconf 88' lang='lat' dir='ltr'><em>ncc</em></span> <span class='ocrx_word' id='word_1_538' title='bbox 947 4608 1008 4661; x_wconf 86' lang='lat' dir='ltr'><em>nisu</em></span> <span class='ocrx_word' id='word_1_539' title='bbox 1024 4606 1124 4678; x_wconf 81' lang='lat' dir='ltr'><em>dipnos</em></span> <span class='ocrx_word' id='word_1_540' title='bbox 1138 4604 1269 4673; x_wconf 83' lang='lat' dir='ltr'><em>baberet,</em></span> <span class='ocrx_word' id='word_1_541' title='bbox 1286 4612 1315 4661; x_wconf 91' lang='lat' dir='ltr'><em>et</em></span> <span class='ocrx_word' id='word_1_542' title='bbox 1329 4608 1356 4661; x_wconf 82' lang='lat' dir='ltr'><em>si</em></span> <span class='ocrx_word' id='word_1_543' title='bbox 1363 4608 1436 4679; x_wconf 80' lang='lat' dir='ltr'><em>jam</em></span> <span class='ocrx_word' id='word_1_544' title='bbox 1453 4612 1506 4669; x_wconf 72' lang='lat' dir='ltr'><em>elo</em></span> 
     </span>
     <span class='ocr_line' id='line_1_52' title="bbox 221 4686 1532 4785; baseline 0.011 -49"><span class='ocrx_word' id='word_1_545' title='bbox 221 4700 305 4755; x_wconf 76' lang='lat' dir='ltr'><em>qinom</em></span> <span class='ocrx_word' id='word_1_546' title='bbox 321 4686 523 4759; x_wconf 80' lang='lat' dir='ltr'><em>indatlpentiam</em></span> <span class='ocrx_word' id='word_1_547' title='bbox 536 4686 662 4758; x_wconf 80' lang='lat' dir='ltr'><em>forsitan</em></span> <span class='ocrx_word' id='word_1_548' title='bbox 678 4691 890 4761; x_wconf 85' lang='lat' dir='ltr'><em>impetrassent,</em></span> <span class='ocrx_word' id='word_1_549' title='bbox 906 4693 1018 4746; x_wconf 77' lang='lat' dir='ltr'><em>irritam</em></span> <span class='ocrx_word' id='word_1_550' title='bbox 1034 4705 1097 4747; x_wconf 84' lang='lat' dir='ltr'><em>esse</em></span> <span class='ocrx_word' id='word_1_551' title='bbox 1108 4691 1221 4754; x_wconf 83' lang='lat' dir='ltr'><em>debere,</em></span> <span class='ocrx_word' id='word_1_552' title='bbox 1237 4704 1413 4749; x_wconf 79' lang='lat' dir='ltr'><em>neccarum</em></span> <span class='ocrx_word' id='word_1_553' title='bbox 1423 4710 1532 4785; x_wconf 71' lang='lat' dir='ltr'><em>pae-⁸</em></span> 
     </span>
    </p>
   </div>
   <div class='ocr_carea' id='block_1_9' title="bbox 0 0 1737 5678">
    <p class='ocr_par' dir='ltr' id='par_1_10' title="bbox 0 0 1737 5678">
     <span class='ocr_line' id='line_1_53' title="bbox 0 0 1737 5678; baseline 0 0"><span class='ocrx_word' id='word_1_554' title='bbox 0 0 1737 5678; x_wconf 95' lang='lat' dir='ltr'><em> </em></span> 
     </span>
    </p>
   </div>
  </div>
 </body>
</html>
