3412 5664
592 372 792 422 raao'm'n's
817 372 851 420 11.
1291 359 1354 426 529

80 526 160 591 stoli
181 549 248 591 non
271 530 364 591 erant
387 525 483 591 simili
507 527 623 590 virtute
646 527 826 591 succincti?
848 526 925 601 Quis
948 529 1008 591 boc
1031 528 1149 592 audeat
1170 529 1354 595 affirmare?

81 632 149 693 Sea
168 642 201 695 a!
223 636 326 709 capite
346 636 504 693 consolido
526 635 694 693 schismatis
722 635 879 692 tolleretur
902 637 1030 707 occasio,
1056 634 1088 693 et
1110 653 1175 694 una
1196 636 1353 696 monstra-

81 734 174 795 retur
196 752 351 816 compago
379 732 520 815 corporis
548 730 684 814 Christi,
714 753 794 815 (pirae
823 731 862 793 ad
886 753 983 794 unam
1007 736 1103 814 caput
1124 733 1354 816 gloriosissima

80 832 266 897 dilectionis
288 834 441 897 societate
465 837 677 915 concurreret,
703 837 735 895 et
758 855 822 895 una
846 837 929 896 esset
952 832 1107 915 Ecclesia,
1139 835 1188 897 oui
1217 835 1354 900 fideliter

81 934 278 1017 crederetur,
308 957 434 1020 unaque
463 936 574 999 domus
603 935 697 998 urrins
720 934 850 997 Domini
879 937 911 997 et
939 935 1034 998 unius
1063 935 1289 1020 redemptoris,
1319 939 1355 1002 in

80 1059 147 1120 qua
168 1037 208 1100 de
230 1059 294 1100 uno
316 1059 400 1121 pane
423 1041 455 1100 et
478 1037 516 1100 de
538 1060 603 1100 uno
632 1037 729 1100 calice
758 1037 963 1099 nutriremur.
1009 1036 1240 1120 (lucratione,
1271 1040 1355 1103 sicut
1373 1044 1385 1090 1
1400 1038 1461 1091 dor.

81 1137 161 1219 dixi,
191 1138 328 1221 majores
355 1138 468 1221 nostri,
500 1139 666 1202 reverendi
688 1138 734 1201 illi
764 1137 969 1201 ecclesiarum
992 1138 1140 1222 magistri
1164 1139 1353 1204 clarissima·
1368 1113 1457 1170 10‚17.

80 1262 146 1323 que
167 1239 223 1303 illa
246 1238 355 1323 populi
378 1239 553 1305 Christiani
576 1241 709 1323 lomina,
738 1263 816 1324 quos
839 1241 953 1304 merita
975 1240 1129 1302 virtutum
1152 1263 1281 1305 suarum
1303 1266 1354 1306 us·

80 1364 146 1425 que
168 1342 208 1405 ad
231 1341 440 1407 confessionis
468 1341 714 1427 gloriosissimas
742 1342 865 1425 palmas
895 1344 927 1405 et
948 1342 1095 1425 martyrii
1116 1342 1279 1426 fulgentes
1302 1368 1353 1409 ex-

79 1442 186 1508 tulere
209 1464 351 1526 coronaS,
376 1444 416 1507 ad
438 1444 527 1507 illam
549 1445 666 1527 sedem,
696 1467 791 1529 quam
814 1444 964 1527 princeps
987 1444 1200 1527 apostolorum
1229 1446 1354 1512 sederat

80 1544 214 1628 Petrus,
238 1547 287 1609 sui
310 1546 478 1610 sacerdotii
501 1550 629 1630 sumpta
651 1546 811 1631 principia
833 1546 947 1630 repleti
963 1545 1082 1609 christi
1100 1547 1233 1611 caritate
1248 1549 1353 1613 mitte·

78 1646 174 1729 bant,
203 1670 280 1711 suae
308 1648 381 1712 inde
414 1648 585 1712 soliditatis
619 1649 811 1733 gravissima
844 1648 1006 1711 firmitatis
1041 1648 1266 1714 roboramenta
1300 1675 1353 1734 po-

77 1748 228 1814 scentes?
255 1748 302 1814 Ut
322 1772 380 1834 per
401 1749 485 1813 hanc
514 1751 653 1835 speciem
681 1751 829 1813 omnious
857 1737 1026 1833 appareat,
1056 1771 1129 1813 vere
1160 1774 1256 1814 unam
1284 1776 1353 1818 esse

75 1852 271 1935 peremnia
293 1854 326 1914 et
348 1850 601 1915 indissolubilem
618 1850 738 1916 Christi
755 1851 944 1934 Ecclesiam,
969 1874 1050 1934 quac
1074 1853 1261 1917 concordiae
1285 1855 1353 1919 vin-

75 1951 155 2017 culo
185 1952 387 2037 mirabilique
415 1954 559 2017 caritatis
587 1957 715 2018 textura
745 1954 936 2037 composita,
970 1953 1038 2017 sola
1072 1957 1103 2018 et
1131 1954 1269 2019 indivisa
1295 1979 1354 2041 per

73 2057 186 2119 totum
209 2055 430 2119 ostenderetur
458 2078 525 2119 esse
553 2055 823 2131 coniectanti,
853 2078 948 2139 quam
976 2077 1035 2119 nec
1058 2056 1175 2120 milites
1198 2057 1272 2141 ipsi,
1296 2058 1351 2142 qui
1369 2054 1431 2108 J0h·

71 2154 257 2221 Donxinum
280 2159 516 2240 crucifixerunt,
541 2157 680 2221 dividere
704 2158 772 2221 ausi
796 2157 942 2220 fuissent.
1367 2128 1444 2187 Μ

127 2257 134 2269 ’
166 2258 200 2322 9.
244 2258 331 2334 Quae
353 2282 439 2323 nuuc
467 2257 494 2322 si
524 2264 655 2343 propter
682 2258 849 2343 perfidiam
871 2259 976 2342 Petri,
1007 2261 1120 2340 alescii
1149 2261 1352 2344 tyrannicam

67 2360 267 2445 superbiam
287 2360 481 2445 impiamque
503 2361 797 2444 praesumptionem
826 2361 894 2445 ejus
924 2361 1061 2425 violatur
1084 2366 1180 2446 atrpxe
1208 2365 1353 2427 conscin-

66 2462 179 2545 ditur,
205 2461 309 2526 ridete
330 2470 363 2526 et
385 2462 548 2546 sapienter
563 2462 744 2545 expendite,
769 2464 802 2526 in
819 2486 914 2547 quam
930 2484 1028 2545 grrrve
1044 2464 1222 2547 periculum
1241 2470 1353 2530 nostra

64 2563 250 2629 deducitur
283 2565 494 2647 conscientia,
535 2564 610 2627 dum
644 2568 737 2627 trinta
775 2565 930 2648 nrajorrnu
968 2565 1101 2628 solvitur
1136 2567 1352 2633 observantia.

62 2666 159 2743 Quis
175 2667 262 2729 enim
277 2688 342 2730 non
365 2670 443 2751 agat
465 2666 675 2751 ‹pnalcunque
696 2667 837 2749 libuerit,
862 2666 887 2729 si
911 2667 1009 2730 semel
1031 2667 1064 2730 in
1089 2671 1351 2734 consuetmlinem

62 2772 253 2851 corruptus
274 2768 350 2832 ordo
371 2769 577 2853 pervenerit?
600 2768 633 2831 Si
657 2774 763 2832 autem
786 2768 846 2831 hoc
862 2768 1054 2851 sacrilegnnn
1076 2773 1125 2832 est
1147 2770 1243 2833 ctiam
1268 2773 1352 2855 cogi

59 2878 160 2953 tare,
187 2890 244 2933 cur
266 2892 331 2933 uon
359 2893 431 2934 cum
453 2858 701 2955 diligentissima
730 2870 953 2934 observatione
976 2873 1125 2933 tencatur
1147 2871 1225 2935 haec
1248 2873 1352 2936 forma

59 2972 251 3055 majorum,
275 2994 371 3056 quum
387 2972 430 3036 sit
444 2972 479 3036 in
495 2971 555 3035 hoc
573 2973 806 3036 observationis
821 2976 933 3035 tenore
949 2970 1120 3034 ineffabilis
1137 2973 1351 3037 imlubitatac·

57 3096 140 3163 que
163 3073 301 3138 unitatis
323 3075 453 3138 evidens
476 3078 510 3138 et
531 3075 653 3157 grarnle
676 3074 885 3157 mysterium?
908 3074 961 3136 An
985 3073 1065 3136 aluric
1088 3081 1164 3137 sunt
1186 3074 1351 3139 Ecclesiae

58 3182 101 3243 et
138 3176 206 3240 duo
232 3180 399 3260 pastores?
431 3177 543 3240 Absit!
588 3176 680 3241 linus
715 3176 881 3258 osterum,
914 3183 967 3254 (μα’
990 3179 1068 3252 fecit
1091 3188 1220 3255 ulroqrrc
1249 3170 1434 3259 urrurn,EPl¹·

56 3278 200 3345 tollens
221 3277 260 3341 de
282 3278 385 3341 medio
407 3278 649 3342 inimicitiarum
677 3279 833 3362 parietem
859 3279 894 3341 iu
923 3300 1053 3361 corpore
1076 3300 1144 3341 sno.
1190 3280 1253 3343 ttur
1276 3246 1389 3369 ergo'2'
1403 3245 1440 3290 μ’

57 3402 136 3469 per
165 3378 256 3445 Petri
278 3384 309 3443 et
332 3381 444 3444 Aeacii
473 3382 603 3444 uomina
631 3402 741 3444 rursus
769 3380 901 3444 inimica
933 3380 1018 3463 sepis
1051 3380 1222 3463 intexitur,
1258 3404 1353 3465 quam

57 3481 179 3549 semel
203 3480 321 3546 Christi
344 3504 432 3565 crux,
456 3504 541 3546 mors
564 3487 595 3546 et
619 3481 752 3565 sanguis
767 3482 936 3563 destmxit,
961 3481 1055 3545 solvit
1071 3484 1103 3544 et
1119 3482 1257 3546 evertit?
1279 3482 1353 3547 Non

58 3606 159 3669 ergo
188 3582 309 3647 dividat
337 3606 390 3648 eos
417 3585 642 3668 interpositum
673 3584 760 3648 Petri
795 3588 828 3648 ct
855 3584 967 3647 Aeacii
995 3606 1128 3666 nomen,
1161 3606 1240 3668 quos
1269 3585 1354 3648 tanti

60 3684 269 3755 mediatoris
291 3687 450 3769 pretiosus
472 3688 605 3770 arragois
629 3687 747 3751 univit!

170 3788 220 3849 10.
253 3786 415 3851 Postremo
438 3810 574 3872 aecpamr
597 3794 655 3869 est,
680 3792 716 3851 ut
738 3789 792 3872 qui
817 3788 895 3852 alios
917 3787 1056 3850 libenter
1079 3790 1111 3849 et
1134 3792 1355 3871 competenter

62 3889 182 3959 sultis
205 3886 324 3953 babere
346 3888 517 3972 subjectos
549 3891 668 3954 cedatis
698 3893 731 3953 et
752 3890 814 3973 ipsi
838 3889 970 3971 antiqno
993 3910 1079 3951 more
1101 3889 1288 3972 majoribus,
1319 3895 1353 3953 ut

62 3990 283 4059 confidenter
304 3991 462 4075 imperare
478 3992 607 4074 possitis
622 3991 799 4055 nrirmribns
824 3990 946 4053 vestris.
971 3989 1146 4053 Duodecim
1163 3996 1248 4055 certe
1263 3994 1352 4056 sucro

63 4090 232 4181 apostrrli,
261 4093 391 4175 paribus
413 4094 536 4157 meritis
558 4093 690 4177 parique
713 4092 874 4176 dignitato
902 4091 1034 4155 suffulti.
1058 4092 1223 4176 (luunrque
1244 4116 1354 4156 ornnes

63 4192 261 4279 wpualiter
281 4194 441 4277 spirituali
463 4195 534 4258 luce
557 4193 731 4277 fulgerent,
762 4216 861 4257 unum
884 4200 993 4255 tamen
1022 4192 1202 4277 principem
1225 4216 1294 4256 esso
1316 4217 1353 4256 ex

64 4298 145 4365 illis
170 4295 440 4379 voluitt'hristus,
464 4317 599 4379 eumque
621 4295 862 4377 dispensatione
883 4294 1023 4358 ruirabili
1046 4295 1079 4357 in
1096 4295 1257 4358 dominam
1277 4316 1353 4375 gren-

64 4400 162 4467 tium
196 4394 328 4461 llomam
356 4398 483 4479 direxit,
514 4402 549 4461 ut
576 4397 608 4460 in
639 4398 812 4481 praecipua
840 4397 918 4461 urbe
947 4395 996 4460 vel
1023 4396 1128 4479 prima
1156 4397 1293 4479 primum
1322 4399 1355 4457 et

67 4498 291 4589 praecipuum
312 4500 468 4584 dirigeret
489 4499 630 4564 Petrum.
677 4499 786 4582 Ibique
809 4499 893 4562 sicut
915 4498 1080 4563 doctrinae
1110 4498 1228 4561 virtute
1258 4494 1354 4559 subli-

68 4604 142 4671 mis
165 4602 308 4685 emicuit,
337 4603 383 4665 ita
405 4602 574 4685 sanmrinis
603 4601 742 4687 gloriosa
765 4600 917 4664 ell'usione
946 4600 1112 4663 decoratus
1136 4604 1266 4662 aeterno
1299 4597 1354 4659 ho-

68 4704 181 4793 spitio
204 4704 410 4788 conquiescit,
435 4708 602 4787 praestans
624 4704 702 4786 sedi,
726 4724 821 4785 (puzan
844 4704 913 4785 ipsc
935 4702 1109 4781 benedixit,
1143 4705 1176 4763 ut
1207 4724 1224 4761 a
1253 4676 1465 4797 μυήίεῆιὶζήξέζ

70 4807 178 4875 inferi
209 4827 373 4889 nimquam
406 4827 464 4889 pro
494 4804 620 4869 llornini
651 4805 861 4888 promissione
890 4804 1052 4881 vineat-ur,
1082 4802 1285 4882 ornniurnque
1313 4800 1355 4861 sit
1408 4786 1414 4805 ⁹

70 4907 309 4975 fluctuantium
343 4906 522 4971 tutissimus
555 4911 675 4991 portus.
721 4907 760 4971 ln
793 4928 855 4990 quo
877 4907 932 4990 qui
959 4904 1160 4988 requieverit,
1199 4902 1293 4965 beata
1324 4906 1355 4963 et

112 5028 273 5065 accaronis
288 5028 390 5064 nouas.
406 5028 518 5063 courir.
538 5013 559 5062 1.
1114 5012 1155 5069 34
