3450 5678
495 120 668 171 emeram
694 112 742 170 17.
788 122 931 170 sarram
955 102 1066 171 errsr'.
1090 123 1161 172 aas
1184 124 1283 172 assa.
1453 110 1511 174 171

221 276 317 333 sario
353 282 425 339 llilari
449 281 494 338 dia
522 281 627 338 babime
653 283 810 340 interfuere.
852 282 889 339 lbi
925 301 987 340 vera
1018 284 1139 346 discussa
1166 284 1279 342 Hermae
1305 302 1383 342 musa
1411 285 1514 342 Hilarus

220 359 260 415 de
292 363 367 435 eius
386 367 590 426 conversatione
617 368 689 426 nibil
713 370 824 426 babens
850 371 975 444 ambient·
1000 372 1161 433 aestimarit.
1189 370 1264 426 illum
1291 372 1343 428 bos
1368 388 1439 445 quas
1465 391 1513 427 ar·
1566 423 1570 439 ,

218 461 359 522 parerat
374 469 513 512 recessus
531 456 693 510 incurrisse
711 460 912 529 potiusquam
930 456 1048 527 secisse.
1086 455 1113 511 ln
1135 455 1248 530 epistota
1265 456 1283 513 8
1305 456 1339 512 de
1359 456 1409 511 trac
1431 473 1460 511 re
1482 456 1514 511 art

218 530 439 608 praestillatum
459 539 657 614 provinciarum
677 541 820 614 episcopas
841 540 900 596 data
918 541 997 595 simul
1019 539 1161 614 significat,
1185 540 1247 614 qaid
1265 541 1298 597 de
1314 534 1538 614 ipsustataerit'

217 622 377 693 synoda,
397 633 427 681 ut
443 632 547 680 sartum
569 632 670 680 tectum
692 634 765 681 esset
786 625 891 682 concilii
912 625 1018 682 Nicaeai
1040 625 1187 690 decretum,
1209 643 1263 699 quo
1285 634 1402 691 earetrrr,
1425 642 1459 682 ne
1480 627 1515 682 de

216 707 364 768 civitate
375 715 404 768 in
419 714 562 768 ciuitatem
578 715 732 768 transeant
748 713 790 769 ael
805 715 958 785 episcopus
974 714 1018 769 ael
1027 712 1185 785 presbyter
1201 713 1244 769 rel
1258 713 1406 768 diaconus.
1527 719 1530 725 '

847 840 907 906 ΠΙ.

214 966 249 1004 a.
272 948 354 1012 463
369 956 440 1009 cire.
456 953 517 1008 init.
555 950 667 1007 Leontii
679 951 859 1008 Arelatensis
880 953 920 1008 ael
938 968 961 1007 s.
979 952 1114 1009 Hilarum
1127 970 1236 1025 popam
1252 952 1365 1009 libellus
1379 951 1414 1008 de
1432 955 1515 1008 resti·

397 1038 510 1095 terendis
524 1036 705 1093 Arelatensis
719 1039 861 1094 ecclesiae
874 1041 1022 1109 paroeciis
1032 1039 1146 1109 pridem
1162 1038 1307 1093 abscissis.

330 1140 370 1196 nd
385 1138 506 1212 ejusdem
522 1137 653 1213 epistolae
669 1138 688 1195 8
704 1138 802 1195 caleam
819 1139 923 1196 llilarus
940 1140 1060 1195 meminit
1076 1139 1157 1195 aldati
1173 1139 1222 1194 sibi
1239 1138 1330 1199 libelli,
1351 1155 1406 1212 quo
1423 1138 1515 1195 arabat

214 1220 382 1289 Leontius.
397 1227 521 1298 pristino
538 1227 609 1298 juri
627 1227 741 1281 restitui
757 1229 917 1297 paroecias
930 1227 1109 1282 Arelatensis
1127 1228 1268 1282 ecelesiae
1287 1226 1516 1296 praedecessore

213 1323 283 1366 sua
303 1312 429 1370 Hilario
444 1314 474 1368 in
489 1312 563 1366 olias
577 1313 747 1367 translatas.
776 1310 834 1367 Sed
843 1312 1044 1368 moderaminis
1059 1314 1212 1382 apostolici
1225 1326 1372 1381 mernores,
1389 1311 1433 1372 ait,
1448 1309 1514 1382 sra-

214 1400 377 1456 ter-nicae
390 1404 504 1457 nestrae
519 1398 667 1471 querelam
681 1399 773 1468 ipsius
788 1400 947 1454 remisimus
962 1398 1142 1453 audiendam.

854 1525 912 1591 IV.

213 1651 248 1689 a.
272 1635 352 1697 463
367 1644 437 1697 ante
456 1616 547 1694 mens.
565 1635 678 1693 Octobr.
720 1637 864 1694 Gunduici
882 1639 1013 1711 mopistri
1027 1639 1142 1694 militum
1164 1638 1203 1692 ael
1218 1652 1241 1693 s.
1258 1637 1393 1694 Hilarum
1405 1656 1515 1712 papum

395 1726 539 1781 incusatio
554 1723 589 1780 de
604 1727 793 1794 usurpatione
808 1724 933 1797 quadam
948 1739 971 1779 s.
988 1722 1131 1780 Mamerti.

325 1826 389 1884 llax
400 1844 424 1883 s.
431 1825 576 1882 Mamertus
583 1825 741 1883 Viennensis
755 1826 868 1883 antistes
883 1825 1031 1882 multarum
1046 1825 1095 1881 sihi
1111 1824 1234 1881 invidiam
1250 1824 1376 1880 sautiavit
1391 1825 1514 1883 ordinata

212 1905 339 1969 boensi
353 1915 493 1988 episcopa,
510 1927 589 1986 quem
605 1912 648 1967 sai
664 1927 724 1968 esse
740 1909 811 1982 juris
826 1910 955 1968 Leontius
971 1910 1135 1967 Arelatensis
1150 1910 1256 1985 praesul
1273 1909 1418 1975 asserebat,
1440 1902 1466 1967 et
1482 1928 1515 1969 en

214 2008 257 2048 eo
279 2000 405 2055 maxime
421 2007 552 2072 tempere,
569 2013 623 2072 qua
639 2013 701 2052 suas
718 1998 826 2070 utrique
841 1997 967 2053 eeclesias
983 1995 1037 2052 Lea
1053 1995 1211 2070 attribuerat
1227 1997 1339 2070 epistola
1356 1996 1395 2054 66
1412 1996 1443 2052 ad
1459 1999 1515 2071 epi-

214 2093 343 2154 scopos
354 2083 512 2158 metropolis
528 2082 690 2139 Arelatensis
706 2082 775 2138 data.
806 2081 900 2156 quue
915 2100 957 2139 res
973 2083 1115 2156 processit,
1131 2090 1161 2137 ut
1177 2083 1216 2137 vir
1230 2081 1343 2138 illustris
1359 2080 1515 2139 Gandaieus

215 2169 440 2226 sanctissimum
455 2170 542 2225 virum
559 2167 694 2224 diffamare
709 2169 745 2223 sit
759 2185 840 2223 ausus
856 2168 952 2225 titteris
971 2166 1157 2224 acerbissimis.
1190 2166 1241 2223 llas
1257 2166 1360 2223 litteras
1376 2186 1399 2223 s.
1409 2167 1514 2223 Hilarus

217 2263 438 2311 commemorat
465 2250 579 2328 epistola
601 2251 619 2311 9
649 2253 699 2309 hae
725 2255 866 2310 ascesione
893 2253 925 2309 ad
952 2252 1094 2310 Leontium
1116 2253 1148 2308 Vl
1167 2252 1229 2308 lalus
1252 2251 1376 2309 Octobris
1393 2255 1512 2328 scripta.

220 2330 564 2414 berarmannus*
584 2342 639 2396 aa
656 2342 777 2396 arana
796 2343 928 2414 moyam·
946 2342 1064 2396 mititem
1081 2339 1224 2396 sarronae
1240 2354 1370 2395 sermone
1386 2347 1428 2395 ea
1443 2341 1515 2396 anaa-

221 2428 351 2497 aarum,
371 2427 467 2501 inquit,
490 2427 664 2498 praedictus
682 2429 836 2497 episcopus
856 2429 950 2482 inritis
963 2427 1130 2495 Deerrsibns,
1156 2431 1184 2482 et
1198 2429 1248 2498 qni
1267 2427 1307 2481 ad
1326 2428 1515 2482 ecelesiarum

221 2506 307 2573 eju,
329 2528 493 2582 numerum,
518 2527 593 2584 quas
613 2515 640 2567 ei
663 2513 840 2582 apostoticae
860 2512 936 2568 sedis
955 2513 1102 2584 deputavit
1123 2514 1299 2580 oractoritas,
1323 2552 1379 2566 ...
1402 2513 1514 2566 minime

222 2598 435 2667 seminatam,
451 2598 549 2654 bestiti
562 2612 648 2666 more,
667 2603 698 2652 ut
712 2597 826 2666 elicitur,
838 2613 994 2669 *occupans
1009 2600 1149 2653 civitatem
1161 2600 1326 2668 episcopum
1338 2611 1515 2652 consecrare

226 2687 449 2756 praesumpsit.
481 2682 549 2737 Tum
565 2681 677 2756 indigne
692 2682 782 2737 terens
798 2682 834 2737 ita
850 2681 952 2756 negligi
969 2684 1049 2737 immo
1066 2690 1094 2736 rt
1116 2682 1206 2755 sperui
1222 2681 1371 2736 decessoris
1393 2682 1434 2735 sui
1451 2696 1514 2737 can·

229 2758 353 2831 stituit,
367 2769 504 2843 praeripit,
520 2774 551 2822 ut
562 2766 711 2840 lassando,
728 2783 807 2841 quarn
823 2767 940 2842 singulis
957 2768 1032 2821 antris
1049 2765 1145 2822 trabere
1159 2765 1308 2827 tractatur.
1325 2764 1456 2820 Gunduici
1473 2782 1515 2819 re·

232 2840 374 2909 hilarem
391 2853 525 2916 annuat,
547 2860 574 2908 et
595 2852 737 2926 compulso
753 2851 881 2908 Mamerto
904 2856 1045 2909 rationem
1062 2851 1140 2924 sacti
1150 2855 1196 2907 sni
1214 2852 1266 2906 snb
1282 2855 1415 2913 uniuerso
1431 2857 1515 2908 coctu

238 2922 443 2999 (faternitatis
456 2941 586 3013 eripere,
603 2936 668 3012 quid
683 2937 851 3012 exploratum
867 2937 958 3001 iurent,
980 2941 1100 2994 amnium
1114 2939 1219 2994 litteris
1233 2951 1305 2993 snae
1319 2939 1427 2992 intimet
1443 2940 1513 2993 nati·
1547 2946 1563 2957 “

245 3013 303 3072 ⁶⁰0
318 3018 383 3093 (itit.
397 3041 440 3100 ep.
457 3022 498 3097 9).

858 3117 898 3183 V:

170 3224 186 3305 .,“
263 3218 360 3284 ’464
378 3236 441 3288 ante
461 3230 489 3287 d.
507 3227 546 3293 25
562 3229 649 3285 Febr.
681 3229 900 3302 Episenporurn‚
925 3232 975 3302 qui
995 3230 1030 3285 de
1050 3241 1073 3285 s'.
1090 3229 1226 3285 Mamerti
1245 3245 1336 3284 caroso
1357 3231 1385 3283 in
1406 3229 1514 3301 synoda

398 3321 601 3391 eopnareront,
617 3316 652 3371 de
667 3317 767 3371 eodem
783 3317 822 3371 ad
835 3332 858 3371 s.
876 3317 1011 3371 Milonem
1024 3333 1133 3387 popam
1150 3317 1261 3370 relatio.

341 3410 466 3481 sautans,
489 3433 558 3491 quae
585 3416 708 3479 dirimas,
737 3419 853 3490 receptis
874 3417 1003 3472 Leontius
1031 3417 1164 3490 synodum
1186 3417 1351 3472 crrnvacarit.
1386 3415 1453 3470 Nam
1470 3415 1514 3477 ibi.

281 3491 331 3548 nat
347 3504 530 3576 pensaunium
550 3502 645 3564 iuerat,
672 3502 816 3558 Mamertus
841 3504 868 3558 in
888 3502 990 3574 judicia
1011 3505 1118 3559 steterit
1138 3502 1199 3558 laeti
1221 3503 1261 3556 sui
1281 3503 1412 3557 rationem
1427 3500 1515 3557 reddi·

284 3584 347 3642 litis,
358 3587 424 3644 valde
439 3597 482 3644 est
497 3589 638 3644 incertum.
671 3588 770 3643 Verum
786 3605 854 3661 quae
870 3587 956 3644 delata
972 3588 1062 3644 llilera
1079 3588 1192 3650 inerant,
1215 3587 1334 3661 episcopi
1349 3586 1385 3642 ibi
1400 3603 1515 3661 congre·

283 3661 326 3739 μί
336 3674 413 3739 uma
428 3675 480 3748 ipsi
495 3673 593 3729 litteris
614 3691 662 3747 per
678 3675 824 3729 Antonium
846 3675 1012 3748 episcopum
1024 3675 1111 3729 missis
1127 3671 1328 3735 confirmarunt,
1352 3680 1380 3727 ut
1396 3689 1427 3727 er
1443 3673 1515 3728 illins

283 3748 393 3827 tritt-10,
414 3776 465 3833 qna
481 3759 597 3834 singulis
612 3760 768 3815 nominatim
784 3759 940 3834 respondet.
964 3759 1039 3815 tacite
1047 3759 1195 3834 colligitur.
1213 3755 1326 3814 Litteras
1342 3759 1431 3831 itaque
1448 3758 1515 3819 illos,

279 3840 310 3895 ait
323 3831 413 3908 flbaas,
428 3845 460 3899 ab
477 3845 594 3900 Antania
616 3846 753 3918 episcopa,
775 3861 853 3918 quem
871 3862 902 3899 as
923 3862 984 3900 sese
1004 3844 1192 3918 delegaverant
1214 3852 1242 3898 et
1263 3844 1320 3916 ipse
1341 3851 1422 3900 tanto
1437 3847 1515 3917 lepa-

185 3944 188 3955 ¹
278 3926 449 4003 tibaldipnum
470 3935 659 4001 interpretem
678 3928 821 4001 judicabat,
845 3929 895 3985 sibi
917 3930 1025 3986 traditas
1047 3930 1122 3986 ratde
1141 3947 1170 3985 se
1192 3930 1367 3985 contristasse
1385 3931 1421 3986 ab
1447 3933 1516 4000 ipsis

272 4014 401 4071 metus
419 4020 466 4072 sni
483 4018 646 4089 principiis.
671 4015 707 4070 Ex
724 4014 821 4089 quibus
838 4016 961 4071 nimirum
978 4020 1063 4088 timna
1079 4019 1240 4072 assertione
1255 4019 1393 4089 coenavit,
1416 4018 1514 4087 delini-

269 4101 351 4157 rimer
364 4116 376 4153 a
388 4109 493 4158 amatae
509 4102 652 4170 memoriae
674 4102 826 4159 decessore
846 4119 898 4158 suo
913 4102 1008 4159 Leone
1028 4104 1063 4158 de
1087 4103 1240 4158 Viennensi
1254 4105 1388 4173 episeopo
1404 4102 1515 4174 praesti·

265 4188 332 4245 tatis
349 4202 365 4239 o
381 4186 520 4244 Mamerto
544 4226 649 4243 .....
680 4190 818 4258 patuisse.
833 4190 1012 4258 transcendi,
1038 4186 1134 4261 quibus
1158 4195 1244 4243 lernen
1267 4186 1325 4257 eJus
1346 4186 1515 4240 decessorem

259 4277 339 4333 iruna
351 4277 375 4325 et
383 4270 522 4330 Leontium
538 4271 667 4328 haetenus
682 4273 793 4328 stetisse
808 4280 954 4329 constaret.
978 4273 1044 4328 Turn
1060 4275 1086 4328 in
1103 4274 1257 4329 memoriam
1273 4288 1409 4333 revocans,
1425 4272 1514 4342 dipni-

256 4359 340 4419 mian
362 4356 524 4415 Viennensis
542 4361 684 4414 eeclesiae
699 4360 880 4415 Arelatensis
894 4363 1028 4416 antistitis
1049 4362 1192 4433 quondam
1208 4359 1437 4431 transpressioae
1453 4370 1516 4410 cre·

253 4446 335 4512 dere,
352 4450 376 4497 et
387 4461 440 4515 pro
456 4446 644 4519 corripendis
662 4460 737 4518 parre
749 4461 908 4518 perperam
922 4446 1107 4518 parabantur,
1130 4446 1286 4501 inviolabili
1297 4448 1399 4513 postea
1413 4443 1514 4512 defini·

248 4535 327 4593 amne
340 4533 528 4601 compositum,
551 4545 587 4586 ne
608 4533 685 4586 alter
704 4533 845 4603 inalarins
860 4532 936 4586 alter
956 4535 985 4587 in
1002 4537 1089 4588 totrrm
1105 4533 1197 4588 aeteri
1210 4531 1319 4586 bonore
1334 4530 1517 4599 reperiretur

244 4621 372 4679 exutum
390 4613 470 4679 addit,
494 4633 527 4671 ex
543 4614 643 4670 eisdem
664 4615 763 4672 litteris
785 4624 812 4671 et
828 4617 937 4672 Antonii
952 4617 1072 4690 episcopi
1088 4615 1218 4672 relatione
1232 4622 1335 4688 patere,
1359 4612 1515 4667 Mamertum

239 4701 396 4785 prioritate
421 4705 509 4758 eertis
536 4704 675 4758 conclusa
699 4705 826 4759 terminis
850 4705 920 4760 uelle
944 4705 1069 4774 perdere
1086 4705 1157 4776 plus
1179 4703 1309 4770 nolendo,
1338 4702 1389 4773 qui
1408 4700 1516 4755 abusus
