3450 5678
229 303 290 368 712
680 322 707 368 s.
725 320 905 369 sruuncru
928 318 1043 365 Paene

120 503 145 537 a.
156 491 213 539 512.
227 474 376 558 discipuli
395 474 634 559 imitatoresque
657 475 735 557 ejuS,
760 474 814 559 qui
829 474 967 558 figuram
982 474 1065 537 servi
1082 476 1266 560 assumpsit,
1290 480 1328 540 ut
1342 498 1405 540 nos
1431 476 1514 541 libe·

227 598 279 639 ros
301 575 447 640 redderet
469 600 488 640 a
510 580 642 660 peceato
664 577 747 660 quod
769 576 930 660 regnabat
950 577 985 641 in
1007 576 1116 659 nobis,
1147 577 1292 642 videntes
1315 581 1513 664 oppugnari

227 700 286 743 nos
309 682 343 743 et
363 680 560 759 mortificari,
585 701 651 743 non
673 679 757 742 sieut
773 677 972 744 Gabaonitas
987 679 1238 764 incircumcisos,
1262 680 1317 745 sed
1335 681 1512 747 vobiscum

229 781 431 846 circumcisos
459 782 494 845 in
521 779 641 845 Christi
676 781 916 863 cicumcisione,
954 803 1058 866 neque
1084 782 1241 846 idolerum
1269 784 1449 849 servitores
1473 786 1512 867 [et

230 883 385 967 aemulos,
415 883 475 947 etsi
497 886 697 968 peccatoreS,
726 886 836 947 tumen
859 882 1060 948 Christianos
1088 887 1121 948 et
1147 885 1311 949 vobiscum
1336 887 1453 951 omnia
1475 887 1510 952 in

230 986 356 1051 Christo
372 985 544 1069 sapientes,
569 1007 634 1049 non
650 985 834 1069 despiciatis
849 1007 953 1069 neque
968 988 1182 1050 contemnatis
1197 987 1294 1070 ultra,
1314 988 1362 1071 pii
1377 995 1510 1071 patres:

76 1100 211 1164 ιΙοε.6,·.)·ὶ.
230 1088 285 1151 aed
308 1088 391 1151 sicut
413 1086 616 1151 beatissimus
639 1089 821 1171 praedictus
843 1088 938 1152 Jesus
960 1087 1051 1153 Nave
1080 1111 1145 1154 non
1173 1089 1245 1154 illos
1272 1094 1423 1173 tantum,
1453 1092 1509 1155 sed

230 1194 263 1254 et
283 1189 376 1254 Raab
404 1189 604 1253 meretricem
630 1189 695 1253 illis
723 1190 907 1274 anteposuit
939 1193 1070 1275 propter
1102 1191 1236 1256 duorum
1264 1191 1507 1276 exploratorum

230 1293 480 1375 susceptionem,
504 1292 551 1355 ita
574 1295 607 1355 et
628 1314 683 1356 vos
706 1315 764 1356 nos
787 1293 960 1378 vigilanter
982 1294 1133 1357 assumite
1161 1316 1233 1358 eum
1253 1293 1314 1358 Dei
1335 1295 1507 1378 juvamine

122 1381 128 1392 ⁸
229 1399 360 1479 propter
382 1394 515 1458 duarum
536 1397 725 1458 naturarum
747 1395 969 1477 traditionem,
994 1417 1075 1479 quae
1097 1420 1117 1460 a
1138 1397 1228 1461 vobis
1251 1418 1309 1481 per
1331 1397 1505 1480 epistolam

230 1499 316 1561 inter
337 1500 466 1561 sanctos
490 1496 655 1561 constituti
678 1520 782 1581 papae
803 1496 919 1561 Leonis
943 1500 1055 1561 eontra
1075 1498 1267 1582 Eutychetis
1289 1498 1506 1565 deliramenta

99 1612 218 1679 Jos.a,o.
231 1599 352 1663 directa
375 1602 434 1662 est.
478 1599 522 1663 Et
543 1598 600 1663 illa
622 1600 750 1684 quidem
772 1599 949 1683 suscipiens
972 1600 1187 1684 explorantes
1211 1601 1246 1664 in
1268 1605 1424 1685 stuppam
1447 1601 1504 1666 lini

231 1723 306 1766 suae
335 1701 445 1765 domus
473 1702 656 1784 abscondit3
693 1723 751 1765 nos
780 1705 886 1764 autem
914 1705 1021 1765 rectae
1043 1702 1118 1766 fidei
1139 1706 1263 1766 vestrae
1286 1705 1503 1789 suscipientes

233 1804 475 1886 confessionem,
499 1803 535 1867 iu
558 1803 650 1868 corde
673 1806 782 1866 nostro
804 1826 871 1867 non
894 1803 1129 1886 abscondimus,
1160 1803 1215 1867 sed
1237 1805 1272 1868 in
1296 1805 1503 1871 eeclesiarum

232 1906 412 1971 domatibus
422 1907 459 1992 ¹⁰)
476 1905 536 1970 Dei
558 1905 775 1969 misericordia
798 1927 868 1969 eam
891 1928 962 1970 oum
985 1906 1176 1970 auctoritate
1191 1906 1429 1990 praedicamus.
1462 1909 1505 1974 Et

232 2009 288 2072 illa
309 2008 438 2093 quidem
459 2013 575 2092 rogata
602 2031 659 2093 per
686 2011 806 2071 metum
834 2031 887 2072 eos
916 2031 949 2072 se
978 2007 1097 2072 habere
1125 2009 1272 2094 negavit:
1306 2032 1369 2074 nos
1398 2016 1506 2076 autem

232 2133 369 2192 oramus,
394 2133 434 2174 ne
456 2133 596 2195 unquam
620 2109 758 2175 humano
780 2114 867 2175 metu
889 2132 1044 2195 negemus
1066 2114 1174 2175 rectae
1189 2111 1357 2176 doctrinae
1376 2116 1506 2179 nostrae

233 2213 416 2296 veritatem3
439 2216 472 2276 et
493 2234 593 2296 usque
616 2213 656 2275 ad
679 2213 870 2298 sanguinem
892 2235 950 2297 pro
972 2237 1009 2276 ea
1024 2213 1190 2298 stabimus,
1213 2214 1242 2278 si
1258 2213 1306 2277 ita
1321 2216 1502 2302 contingat.

316 2317 347 2380 5.
385 2314 479 2379 Unde
501 2336 566 2378 non
589 2316 716 2378 taedeat
738 2337 797 2379 nos
819 2315 981 2400 adjuvare,
1005 2337 1108 2400 neque
1123 2315 1194 2380 odio
1210 2317 1358 2381 habeatis
1373 2322 1505 2403 propter
1540 2334 1578 2347 ⁶·

233 2418 471 2482 adversantium
487 2417 806 2498 communionem¹¹):
829 2439 927 2502 quum
946 2440 980 2481 se
996 2419 1037 2482 ab
1059 2418 1120 2482 hac
1142 2417 1272 2501 plurimi
1294 2418 1504 2486 facultatibus
1544 2432 1578 2473 Δ

233 2520 378 2604 impediti
400 2523 432 2582 et
454 2540 520 2583 non
542 2518 697 2583 babentes
720 2519 969 2584 sollicitudinem
984 2520 1157 2584 multarum
1176 2519 1360 2585 animarum
1374 2544 1504 2608 suspen·
1522 2548 1578 2565 ⁴⁶

233 2623 349 2704 derint,
373 2621 487 2706 quibus
511 2643 583 2685 vero
605 2621 779 2685 multarum
802 2622 981 2686 animarum
1004 2644 1080 2686 cura
1102 2621 1271 2686 commissa
1293 2625 1354 2704 est,
1383 2625 1418 2688 in
1441 2646 1503 2689 cre
1539 2647 1578 2665 ⁴

234 2725 308 2789 ditis
331 2724 391 2787 sibi
415 2724 651 2788 communicent
673 2724 831 2807 ecelesiis,
860 2724 982 2787 nullum
1011 2724 1207 2788 eontrarium
1234 2723 1394 2790 habentes
1423 2748 1503 2791 oom-
1540 2746 1578 2763 ”

234 2825 452 2890 municantem
475 2825 552 2909 sibi,
582 2830 614 2889 et
636 2829 815 2890 metuentes
837 2825 1017 2910 relinquere
1039 2826 1123 2909 lupis
1145 2847 1220 2891 oves
1241 2831 1376 2912 propter
1397 2849 1504 2893 vocem
1557 2835 1578 2877 1

135 2893 220 3025 &⁰¹12
235 2928 364 2992 Domini
387 2928 561 2992 dicentem:
587 2935 797 2994 illerccnarius
819 2940 918 2992 autem
940 2941 968 2992 et
990 2935 1043 3007 qai
1063 2949 1123 2993 rroa
1139 2940 1183 2992 est
1191 2940 1313 3009 pastor,
1337 2934 1503 3008 cujusnon

233 3042 302 3096 sant
324 3052 391 3095 oves
408 3038 567 3111 propriae,
593 3037 673 3095 videt
694 3038 796 3110 lupum
820 3037 991 3108 evertentem,
1016 3044 1045 3093 ct
1066 3036 1211 3108 relinqui!
1232 3051 1301 3095 oues
1317 3034 1454 3111 etfacit,
1477 3046 1505 3096 et

234 3141 324 3212 lupas
353 3140 437 3211 rupit
463 3155 515 3197 cus
542 3147 632 3212 alque
660 3140 823 3213 dispersit,
858 3139 930 3209 qiua
956 3139 1163 3196 mercenarius
1194 3145 1237 3195 est
1269 3145 1299 3196 et
1327 3153 1390 3197 non
1417 3138 1505 3198 octa

235 3243 332 3300 oviam
354 3255 471 3298 caruem.
507 3232 587 3309 Quia
611 3256 774 3319 ergeuen
798 3255 905 3297 aurore
928 3234 1013 3296 vitae
1036 3233 1138 3317 capti,
1162 3233 1218 3297 sed
1240 3234 1347 3298 ovium
1370 3234 1505 3300 salutem

235 3342 384 3403 curantes
406 3337 535 3421 plurimi
558 3337 759 3401 sacerdotum
781 3336 841 3400 hoc
863 3336 1005 3418 faciunt,
1035 3334 1122 3422 de¹²)
1145 3335 1392 3420 insequentibus
1414 3338 1506 3402 mise

236 3444 328 3504 rante
351 3439 419 3503 Deo
443 3460 634 3523 cognoscere
657 3439 776 3522 poterit
797 3442 853 3502 tua
875 3438 1065 3522 paternitas.

320 3540 456 3617 Quidam
478 3541 564 3605 enim
586 3540 625 3604 de
647 3541 697 3622 iis,
722 3541 833 3624 quiin
856 3539 1034 3603 sacerdotio
1057 3541 1224 3613 constituti
1245 3543 1335 3622 sunt,
1358 3547 1507 3625 spectan-

235 3645 332 3728 tes¹³)
354 3644 389 3707 in
412 3643 523 3707 exsilio
545 3643 632 3707 mitti
653 3642 857 3727 presbyteros
879 3640 1071 3706 orthodoxos
1087 3645 1120 3706 et
1134 3645 1264 3706 sanctos
1278 3643 1376 3725 viros,
1401 3643 1509 3709 volen-

305 3868 335 3932 11’)
353 3866 384 3917 ln
406 3865 482 3933 prius
506 3863 626 3932 vulgatis
649 3863 818 3931 dopnmlibus.
855 3861 1069 3916 Restitucndrnn
1092 3860 1219 3916 duximus
1236 3867 1386 3920 domatibus.
1424 3865 1511 3935 Aper·

236 3953 296 4004 tum
314 3949 387 4004 enim
406 3950 460 4016 ost,
484 3964 531 4002 eos
549 3948 685 4016 respicere
710 3950 770 4001 tum
788 3947 824 4001 ad
842 3949 947 4001 lactina
965 3947 1058 4013 Raab,
1080 3967 1144 4016 quae
1164 3952 1227 4013 fecit
1253 3954 1416 4004 adscendere
1442 3957 1512 4005 drot

236 4042 272 4090 ad
288 4041 408 4089 selmum
426 4040 511 4088 domas
528 4054 602 4095 aune,
621 4036 680 4086 tum
698 4033 817 4086 marimo
836 4032 872 4087 ad
889 4033 1072 4102 praeceptum
1090 4032 1214 4100 Domini,
1232 4033 1280 4100 qui
1295 4033 1400 4088 Mati-b.
1418 4042 1458 4101 10,
1469 4042 1513 4101 st,

237 4120 312 4188 quod
328 4119 357 4172 in
374 4118 498 4173 tenebris
517 4119 661 4184 docuerat,
684 4116 840 4188 praedicari
859 4117 943 4186 jussit
959 4139 1038 4187 super
1055 4130 1122 4172 reeta
1140 4121 1252 4186 (graeca
1270 4113 1329 4172 lul
1354 4120 1423 4173 tois
1446 4124 1511 4176 δο-

235 4200 360 4275 μάτωι

305 4293 335 4357 ¹¹)
355 4290 412 4343 lloc
431 4291 484 4343 est:
508 4290 658 4358 propterca
680 4289 756 4358 quod
773 4305 828 4342 non
847 4287 958 4342 omnino
977 4287 1140 4357 abjiciamus
1159 4287 1384 4343 communionem
1403 4308 1513 4357 eorum,

237 4377 284 4445 qui
296 4374 390 4430 Acraeii
403 4374 574 4429 danmatioui
592 4375 773 4428 adversantur
786 4373 866 4442 eique
885 4374 982 4427 nolrnrt
993 4373 1176 4426 subscribere.
1203 4371 1311 4427 Deinde
1323 4374 1398 4429 rorte
1417 4375 1511 4445 legen·

237 4462 303 4514 dum
321 4483 392 4531 quum
409 4481 437 4514 se
455 4464 486 4512 ab
505 4465 552 4513 dne
568 4467 670 4528 plrira'mi
686 4466 840 4514 sacerdotiis
858 4464 982 4526 expediti.

307 4550 336 4615 ¹²)
355 4545 414 4600 lloc
432 4548 475 4600 est
493 4566 528 4598 ea*
545 4550 761 4614 consequentibus.
799 4545 817 4597 b
836 4543 980 4597 substituit
998 4549 1128 4612 deinceps.

306 4633 336 4693 ¹³)
355 4630 427 4684 Edit.
447 4630 528 4683 llasil.
554 4631 583 4683 ct
600 4629 679 4682 Rern.
698 4642 848 4698 sperantes:
871 4646 904 4683 ac
922 4628 1038 4682 subinde
1055 4633 1100 4681 aab
1119 4634 1229 4693 ‹rr-birro,
1255 4644 1308 4698 pro
1326 4650 1373 4684 raa
1390 4635 1512 4686 arbim.

237 4716 422 4771 l'raefcrenda
441 4715 499 4768 visa
517 4717 558 4768 cst
576 4714 688 4768 Barouii
706 4713 849 4768 correctio.
886 4713 945 4767 Hoc
963 4713 1037 4767 enim
1055 4712 1108 4768 sibi
1127 4713 1198 4768 vult:
1217 4734 1274 4775 eos,
1293 4720 1337 4784 qui
1348 4735 1423 4785 quun
1442 4720 1509 4769 tiele·

237 4814 293 4854 reae
317 4811 341 4854 r'u
364 4807 464 4854 erilium
487 4805 551 4852 mitti
576 4804 740 4868 presbyteros
762 4804 923 4854 orthodoxos
946 4811 1090 4854 cruciaretur
1113 4806 1192 4859 airas,
1217 4803 1335 4853 uolebant
1352 4819 1380 4853 se
1402 4814 1513 4869 praeter

238 4893 411 4939 accusabilem
429 4891 460 4938 ut
480 4891 593 4938 ecelesiis
610 4905 655 4938 sero
674 4889 781 4939 urlu'bio
799 4888 939 4938 reinducere
957 4906 1049 4955 cosque
1067 4891 1146 4954 sequi,
1166 4906 1215 4938 uos
1226 4890 1340 4939 siverunt
1352 4890 1509 4953 lorsam.
