3412 5664
248 300 311 391 238
704 341 731 387 s.
750 337 884 386 rsnrms
907 339 934 385 rr
956 338 1070 385 aaran

143 522 168 559 a.
178 512 236 559 483.
250 495 438 579 principem.
478 496 565 557 Ante
572 493 612 578 ³⁵)
635 493 741 557 oculos
764 495 930 575 praetcrea
951 514 1018 557 non
1040 486 1175 573 reducis,
1199 490 1276 575 quia
1291 512 1363 555 non
1380 490 1491 555 solum
1506 488 1540 555 in

249 598 311 662 hac
340 619 436 662 causa
464 595 614 659 adversus
646 616 773 658 omnem
802 594 951 658 catholici
985 593 1146 679 dogmatis
1171 592 1327 657 tendatur
1357 592 1539 676 unitatem,

250 701 304 764 sed
328 700 425 763 etiam
449 699 573 762 carriotis
595 696 789 779 haeresibus,
818 718 899 781 quae
927 718 961 760 se
983 695 1076 760 uobis
1098 695 1210 761 melius
1233 696 1359 760 sentire
1382 698 1539 781 praeten-

251 803 341 883 dunt,
365 799 543 865 resumendi
568 799 650 862 vires
673 802 768 883 atque
790 798 824 862 in
848 820 943 862 ausus
965 798 1119 882 pristinos
1141 798 1330 883 resurgendi
1356 798 1427 863 late
1453 820 1540 863 carn-

231 926 310 989 *pus
333 893 485 987 aperitur,
510 901 536 965 si
559 900 656 965 semel
679 900 763 984 quod
785 901 937 965 anostris
952 901 1127 984 majoribus
1143 905 1192 965 est
1206 899 1362 985 sopitum,
1387 900 1539 985 quolibet

251 1007 418 1070 occasione
442 1003 609 1087 pulsetur?

334 1108 364 1170 9.
412 1104 503 1169 Unde
525 1105 641 1169 iterum
664 1108 759 1188 atque
782 1105 898 1168 iterum
921 1108 1146 1189 protestamur,
1170 1128 1211 1170 ne
1232 1106 1269 1170 in
1283 1105 1472 1190 abruptum
1493 1110 1540 1169 to

249 1212 313 1273 tius
342 1208 506 1272 Ecclesiae
534 1207 686 1293 status³⁶)
721 1229 778 1290 per
811 1207 977 1271 audaciam
1007 1212 1119 1272 contra
1146 1208 1305 1292 synodum
1334 1206 1540 1273 catholicam

250 1313 417 1396 insurgere
439 1309 639 1373 molientium
662 1308 788 1372 sinatur
810 1309 933 1373 abduci.
979 1309 1018 1374 ln
1040 1332 1102 1394 quo
1124 1310 1251 1396 quidem
1274 1311 1466 1375 certamine
1488 1310 1540 1375 fir-

249 1436 338 1477 mum
358 1412 605 1477 fundamentum
628 1410 714 1474 Deus
737 1414 868 1493 statuet,
897 1412 981 1475 sicut
1002 1412 1040 1475 de
1063 1434 1100 1476 eo
1121 1413 1214 1477 nobis
1236 1412 1356 1499 non³³)
1379 1412 1466 1477 licet
1488 1409 1540 1477 de

139 1497 236 1619 ²:¹¹5?
250 1537 394 1600 sperarc;
417 1518 450 1579 ct
472 1521 553 1579 uolut
569 1519 713 1579 Dorulaus
735 1520 788 1591 qai
807 1526 877 1578 surr!
896 1520 974 1593 ejice.
1013 1514 1244 1580 Verumtamen
1266 1514 1360 1579 salvo
1375 1536 1429 1597 eo,
1454 1514 1540 1599 qnod

150 1604 172 1623 ”’
220 1610 225 1618 ’
251 1618 285 1682 in
308 1618 359 1682 die
378 1616 493 1702 judicii
515 1616 614 1679 talem
637 1639 656 1677 a
678 1614 770 1678 uobis
788 1614 966 1679 Ecclesiam
983 1620 1105 1680 eertum
1120 1620 1178 1699 est,
1202 1616 1332 1702 qualem
1348 1638 1370 1681 a
1384 1616 1541 1703 patribus

251 1721 443 1803 accepimus,
472 1718 673 1802 exigendam,
703 1718 800 1780 etiam
828 1718 862 1781 in
890 1717 951 1782 hac
975 1719 1041 1783 vita
1063 1741 1098 1783 se
1120 1720 1160 1783 ad
1182 1741 1253 1784 eam
1275 1740 1346 1783 non
1367 1718 1541 1805 pertinere

251 1825 436 1907 cognoscat,
471 1820 533 1904 qui'
554 1841 618 1883 non
648 1818 750 1883 solum
777 1820 970 1903 plenitudini
1000 1821 1069 1904 ejus
1097 1821 1194 1887 noxia
1224 1824 1364 1886 conatur
1397 1822 1539 1907 inferre,

251 1924 307 1988 sed
329 1923 427 1987 etiam
449 1922 551 2005 qui³*)
575 1921 677 1985 eidem
699 1922 911 2006 congruentia
933 1922 1114 1988 dissimulat
1136 1923 1313 2008 providere
1362 1922 1482 2007 Absit,
1504 1926 1541 1989 ur

251 2026 291 2089 de
317 2029 374 2089 tua
400 2023 571 2088 dilectione
597 2023 708 2087 taliter
730 2046 788 2088 nos
816 2022 992 2107 credamus,
1022 2047 1115 2109 quem
1143 2030 1176 2090 et
1197 2025 1317 2090 dudum
1337 2046 1402 2113 pro
1428 2024 1540 2091 catho-

253 2128 315 2191 lica
336 2127 398 2191 fide
421 2124 556 2189 viriliter
578 2125 705 2190 stetisse
727 2126 972 2209 reminiscimur,
996 2130 1028 2190 et
1051 2150 1070 2191 a
1091 2128 1189 2192 uuus
1204 2126 1375 2193 Ecclesiae
1400 2148 1540 2213 corporo

252 2230 398 2294 nolumus
428 2230 618 2311 discrepare.
664 2232 865 2312 Quapropter
887 2230 1074 2311 instantius,
1106 2229 1228 2317 quia³⁹)
1249 2234 1283 2295 te
1306 2230 1447 2295 sincero
1468 2228 1539 2295 dili·

252 2332 357 2417 gimus
386 2331 531 2395 caritatis
559 2330 689 2413 iutuitu,
720 2332 831 2394 crebro
858 2331 1004 2414 repetitis
1032 2330 1313 2397 adhortationibus
1341 2332 1539 2417 incitamus,

252 2437 289 2498 ut
311 2434 379 2518 ipse
401 2433 541 2497 vicissim
565 2435 597 2497 et
618 2432 699 2496 haec
714 2433 846 2517 devites,
870 2455 951 2517 quae
967 2436 1000 2498 te
1016 2433 1057 2497 ab
1072 2434 1160 2498 omni
1175 2433 1268 2498 domo
1283 2432 1416 2499 chfisti
1431 2438 1540 2501 osten·

253 2536 333 2600 dant
355 2557 423 2600 esse
445 2526 652 2618 disjunctum,
675 2539 708 2599 et
730 2536 833 2619 magis
855 2535 911 2598 illu
933 2536 1075 2619 secteris,
1104 2558 1185 2621 quae
1207 2535 1249 2599 ab
1271 2536 1390 2601 eadem
1414 2540 1452 2603 te
1474 2560 1539 2603 non

252 2638 377 2702 faciant
399 2659 467 2702 csse
489 2638 638 2701 divisum.

340 2743 389 2805 10.
428 2739 530 2803 Multa
552 2762 638 2823 vcro,
662 2741 737 2822 quia
759 2739 928 2823 inorme⁴⁰)
950 2740 1013 2803 fuit
1035 2740 1151 2804 litteris
1172 2741 1326 2806 universa
1344 2762 1539 2831 congerere,

252 2866 333 2927 quae
360 2842 483 2906 utilitas
516 2841 641 2926 negotii
666 2841 845 2925 praesentis
873 2841 1049 2926 efflagitat,
1083 2841 1239 2907 fratribus
1268 2846 1302 2907 et
1332 2846 1541 2931 coepiscopis
1599 2896 1601 2901 -

254 2946 372 3009 nost-ris
396 2944 590 3027 apostolicae
612 2943 696 3007 seclis
724 2943 885 3028 legatione
906 2944 1118 3029 fungentibus
1140 2943 1191 3008 vel
1213 2966 1286 3009 cum
1309 2944 1454 3013 domino
1474 2948 1541 3013 filio

253 3050 363 3111 nostro
391 3046 639 3110 clementissimo
674 3046 819 3129 principe
853 3046 902 3109 vel
934 3068 1005 3110 cum
1032 3050 1089 3111 tua
1117 3046 1289 3111 dilectione
1319 3048 1541 3135 colloquenda
1599 3100 1601 3131 ,

253 3149 491 3214 mandavimus:
513 3149 641 3233 quac⁴¹)
657 3169 793 3231 aequum
815 3151 864 3211 est
886 3152 919 3211 et
940 3170 998 3232 pro
1021 3148 1198 3214 catholicae
1212 3148 1287 3214 fidei
1303 3150 1541 3219 observatione
1599 3172 1601 3237 ζ

253 3462 346 3525 spicis,
366 3461 475 3525 quiesctt
533 3460 630 3509 asserir
647 3474 703 3508 erre
720 3459 880 3523 participem.
910 3453 1047 3524 saginare
1064 3454 1147 3509 simul
1163 3454 1291 3525 pontifex
1308 3434 1432 3515 ridetur
1443 3458 1539 3515 ducii
1599 3494 1601 3505 ι

255 3541 457 3609 arrogantiam,
476 3556 572 3609 quase
585 3539 746 3593 univorsalis
757 3539 896 3594 Ecclesiae
908 3540 1071 3609 episcopum
1082 3533 1259 3609 (ἄρχοντα)
1275 3540 1377 3597 facere
1389 3542 1538 3599 tendehat
1598 3548 1601 3607 l

322 3628 356 3693 ⁸⁵)
373 3626 418 3680 lta
434 3625 466 3679 ΕΙ
480 3626 522 3679 E‘.
544 3624 621 3679 Editi
639 3642 702 3679 cum
719 3624 753 3679 F*
764 3624 801 3678 Η8
820 3630 865 3679 Ad
880 3636 905 3679 ie
918 3634 1004 3681 oculor
1070 3644 1135 3695 quoe
1152 3631 1192 3681 cel
1207 3645 1236 3680 re
1254 3625 1302 3695 (1·Ἰ
1318 3646 1371 3698 que
1391 3636 1437 3685 nel
1449 3634 1540 3685 kene
1599 3650 1601 3655 ·

255 3715 337 3778 noth)
409 3717 476 3765 iuter
498 3730 557 3764 usna
576 3709 619 3775 (m
637 3716 707 3764 inira
725 3729 796 3774 rrarcr,
815 3710 849 3762 E²
867 3715 892 3763 in
910 3730 983 3773 asur,
1007 3710 1040 3763 ΕΙ
1058 3716 1084 3763 ia
1102 3712 1189 3779 auru)
1261 3717 1334 3767 iales
1350 3712 1402 3779 (P
1419 3714 1462 3769 Η*
1477 3716 1541 3783 iare)

254 3816 366 3865 campus.
401 3794 508 3850 Deinde
529 3794 563 3848 Ε1
576 3794 610 3847 E*
627 3801 747 3865 sopitum,
770 3794 804 3847 F²
815 3795 853 3848 H²
870 3801 1021 3864 repositum,
1044 3794 1094 3849 ubi
1111 3796 1138 3849 ο*
1149 3797 1175 3849 e·
1187 3798 1214 3849 0⁷
1230 3801 1398 3865 domn,
1416 3798 1469 3855 ulii
1485 3806 1540 3857 fi·
1598 3832 1601 3847 .

255 3887 372 3951 positum.
527 3896 531 3901 '
1599 3916 1601 3953 ς

322 3968 356 4033 ³⁶)
374 3966 417 4019 lta
434 3965 467 4019 ΕΙ
481 3965 515 4019 E²
526 3965 560 4019 F²
572 3965 622 4033 ΠΒ,
640 3966 709 4021 editi
726 3975 830 4019 amirato.
858 3964 923 4019 Mox
941 3965 973 4019 E¹
986 3966 1021 4019 E²
1032 3985 1061 4020 ae
1073 3976 1193 4029 conatur,
1209 3964 1249 4021 fl*
1260 3964 1296 4020 ΙΝ
1311 3972 1467 4027 sicem
1478 3970 1539 4025 loco
1599 4032 1601 4037 ,

253 4058 361 4107 εἰκαίαν.

321 4137 354 4203 ⁸²)
371 4134 413 4189 Ex
425 4152 471 4203 eo,
489 4136 565 4203 quod
576 4136 609 4190 F²
621 4136 657 4189 11⁵
675 4144 733 4190 licei
751 4142 887 4205 disperare
905 4136 948 4203 (ΙΝ
961 4138 1127 4205 desperare),
1144 4136 1225 4199 E¹E¹
1237 4158 1288 4193 non
1305 4144 1373 4195 licet
1383 4146 1540 4213 demur.
1598 4156 1601 4175 ¹

255 4220 324 4275 editi
340 4221 439 4290 legunt
456 4227 514 4275 licet
531 4241 649 4290 sperare.
680 4221 764 4276 Forte
781 4221 918 4291 probatur
934 4221 1027 4291 prima
1043 4222 1140 4289 lectio,
1158 4221 1211 4278 etsi
1228 4240 1284 4278 vox
1301 4228 1452 4295 dapem
1468 4226 1540 4283 sliu

254 4306 299 4359 six
317 4305 465 4361 invenitur.
479 4336 517 4361 .-
534 4305 641 4361 Deinde
659 4306 728 4360 editi
746 4324 809 4360 cum
826 4306 859 4359 Ρ*
876 4313 1022 4375 accipimur.

323 4394 355 4460 ³¹³)
373 4392 418 4445 Ita
434 4391 467 4444 Ε1
486 4392 532 4455 Ec
550 4392 584 4445 F’
600 4392 638 4444 Ha
656 4412 705 4468 qap
722 4398 802 4447 eidem
820 4398 986 4461 coaprueuiia
1002 4404 1073 4457 arcui,
1096 4392 1165 4447 edin
1181 4400 1226 4464 qni
1241 4414 1275 4449 ea
1292 4414 1363 4465 que
1382 4416 1409 4453 e.
1428 4418 1454 4457 e.
1471 4408 1539 4455 ad.

322 4478 355 4543 θ’)
373 4478 418 4531 lta
434 4476 468 4529 E*
481 4477 515 4529 E²
527 4477 560 4529 F²
572 4477 621 4542 lla
639 4476 709 4531 editi
726 4483 769 4547 qai
780 4487 814 4533 ie.
843 4477 909 4531 Mox
927 4477 995 4532 editi
1012 4482 1199 4533 hortationibus
1275 4499 1310 4535 ea
1325 4492 1393 4551 pose
1411 4486 1481 4539 hee
1496 4488 1541 4539 dr·

254 4567 318 4616 vitea
336 4560 379 4627 (h'²
397 4582 429 4615 eo
446 4571 472 4615 et
488 4564 562 4629 hoec)
636 4582 682 4617 nec
698 4568 778 4632 raupta
850 4573 874 4616 ie
894 4567 1001 4630 [credant.
1032 4562 1148 4619 Codices
1164 4564 1277 4619 nostro!
1295 4566 1465 4637 occulimur,
1486 4566 1540 4623 ΙΙίΙ

256 4646 331 4714 (μιοιΙ
348 4646 381 4699 1⁶¹²
393 4642 431 4699 Η9
448 4656 474 4701 et
490 4653 570 4715 napis
645 4658 669 4701 te
684 4652 792 4711 fociant.

323 4734 356 4799 ⁴⁰)
375 4731 406 4783 E¹
419 4731 454 4785 E²
466 4735 591 4791 tahar-me,
610 4731 643 4783 F*
655 4730 692 4784 fla
705 4736 829 4795 ianorme,
847 4732 915 4787 editi
927 4753 977 4788 nou
990 4754 1055 4802 opus
1070 4739 1122 4803 fail
1182 4754 1300 4807 quaeque
1311 4742 1419 4795 elilim
1480 4760 1539 4797 eoe-

255 4822 369 4885 piscopr'a
386 4823 552 4885 apostolieae.

307 4890 357 4971 ⁸⁴¹)
375 4904 419 4959 lla
439 4922 501 4959 urus.
522 4905 622 4969 nostri,
645 4904 697 4957 uisi
719 4904 794 4973 quod
811 4903 844 4959 E¹
862 4912 1070 4965 aaa-enimuero.
1108 4907 1182 4963 Editi
1205 4910 1277 4979 qnod
1351 4916 1540 4967 necessaria.
