3450 5678
248 528 273 565 a.
284 516 335 564 las

245 585 338 632 -ruu

352 335 415 398 466
539 382 541 389 .
829 345 1151 397 semmurum

437 504 543 586 hiber,
574 504 627 587 qui
657 503 838 588 appellatur
866 502 1071 566 Poenitentia
1103 503 1240 566 Jamnac
1268 505 1302 566 et
1329 501 1512 585 Mambrae,
1551 525 1627 588 apo-

353 609 502 690 cryphus.
731 643 737 652 ·
1002 649 1007 661 ,

436 708 542 790 Liber,
566 709 619 792 qui
643 703 823 792 appellatur
845 707 953 772 Sortes
966 709 1006 794 ⁰⁵)
1030 707 1256 792 apostolorum,
1281 708 1494 792 apocryphus.

435 811 540 893 hiber,
563 810 617 893 qui
640 810 821 894 appellatur
843 810 974 896 ausae)
999 810 1225 894 apostolorum,
1250 809 1464 894 apocryphus.

434 912 587 997 Libere),
612 912 665 995 qui
688 911 869 995 appellatur
891 911 1040 976 Oenones
1063 913 1290 998 apostolorum,
1315 912 1530 996 apocryphus.

433 1015 529 1078 hiber
550 1013 761 1098 physiologus
784 1015 871 1099 ab⁶⁸)
894 1013 1065 1079 haereticis
1082 1015 1282 1100 conscriptus
1305 1019 1338 1079 ct
1353 1014 1441 1079 beati
1459 1015 1631 1080 Ambrosii

348 1117 498 1181 nominoe
521 1117 757 1201 praesignatus,
782 1116 993 1201 apocryphus.

432 1221 459 1283 8.
505 1218 697 1304 Historiae)
720 1218 852 1292 Eusebii
873 1219 1036 1304 Pamphili
1059 1219 1253 1303 apocrypha.

413 1428 446 1492 l⁵)
464 1423 539 1477 Editi
557 1424 648 1477 Sortes
664 1412 812 1477 sanctonus
827 1436 919 1492 apost,
938 1423 970 1476 0²
982 1423 1016 1477 F'
1033 1444 1092 1478 sors
1110 1431 1292 1492 apostolorum.
1310 1423 1464 1493 Vulgatum
1481 1423 1538 1479 hoc
1556 1443 1630 1496 opu·

246 1546 261 1567 0
320 1509 453 1563 “sculum
471 1510 560 1563 estin
580 1514 641 1564 Cori.
660 1530 716 1562 eon.
735 1519 783 1562 vet.
802 1516 864 1563 ecel.
884 1514 953 1562 Rom.
973 1529 1008 1562 ex
1026 1513 1135 1564 biblioth.
1157 1515 1188 1562 Ι).
1207 1516 1232 1562 Ie
1251 1515 1373 1564 Pelletier
1390 1526 1456 1579 pag.
1474 1516 1535 1565 ³70.

412 1598 446 1663 ⁶⁶)
464 1595 527 1649 Mss.
547 1596 611 1649 0a¹
626 1611 659 1649 ec
678 1593 720 1661 (0²
743 1610 796 1648 sec.
814 1612 897 1648 manu
915 1594 1042 1664 proximo
1059 1594 1151 1649 versui
1175 1594 1334 1665 adscripsit)
1352 1599 1434 1649 Laus.
1453 1594 1534 1649 Oolb.
1552 1595 1628 1650 Hor-

346 1679 452 1734 mindae
470 1685 547 1734 Jussa
560 1686 753 1749 sportularum,-
776 1679 849 1733 uudc
868 1680 940 1733 sorte
956 1678 975 1731 i*
989 1678 1010 1731 i²
1027 1684 1074 1732 Jus
1092 1685 1272 1749 apostolorum.
1304 1679 1333 1733 C'
1347 1679 1379 1733 F'
1392 1679 1426 1733 F‘
1437 1679 1471 1733 F'
1484 1679 1520 1734 F*
1532 1679 1571 1734 F*
1583 1680 1626 1735 F·

345 1766 380 1819 Κ*
393 1765 430 1819 Η8
443 1770 515 1819 Lusa
527 1762 576 1833 (llk
590 1766 693 1833 Lusca).
721 1763 794 1818 Num
806 1764 922 1818 verbum
934 1770 990 1818 lusu
1003 1783 1055 1835 pro
1070 1773 1137 1820 lucra
1148 1765 1280 1835 irrepsit?
1306 1766 1349 1818 An
1361 1771 1417 1820 oua
1429 1782 1447 1819 a
1457 1771 1528 1827 ludo,
1541 1767 1629 1834 qnasi

345 1850 403 1903 ludi
421 1850 611 1919 apostolorum
623 1834 734 1904 'dictum
757 1851 817 1904 est?
839 1881 872 1889 -
894 1849 981 1904 Porro
1008 1849 1127 1905 lectione
1150 1849 1316 1904 Hormisdou
1342 1850 1545 1920 exemplarium
1573 1857 1627 1906 Jur

344 1935 389 1989 vel
405 1940 483 1989 Jussu
501 1943 672 2003 apostolorum
690 1934 901 1989 constitutiones
920 1934 1110 2004 apostolorum
1128 1935 1232 2002 notari,
1251 1935 1296 1989 vix
1314 1934 1430 1990 dubium
1448 1938 1499 1991 ess

412 2024 445 2089 67)
464 2021 552 2075 Totus
573 2021 625 2074 iste
644 2038 737 2074 versus
758 2024 823 2075 liber
845 2027 889 2090 qui
906 2026 1052 2088 appellatur
1071 2025 1187 2075 Oenones
1204 2028 1377 2089 apostolorum
1399 2025 1569 2090 unoeryptus
1595 2023 1626 2077 in

345 2105 377 2159 0²
389 2106 423 2159 F*
435 2105 469 2159 F*
481 2105 564 2159 H¹²O
584 2105 765 2160 desideratur.
801 2104 937 2158 Eumdem
956 2106 985 2158 et
1006 2105 1034 2158 in
1053 2105 1147 2159 codice
1166 2122 1214 2159 suo
1233 2105 1353 2159 defuisse
1376 2105 1461 2175 plane
1478 2106 1626 2176 signifieat

344 2191 508 2245 Hincmarns
525 2191 573 2245 lib.
593 2196 625 2245 55
644 2191 768 2260 capitum
786 2207 846 2259 cap.
866 2196 912 2257 24,
930 2191 978 2244 ubi
995 2191 1104 2245 scribit:
1131 2195 1165 2246 B.
1187 2196 1302 2245 Gelenius
1319 2197 1345 2245 in
1362 2197 1481 2262 caulone
1499 2198 1545 2262 qui
1562 2197 1627 2247 nuri

343 2281 375 2330 ab
393 2281 513 2331 Ecclesia
530 2281 656 2331 catholiea
673 2283 833 2346 recipiuntur
855 2281 985 2343 descripto
1059 2281 1091 2329 de
1109 2280 1247 2330 canonibus
1264 2283 1438 2345 apostolorum
1458 2283 1566 2346 penitus
1585 2290 1625 2333 ur·

343 2368 407 2425 cuit,
429 2368 478 2416 sed
494 2382 540 2416 nee
562 2369 630 2417 inter
652 2366 802 2430 apocrypho
820 2367 893 2414 miste.
929 2360 1061 2414 Dallaeus
1078 2360 1191 2429 quidem
1211 2377 1263 2431 pro
1285 2363 1429 2431 postremo
1445 2362 1535 2417 verbe
1553 2370 1626 2418 nisu

342 2447 492 2516 legendum
509 2447 593 2517 putat
610 2453 702 2508 omissa
722 2446 771 2500 sed
789 2446 861 2500 hauc
879 2445 1081 2499 correctionem
1098 2464 1155 2500 nou
1168 2446 1293 2500 admittit
1310 2447 1466 2516 praemissa
1476 2448 1626 2504 sententis

342 2538 374 2586 de
392 2536 530 2587 carioribus
548 2539 719 2601 apostolorum
735 2539 838 2600 penitus
855 2537 945 2588 taurii.
973 2530 1068 2597 Mitto,
1089 2534 1118 2585 et
1135 2531 1316 2586 Hinemarum
1328 2531 1428 2588 Isidori
1442 2531 1625 2599 collectione,

341 2616 370 2670 in
389 2635 444 2685 qua
462 2618 496 2672 de
519 2617 617 2672 iisdem
635 2617 741 2688 pariter
759 2615 880 2683 tacetur,
904 2617 945 2670 nti
969 2615 1148 2671 consuevisse.
1185 2616 1426 2672 Praetermissioni
1447 2617 1514 2673 huic
1530 2618 1624 2675 dubio

340 2704 439 2773 procul
461 2703 634 2757 occasionem
657 2703 734 2756 dedit
759 2702 885 2771 superior
907 2702 1039 2756 articulus
1069 2701 1168 2757 iisdem
1191 2702 1283 2757 verbis
1307 2702 1423 2770 (scilicet
1442 2711 1624 2772 apostolorum

340 2792 513 2858 apocryphus)
532 2787 639 2859 pariter
656 2787 792 2842 desinens.
824 2785 906 2841 Certe
923 2787 970 2841 illc
987 2805 1084 2841 versus
1101 2786 1211 2857 integer
1228 2790 1385 2843 asservatur
1402 2788 1432 2843 in
1449 2795 1465 2843 2
1483 2791 1624 2846 nuntio

340 2873 418 2928 ribus
429 2872 505 2928 Colb.
520 2873 561 2940 (0¹
576 2873 636 2942 F¹?)
654 2873 692 2926 Η3
701 2873 741 2926 Hs
752 2873 786 2926 F’
798 2872 832 2926 F*¹
844 2872 884 2925 Fm
898 2876 923 2926 a*
938 2890 975 2926 ec.
999 2873 1080 2927 Unde
1092 2873 1193 2927 mirum
1205 2891 1261 2928 non
1273 2875 1325 2940 est,
1343 2873 1473 2928 eumdem
1484 2874 1514 2930 in
1525 2877 1624 2931 tribus

340 2959 413 3025 aliis,
432 2976 550 3026 quorum
568 2976 621 3028 ope
640 2958 782 3012 decretum
800 2958 853 3011 hoc
871 2958 907 3012 ab
926 2958 1075 3013 Hormisda
1093 2959 1270 3028 recognitum
1287 2959 1324 3014 ad
1341 2976 1393 3013 nos
1410 2960 1555 3029 pervenit,
1579 2979 1624 3017 re

340 3047 448 3098 tentum
467 3061 535 3098 esse.
573 3043 604 3097 ld
622 3045 729 3109 tamen,
748 3043 822 3111 quod
841 3043 1005 3098 l'earsonius
1023 3044 1088 3098 indo
1107 3043 1237 3113 consequi
1254 3045 1350 3114 putat,
1374 3043 1482 3099 scilieet
1498 3045 1556 3101 hoc
1574 3047 1623 3101 dc·

341 3132 447 3184 cretum
470 3147 532 3183 cum
561 3128 688 3198 genuinis
713 3128 816 3183 Gelasii
838 3128 947 3198 scriptis
973 3146 1100 3199 pugnare
1123 3130 1248 3198 adeoquo
1271 3128 1308 3183 ab
1333 3129 1381 3182 illo
1403 3129 1526 3184 ahenum
1551 3149 1622 3197 esse,

339 3216 452 3270 minime
470 3215 523 3285 ipsi
542 3214 748 3270 concedendum
767 3215 816 3267 cst.
847 3214 944 3283 Neque
963 3214 1036 3267 enim
1053 3214 1077 3268 is
1094 3231 1182 3284 papa,
1205 3217 1237 3268 ut
1253 3213 1377 3269 cmditus
1393 3211 1443 3270 ill!
1458 3215 1503 3270 rir
1517 3217 1621 3283 voluit,

340 3316 459 3354 canones
482 3301 685 3371 apostolorum,
708 3298 758 3354 sed
782 3298 960 3353 conciliorum
983 3298 1097 3354 decreta
1119 3316 1166 3366 ea,
1193 3316 1266 3369 quae
1288 3299 1480 3369 apostolorum
1501 3303 1620 3358 nomine

339 3385 456 3439 subinde
474 3386 580 3441 donata
598 3387 675 3450 sunt,
699 3401 817 3453 usquam
840 3385 951 3454 probat.
989 3384 1062 3438 Sane
1083 3385 1189 3439 frustra
1207 3385 1341 3452 ostendit,
1364 3402 1382 3440 a
1399 3385 1513 3441 Gelasio
1532 3388 1618 3459 epist

341 3476 372 3522 14
385 3487 408 3524 e.
423 3477 453 3524 17
473 3470 506 3525 do
519 3472 565 3537 iis,
584 3477 628 3540 qur·
643 3476 791 3538 seuretipsos
803 3475 978 3533 absciderunt,
997 3472 1189 3539 apostolorum
1201 3487 1335 3525 canonem
1347 3476 1380 3524 22
1392 3470 1511 3538 landari,
1529 3489 1620 3540 quum

339 3555 378 3608 ibi
396 3555 489 3625 potius
506 3557 691 3611 Nicaenorum
709 3557 821 3625 patrum
840 3571 928 3610 canon
943 3562 954 3609 1
973 3554 1111 3609 laudetur.
1142 3556 1185 3609 lta
1203 3558 1232 3610 et
1249 3555 1324 3625 qnod
1341 3554 1417 3610 idem
1433 3572 1513 3627 papa
1528 3555 1560 3612 in
1573 3574 1619 3613 es-

339 3638 403 3692 dem
421 3641 500 3710 epist.
521 3659 581 3711 eap.
600 3648 634 3695 24
652 3641 972 3696 adversusSimoniacos
990 3641 1146 3707 constituit,
1163 3658 1219 3695 non
1237 3657 1272 3695 ex
1289 3657 1349 3696 can.
1368 3647 1403 3696 80
1419 3641 1619 3711 apostolorum

339 3724 387 3778 sed
411 3742 443 3778 ex
467 3726 699 3782 Carlchedoncnsis
722 3726 868 3781 canonis?
890 3726 1065 3796 praescripto
1088 3725 1254 3782 decernitur.
1295 3725 1337 3780 Dc
1359 3724 1524 3796 hujusmodi
1546 3727 1618 3785 loci·

338 3809 486 3880 Dionysius
503 3812 627 3880 Exiguus
644 3812 673 3868 in
691 3811 866 3882 praefatione
885 3811 978 3881 aptius
995 3813 1104 3866 locutus
1117 3814 1172 3880 cst,
1191 3810 1240 3866 ubi
1252 3810 1305 3865 ait:
1324 3815 1450 3875 canones,
1468 3819 1514 3884 qn·
1525 3818 1617 3870 din·-

337 3906 380 3950 tur
397 3905 580 3966 apostolorum,
605 3904 637 3952 de
658 3919 753 3967 praeco
777 3902 964 3954 transtulimus:
986 3902 1075 3968 quibus
1098 3907 1158 3968 qula
1179 3902 1283 3966 plurimi
1298 3915 1446 3952 comesum
1463 3904 1515 3954 n'on
1533 3920 1617 3970 pree-

337 3988 414 4037 duerc
429 3987 545 4050 facilem,
563 3987 611 4036 loc
628 3978 709 4051 ipisus
721 3989 842 4052 ipuorure
854 3995 963 4038 ossuum
975 3990 1096 4038 noluimus
1107 3990 1279 4046 sanctiorem,
1299 3989 1410 4054 quanvis
1423 3994 1521 4051 postea
1533 4006 1618 4057 que·

337 4075 394 4122 darn
416 4074 553 4122 constituta
575 4073 720 4137 pontificum
743 4089 779 4123 ex
800 4075 864 4137 ipris
887 4073 1024 4124 canonibus
1047 4081 1175 4138 assumpta
1197 4089 1254 4126 esse
1275 4075 1417 4127 videnum
1453 4068 1520 4125 Non
1539 4071 1617 4127 enirn

336 4155 441 4209 temere
460 4165 588 4222 assumpte
605 4160 667 4215 sint,
686 4153 736 4208 sed
753 4166 884 4222 assruupta
902 4174 958 4209 esse
975 4160 1110 4209 uideantur
1127 4155 1248 4225 prudens
1266 4155 1342 4210 dicit.
1372 4153 1429 4208 Sed
1446 4169 1503 4209 nen
1522 4156 1617 4212 multo

336 4242 484 4310 postquam
503 4256 520 4292 a
538 4239 670 4308 Dionysio
692 4238 833 4293 latinitate
856 4240 952 4294 donati
973 4242 1037 4294 sunt
1053 4240 1093 4294 illi
1112 4257 1245 4306 canones,
1268 4241 1354 4296 etiam
1375 4256 1474 4295 eorum
1490 4242 1616 4298 anctori-

214 4314 229 4325 *
335 4326 395 4379 tate
413 4324 532 4378 Romani
549 4324 690 4393 praesules
708 4323 929 4394 nominatimque
947 4325 1088 4381 Johnnnes
1106 4327 1132 4380 11
1151 4326 1262 4396 epistt
1280 4326 1317 4381 ad
1334 4325 1498 4381 Caesarium
1518 4329 1553 4383 et
1568 4327 1616 4383 Vr·

336 4409 418 4478 gilius
437 4411 545 4479 epist2
564 4408 599 4462 ad
611 4409 790 4464 Profuturum
808 4409 849 4464 uti
867 4413 1027 4480 coeperunt.
1058 4410 1233 4481 Quamquam
1251 4411 1280 4465 in
1298 4426 1346 4466 cos
1363 4427 1487 4467 canones
1497 4428 1617 4486 semper

335 4494 461 4549 manebit
481 4500 624 4564 apocryphi
641 4512 757 4549 censura
775 4513 808 4549 eo
827 4494 950 4563 nomine,
974 4513 1029 4565 quo
1047 4497 1232 4566 Hieronymus
1254 4513 1297 4567 ep.
1312 4502 1327 4551 7
1345 4495 1382 4551 ad
1400 4496 1522 4552 Laetum
1546 4514 1616 4570 apo

336 4581 441 4650 crypha
459 4579 567 4647 definit,
585 4602 650 4651 quae
668 4602 717 4636 uon
735 4593 793 4636 suut
811 4601 907 4647 eorum,
928 4603 1032 4651 quorum
1051 4588 1130 4637 titulis
1146 4593 1330 4652 pronascatur.

401 4669 434 4733 ⁶⁸)
452 4665 529 4719 Editi
547 4683 609 4719 cum
627 4665 659 4719 θ’
671 4666 704 4719 pv
723 4673 766 4736 qui
781 4670 814 4720 ub
878 4675 1038 4737 conscriptus
1056 4680 1095 4722 est
1167 4674 1282 4738 dunatus
1298 4666 1342 4735 (θ’
1353 4666 1388 4722 F·
1403 4673 1614 4742 previam-s).

335 4750 443 4806 Citatur
461 4751 506 4806 hie
525 4756 690 4820 Physioloqus
708 4751 793 4805 etiam
811 4768 829 4805 a
846 4750 993 4807 Vincentio
1011 4752 1201 4809 Bellovacensi
1219 4752 1328 4825 Specul.
1347 4755 1439 4808 notin.
1452 4753 1516 4822 vn,
1529 4762 1575 4813 68.

401 4841 434 4904 ⁸⁹)
452 4837 514 4890 Duo
532 4838 578 4892 hie
596 4837 780 4892 observanda:
799 4837 919 4906 primurn
938 4839 1091 4905 Gelasium,
1109 4857 1195 4908 quum
1213 4842 1242 4895 ot
1259 4839 1386 4910 superius
1403 4839 1545 4897 historiae
1562 4843 1617 4899 Eu·

334 4921 403 4977 scbii
426 4923 513 4977 libros
535 4941 590 4978 non
613 4939 810 4992 usquequaque
828 4930 972 4980 renuendos
989 4925 1147 4995 praedicat,
1171 4928 1200 4980 et
1217 4942 1289 4980 nune
1307 4924 1437 4981 camdem
1458 4925 1617 4986 historiam
