<?xml version="1.0" encoding="UTF-8"?>
<!DOCTYPE html PUBLIC "-//W3C//DTD XHTML 1.0 Transitional//EN"
    "http://www.w3.org/TR/xhtml1/DTD/xhtml1-transitional.dtd">
<html xmlns="http://www.w3.org/1999/xhtml" xml:lang="en" lang="en">
 <head>
  <title>
</title>
<meta http-equiv="Content-Type" content="text/html;charset=utf-8" />
  <meta name='ocr-system' content='tesseract 3.04.00' />
  <meta name='ocr-capabilities' content='ocr_page ocr_carea ocr_par ocr_line ocrx_word'/>
</head>
<body>
  <div class='ocr_page' id='page_1' title='image "./epistolaeromano00cousgoog/epistolaeromano00cousgoog_0226.png"; bbox 0 0 3450 5678; ppageno 0'>
   <div class='ocr_carea' id='block_1_1' title="bbox 731 309 1516 415">
    <p class='ocr_par' dir='ltr' id='par_1_1' title="bbox 731 309 1516 415">
     <span class='ocr_line' id='line_1_1' title="bbox 731 309 1516 415; baseline 0.01 -49"><span class='ocrx_word' id='word_1_1' title='bbox 731 317 927 415; x_wconf 61' lang='lat' dir='ltr'><strong>spiscopus</strong></span> <span class='ocrx_word' id='word_1_2' title='bbox 950 309 979 368; x_wconf 77' lang='lat'><strong>2.</strong></span> <span class='ocrx_word' id='word_1_3' title='bbox 1003 310 1031 368; x_wconf 86' lang='lat'><strong>3.</strong></span> <span class='ocrx_word' id='word_1_4' title='bbox 1129 312 1131 317; x_wconf 81' lang='grc'>’</span> <span class='ocrx_word' id='word_1_5' title='bbox 1456 309 1516 374; x_wconf 78' lang='grc'><strong>179</strong></span> 
     </span>
    </p>
   </div>
   <div class='ocr_carea' id='block_1_2' title="bbox 212 463 1621 2199">
    <p class='ocr_par' dir='ltr' id='par_1_2' title="bbox 212 463 1621 2199">
     <span class='ocr_line' id='line_1_2' title="bbox 212 463 1621 579; baseline 0.001 -39"><span class='ocrx_word' id='word_1_6' title='bbox 212 468 396 579; x_wconf 69' lang='lat' dir='ltr'><strong>quidquid</strong></span> <span class='ocrx_word' id='word_1_7' title='bbox 432 473 509 536; x_wconf 87' lang='lat' dir='ltr'><strong>ante</strong></span> <span class='ocrx_word' id='word_1_8' title='bbox 542 491 577 535; x_wconf 88' lang='lat' dir='ltr'><strong>se</strong></span> <span class='ocrx_word' id='word_1_9' title='bbox 610 471 809 558; x_wconf 85' lang='lat' dir='ltr'><strong>principibus</strong></span> <span class='ocrx_word' id='word_1_10' title='bbox 840 463 971 557; x_wconf 78' lang='lat' dir='ltr'><strong>pia&#39;est</strong></span> <span class='ocrx_word' id='word_1_11' title='bbox 997 473 1152 537; x_wconf 90' lang='lat' dir='ltr'><strong>traditum</strong></span> <span class='ocrx_word' id='word_1_12' title='bbox 1180 472 1327 540; x_wconf 88' lang='lat' dir='ltr'><strong>lectione.</strong></span> <span class='ocrx_word' id='word_1_13' title='bbox 1378 476 1439 540; x_wconf 89' lang='lat' dir='ltr'><strong>Illa</strong></span> <span class='ocrx_word' id='word_1_14' title='bbox 1468 481 1621 542; x_wconf 71' lang='lat' dir='ltr'><strong>estatio.</strong></span> 
     </span>
     <span class='ocr_line' id='line_1_3' title="bbox 219 571 1515 666; baseline 0.002 -26"><span class='ocrx_word' id='word_1_15' title='bbox 219 597 377 666; x_wconf 55' lang='lat' dir='ltr'><strong>namque</strong></span> <span class='ocrx_word' id='word_1_16' title='bbox 402 571 589 659; x_wconf 75' lang='lat' dir='ltr'><strong>perennitas</strong></span> <span class='ocrx_word' id='word_1_17' title='bbox 612 575 768 660; x_wconf 76' lang='lat' dir='ltr'>regnique</span> <span class='ocrx_word' id='word_1_18' title='bbox 791 598 848 660; x_wconf 89' lang='lat' dir='ltr'><strong>per</strong></span> <span class='ocrx_word' id='word_1_19' title='bbox 870 576 984 641; x_wconf 90' lang='lat' dir='ltr'><strong>seriem</strong></span> <span class='ocrx_word' id='word_1_20' title='bbox 1007 576 1218 662; x_wconf 83' lang='lat' dir='ltr'><strong>propaganda</strong></span> <span class='ocrx_word' id='word_1_21' title='bbox 1233 576 1464 665; x_wconf 82' lang='lat' dir='ltr'><strong>posteritas¹¹),</strong></span> <span class='ocrx_word' id='word_1_22' title='bbox 1489 581 1515 643; x_wconf 93' lang='lat' dir='ltr'><strong>si</strong></span> 
     </span>
     <span class='ocr_line' id='line_1_4' title="bbox 225 675 1282 762; baseline -0.003 -15"><span class='ocrx_word' id='word_1_23' title='bbox 225 698 261 761; x_wconf 71' lang='lat' dir='ltr'><strong>in</strong></span> <span class='ocrx_word' id='word_1_24' title='bbox 279 697 480 751; x_wconf 75' lang='lat' dir='ltr'><strong>successore</strong></span> <span class='ocrx_word' id='word_1_25' title='bbox 501 675 670 761; x_wconf 89' lang='lat' dir='ltr'><strong>reperitur,</strong></span> <span class='ocrx_word' id='word_1_26' title='bbox 694 677 778 762; x_wconf 92' lang='lat' dir='ltr'><strong>quod</strong></span> <span class='ocrx_word' id='word_1_27' title='bbox 801 701 820 742; x_wconf 87' lang='lat' dir='ltr'><strong>a</strong></span> <span class='ocrx_word' id='word_1_28' title='bbox 842 677 1085 762; x_wconf 77' lang='lat' dir='ltr'><strong>praedecessore</strong></span> <span class='ocrx_word' id='word_1_29' title='bbox 1108 678 1282 745; x_wconf 86' lang='lat' dir='ltr'><strong>descendit.</strong></span> 
     </span>
     <span class='ocr_line' id='line_1_5' title="bbox 312 778 1515 865; baseline -0.001 -16"><span class='ocrx_word' id='word_1_30' title='bbox 312 785 344 849; x_wconf 86' lang='lat'><strong>3.</strong></span> <span class='ocrx_word' id='word_1_31' title='bbox 404 778 524 845; x_wconf 87' lang='lat' dir='ltr'><strong>Hortor</strong></span> <span class='ocrx_word' id='word_1_32' title='bbox 545 801 634 865; x_wconf 81' lang='lat' dir='ltr'><strong>ergo,</strong></span> <span class='ocrx_word' id='word_1_33' title='bbox 663 780 766 844; x_wconf 88' lang='lat' dir='ltr'><strong>frater</strong></span> <span class='ocrx_word' id='word_1_34' title='bbox 788 781 962 865; x_wconf 82' lang='lat' dir='ltr'><strong>carissime,</strong></span> <span class='ocrx_word' id='word_1_35' title='bbox 992 785 1029 845; x_wconf 91' lang='lat' dir='ltr'><strong>ut</strong></span> <span class='ocrx_word' id='word_1_36' title='bbox 1055 783 1157 847; x_wconf 91' lang='lat' dir='ltr'><strong>modis</strong></span> <span class='ocrx_word' id='word_1_37' title='bbox 1179 782 1326 846; x_wconf 88' lang='lat' dir='ltr'><strong>oninibus</strong></span> <span class='ocrx_word' id='word_1_38' title='bbox 1348 783 1515 848; x_wconf 79' lang='lat' dir='ltr'><strong>faciendae</strong></span> 
     </span>
     <span class='ocr_line' id='line_1_6' title="bbox 239 882 1515 977; baseline 0.002 -29"><span class='ocrx_word' id='word_1_39' title='bbox 239 884 343 977; x_wconf 66' lang='lat' dir='ltr'><strong>synodi</strong></span> <span class='ocrx_word' id='word_1_40' title='bbox 378 902 602 967; x_wconf 81' lang='lat' dir='ltr'><strong>perversorum</strong></span> <span class='ocrx_word' id='word_1_41' title='bbox 631 882 798 947; x_wconf 89' lang='lat' dir='ltr'><strong>conatibus</strong></span> <span class='ocrx_word' id='word_1_42' title='bbox 821 883 997 966; x_wconf 78' lang='lat' dir='ltr'><strong>resistatur,</strong></span> <span class='ocrx_word' id='word_1_43' title='bbox 1027 907 1108 969; x_wconf 85' lang='lat' dir='ltr'><strong>quae</strong></span> <span class='ocrx_word' id='word_1_44' title='bbox 1131 907 1196 948; x_wconf 89' lang='lat' dir='ltr'><strong>non</strong></span> <span class='ocrx_word' id='word_1_45' title='bbox 1220 884 1298 948; x_wconf 83' lang='lat' dir='ltr'><strong>olias</strong></span> <span class='ocrx_word' id='word_1_46' title='bbox 1321 906 1446 970; x_wconf 85' lang='lat' dir='ltr'><strong>semper</strong></span> <span class='ocrx_word' id='word_1_47' title='bbox 1467 888 1515 951; x_wconf 90' lang='lat' dir='ltr'><strong>in-</strong></span> 
     </span>
     <span class='ocr_line' id='line_1_7' title="bbox 245 984 1514 1070; baseline -0.001 -16"><span class='ocrx_word' id='word_1_48' title='bbox 245 992 323 1059; x_wconf 77' lang='lat' dir='ltr'><strong>dicte</strong></span> <span class='ocrx_word' id='word_1_49' title='bbox 340 988 413 1069; x_wconf 84' lang='lat' dir='ltr'><strong>est,</strong></span> <span class='ocrx_word' id='word_1_50' title='bbox 434 984 496 1049; x_wconf 85' lang='lat' dir='ltr'><strong>nisi</strong></span> <span class='ocrx_word' id='word_1_51' title='bbox 518 1006 624 1069; x_wconf 82' lang='lat' dir='ltr'><strong>quum</strong></span> <span class='ocrx_word' id='word_1_52' title='bbox 638 985 758 1070; x_wconf 90' lang='lat' dir='ltr'><strong>aliquid</strong></span> <span class='ocrx_word' id='word_1_53' title='bbox 780 986 815 1049; x_wconf 89' lang='lat' dir='ltr'><strong>in</strong></span> <span class='ocrx_word' id='word_1_54' title='bbox 838 986 945 1069; x_wconf 88' lang='lat' dir='ltr'><strong>pravis</strong></span> <span class='ocrx_word' id='word_1_55' title='bbox 972 987 1118 1050; x_wconf 90' lang='lat' dir='ltr'><strong>sensibus</strong></span> <span class='ocrx_word' id='word_1_56' title='bbox 1140 1008 1257 1050; x_wconf 91' lang='lat' dir='ltr'><strong>novum</strong></span> <span class='ocrx_word' id='word_1_57' title='bbox 1279 990 1335 1050; x_wconf 89' lang='lat' dir='ltr'><strong>aut</strong></span> <span class='ocrx_word' id='word_1_58' title='bbox 1357 988 1392 1051; x_wconf 90' lang='lat' dir='ltr'><strong>iu</strong></span> <span class='ocrx_word' id='word_1_59' title='bbox 1415 1010 1514 1053; x_wconf 87' lang='lat' dir='ltr'><strong>asser·</strong></span> 
     </span>
     <span class='ocr_line' id='line_1_8' title="bbox 250 1087 1514 1175; baseline 0 -19"><span class='ocrx_word' id='word_1_60' title='bbox 250 1094 326 1160; x_wconf 78' lang='lat' dir='ltr'><strong>tione</strong></span> <span class='ocrx_word' id='word_1_61' title='bbox 343 1087 539 1172; x_wconf 78' lang='lat' dir='ltr'><strong>dogmatum</strong></span> <span class='ocrx_word' id='word_1_62' title='bbox 561 1087 692 1152; x_wconf 82' lang='lat' dir='ltr'><strong>emersit</strong></span> <span class='ocrx_word' id='word_1_63' title='bbox 714 1087 916 1173; x_wconf 82' lang='lat' dir='ltr'><strong>ambiguum:</strong></span> <span class='ocrx_word' id='word_1_64' title='bbox 939 1089 1031 1153; x_wconf 85' lang='lat' dir='ltr'><strong>utin</strong></span> <span class='ocrx_word' id='word_1_65' title='bbox 1056 1111 1222 1154; x_wconf 88' lang='lat' dir='ltr'><strong>commune</strong></span> <span class='ocrx_word' id='word_1_66' title='bbox 1237 1091 1463 1175; x_wconf 88' lang='lat' dir='ltr'><strong>tractantibus,</strong></span> <span class='ocrx_word' id='word_1_67' title='bbox 1487 1093 1514 1156; x_wconf 92' lang='lat' dir='ltr'><strong>si</strong></span> 
     </span>
     <span class='ocr_line' id='line_1_9' title="bbox 256 1189 1514 1281; baseline 0.006 -30"><span class='ocrx_word' id='word_1_68' title='bbox 256 1210 324 1281; x_wconf 80' lang='lat' dir='ltr'><strong>quas</strong></span> <span class='ocrx_word' id='word_1_69' title='bbox 344 1192 437 1253; x_wconf 84' lang='lat' dir='ltr'><strong>esset</strong></span> <span class='ocrx_word' id='word_1_70' title='bbox 461 1189 650 1274; x_wconf 78' lang='lat' dir='ltr'><strong>obscuritas,</strong></span> <span class='ocrx_word' id='word_1_71' title='bbox 678 1189 887 1255; x_wconf 87' lang='lat' dir='ltr'><strong>sacerdotalis</strong></span> <span class='ocrx_word' id='word_1_72' title='bbox 915 1192 1154 1256; x_wconf 81' lang='lat' dir='ltr'><strong>deliberationis</strong></span> <span class='ocrx_word' id='word_1_73' title='bbox 1181 1191 1379 1257; x_wconf 86' lang='lat' dir='ltr'><strong>illuminaret</strong></span> <span class='ocrx_word' id='word_1_74' title='bbox 1407 1197 1514 1258; x_wconf 88' lang='lat' dir='ltr'><strong>aucto-</strong></span> 
     </span>
     <span class='ocr_line' id='line_1_10' title="bbox 260 1289 1513 1377; baseline 0.001 -18"><span class='ocrx_word' id='word_1_75' title='bbox 260 1297 338 1375; x_wconf 69' lang='lat' dir='ltr'><strong>ritas,</strong></span> <span class='ocrx_word' id='word_1_76' title='bbox 365 1289 454 1357; x_wconf 86' lang='lat' dir='ltr'><strong>sicut</strong></span> <span class='ocrx_word' id='word_1_77' title='bbox 486 1292 625 1377; x_wconf 86' lang='lat' dir='ltr'><strong>primum</strong></span> <span class='ocrx_word' id='word_1_78' title='bbox 654 1291 726 1356; x_wconf 77' lang='lat' dir='ltr'><strong>Arii</strong></span> <span class='ocrx_word' id='word_1_79' title='bbox 755 1314 793 1357; x_wconf 89' lang='lat' dir='ltr'><strong>ac</strong></span> <span class='ocrx_word' id='word_1_80' title='bbox 822 1292 937 1358; x_wconf 92' lang='lat' dir='ltr'><strong>deinde</strong></span> <span class='ocrx_word' id='word_1_81' title='bbox 964 1293 1117 1377; x_wconf 89' lang='lat' dir='ltr'><strong>Nestorii,</strong></span> <span class='ocrx_word' id='word_1_82' title='bbox 1145 1296 1340 1377; x_wconf 87' lang='lat' dir='ltr'><strong>postremum</strong></span> <span class='ocrx_word' id='word_1_83' title='bbox 1368 1295 1513 1361; x_wconf 86' lang='lat' dir='ltr'><strong>Dioscuri</strong></span> 
     </span>
     <span class='ocr_line' id='line_1_11' title="bbox 265 1390 1514 1482; baseline 0.004 -24"><span class='ocrx_word' id='word_1_84' title='bbox 265 1402 342 1481; x_wconf 78' lang='lat' dir='ltr'><strong>atque</strong></span> <span class='ocrx_word' id='word_1_85' title='bbox 363 1390 555 1479; x_wconf 74' lang='lat' dir='ltr'><strong>Eutychetis</strong></span> <span class='ocrx_word' id='word_1_86' title='bbox 591 1394 660 1460; x_wconf 89' lang='lat' dir='ltr'><strong>fieri</strong></span> <span class='ocrx_word' id='word_1_87' title='bbox 698 1395 804 1481; x_wconf 82' lang='lat' dir='ltr'><strong>coegit</strong></span> <span class='ocrx_word' id='word_1_88' title='bbox 836 1396 996 1480; x_wconf 80' lang='lat' dir='ltr'><strong>impietae.</strong></span> <span class='ocrx_word' id='word_1_89' title='bbox 1045 1396 1090 1461; x_wconf 78' lang='lat' dir='ltr'><strong>nt</strong></span> <span class='ocrx_word' id='word_1_90' title='bbox 1116 1435 1159 1446; x_wconf 94' lang='lat'><em>-</em></span> <span class='ocrx_word' id='word_1_91' title='bbox 1186 1398 1269 1482; x_wconf 92' lang='lat' dir='ltr'><strong>quod</strong></span> <span class='ocrx_word' id='word_1_92' title='bbox 1298 1398 1514 1464; x_wconf 88' lang='lat' dir='ltr'><strong>misericordia</strong></span> 
     </span>
     <span class='ocr_line' id='line_1_12' title="bbox 268 1493 1513 1584; baseline 0.002 -21"><span class='ocrx_word' id='word_1_93' title='bbox 268 1493 365 1567; x_wconf 77' lang='lat' dir='ltr'><strong>t&#39;lrristi</strong></span> <span class='ocrx_word' id='word_1_94' title='bbox 382 1494 440 1561; x_wconf 86' lang='lat' dir='ltr'><strong>Dei</strong></span> <span class='ocrx_word' id='word_1_95' title='bbox 459 1496 562 1562; x_wconf 85' lang='lat' dir='ltr'><strong>nostri</strong></span> <span class='ocrx_word' id='word_1_96' title='bbox 584 1497 753 1562; x_wconf 82' lang='lat' dir='ltr'><strong>salvatoris</strong></span> <span class='ocrx_word' id='word_1_97' title='bbox 770 1500 910 1563; x_wconf 86' lang='lat' dir='ltr'><strong>avertat!</strong></span> <span class='ocrx_word' id='word_1_98' title='bbox 928 1538 969 1547; x_wconf 92' lang='lat'>-</span> <span class='ocrx_word' id='word_1_99' title='bbox 990 1499 1206 1565; x_wconf 90' lang='lat' dir='ltr'><strong>intimandum</strong></span> <span class='ocrx_word' id='word_1_100' title='bbox 1222 1503 1281 1584; x_wconf 89' lang='lat' dir='ltr'><strong>est,</strong></span> <span class='ocrx_word' id='word_1_101' title='bbox 1298 1501 1513 1566; x_wconf 87' lang='lat' dir='ltr'><strong>abominabile</strong></span> 
     </span>
     <span class='ocr_line' id='line_1_13' title="bbox 272 1598 1513 1688; baseline 0.001 -21"><span class='ocrx_word' id='word_1_102' title='bbox 272 1620 340 1681; x_wconf 81' lang='lat' dir='ltr'><strong>esse,</strong></span> <span class='ocrx_word' id='word_1_103' title='bbox 355 1602 457 1665; x_wconf 83' lang='lat' dir='ltr'><strong>contra</strong></span> <span class='ocrx_word' id='word_1_104' title='bbox 478 1598 657 1665; x_wconf 88' lang='lat' dir='ltr'><strong>sententias</strong></span> <span class='ocrx_word' id='word_1_105' title='bbox 679 1600 778 1665; x_wconf 83' lang='lat' dir='ltr'><strong>totius</strong></span> <span class='ocrx_word' id='word_1_106' title='bbox 800 1601 886 1666; x_wconf 88' lang='lat' dir='ltr'><strong>orbis</strong></span> <span class='ocrx_word' id='word_1_107' title='bbox 898 1600 1029 1666; x_wconf 88' lang='lat' dir='ltr'><strong>Domini</strong></span> <span class='ocrx_word' id='word_1_108' title='bbox 1052 1601 1254 1667; x_wconf 88' lang='lat' dir='ltr'><strong>sacerdotum</strong></span> <span class='ocrx_word' id='word_1_109' title='bbox 1276 1605 1309 1666; x_wconf 90' lang='lat' dir='ltr'><strong>et</strong></span> <span class='ocrx_word' id='word_1_110' title='bbox 1330 1603 1513 1688; x_wconf 78' lang='lat' dir='ltr'><strong>principius</strong></span> 
     </span>
     <span class='ocr_line' id='line_1_14' title="bbox 274 1700 1513 1791; baseline 0.002 -23"><span class='ocrx_word' id='word_1_111' title='bbox 274 1700 411 1782; x_wconf 70' lang='lat' dir='ltr'><strong>utusque</strong></span> <span class='ocrx_word' id='word_1_112' title='bbox 426 1705 587 1769; x_wconf 86' lang='lat' dir='ltr'><strong>rectorum</strong></span> <span class='ocrx_word' id='word_1_113' title='bbox 615 1702 784 1767; x_wconf 86' lang='lat' dir='ltr'><strong>damnatos</strong></span> <span class='ocrx_word' id='word_1_114' title='bbox 794 1703 833 1789; x_wconf 79' lang='lat'><strong>¹²)</strong></span> <span class='ocrx_word' id='word_1_115' title='bbox 857 1705 1035 1789; x_wconf 86' lang='lat' dir='ltr'><strong>restituere,</strong></span> <span class='ocrx_word' id='word_1_116' title='bbox 1063 1705 1171 1770; x_wconf 83' lang='lat' dir='ltr'><strong>reduci</strong></span> <span class='ocrx_word' id='word_1_117' title='bbox 1194 1707 1328 1787; x_wconf 82' lang='lat' dir='ltr'><strong>exsules,</strong></span> <span class='ocrx_word' id='word_1_118' title='bbox 1353 1705 1513 1791; x_wconf 83' lang='lat' dir='ltr'><strong>relegatos</strong></span> 
     </span>
     <span class='ocr_line' id='line_1_15' title="bbox 276 1802 1512 1894; baseline 0.002 -23"><span class='ocrx_word' id='word_1_119' title='bbox 276 1802 347 1887; x_wconf 58' lang='lat' dir='ltr'><strong>iun)</strong></span> <span class='ocrx_word' id='word_1_120' title='bbox 364 1804 451 1869; x_wconf 84' lang='lat' dir='ltr'><strong>causis</strong></span> <span class='ocrx_word' id='word_1_121' title='bbox 472 1804 618 1871; x_wconf 86' lang='lat' dir='ltr'><strong>nefariae</strong></span> <span class='ocrx_word' id='word_1_122' title='bbox 641 1805 893 1871; x_wconf 89' lang='lat' dir='ltr'><strong>conversationis</strong></span> <span class='ocrx_word' id='word_1_123' title='bbox 916 1807 1050 1873; x_wconf 85' lang='lat' dir='ltr'><strong>absolvi.</strong></span> <span class='ocrx_word' id='word_1_124' title='bbox 1095 1807 1218 1893; x_wconf 90' lang='lat' dir='ltr'><strong>ltaque,</strong></span> <span class='ocrx_word' id='word_1_125' title='bbox 1243 1808 1326 1892; x_wconf 90' lang='lat' dir='ltr'><strong>quod</strong></span> <span class='ocrx_word' id='word_1_126' title='bbox 1348 1830 1443 1894; x_wconf 83' lang='lat' dir='ltr'><strong>saepe</strong></span> <span class='ocrx_word' id='word_1_127' title='bbox 1465 1831 1512 1873; x_wconf 86' lang='lat' dir='ltr'><strong>re-</strong></span> 
     </span>
     <span class='ocr_line' id='line_1_16' title="bbox 273 1902 1513 1995; baseline 0.007 -29"><span class='ocrx_word' id='word_1_128' title='bbox 273 1902 419 1995; x_wconf 81' lang='lat' dir='ltr'><strong>petendus</strong></span> <span class='ocrx_word' id='word_1_129' title='bbox 443 1912 507 1993; x_wconf 87' lang='lat' dir='ltr'><strong>est,</strong></span> <span class='ocrx_word' id='word_1_130' title='bbox 537 1907 619 1972; x_wconf 91' lang='lat' dir='ltr'><strong>haec</strong></span> <span class='ocrx_word' id='word_1_131' title='bbox 645 1909 754 1974; x_wconf 89' lang='lat' dir='ltr'><strong>omnia</strong></span> <span class='ocrx_word' id='word_1_132' title='bbox 776 1910 1038 1979; x_wconf 70' lang='lat' dir='ltr'><strong>,clementissimis</strong></span> <span class='ocrx_word' id='word_1_133' title='bbox 1067 1911 1197 1976; x_wconf 87' lang='lat' dir='ltr'><strong>auribus</strong></span> <span class='ocrx_word' id='word_1_134' title='bbox 1224 1911 1412 1994; x_wconf 89' lang='lat' dir='ltr'><strong>suppliciter</strong></span> <span class='ocrx_word' id='word_1_135' title='bbox 1438 1912 1513 1975; x_wconf 92' lang='lat' dir='ltr'><strong>inti-</strong></span> 
     </span>
     <span class='ocr_line' id='line_1_17' title="bbox 273 1989 1606 2111; baseline 0.002 -36"><span class='ocrx_word' id='word_1_136' title='bbox 273 2008 359 2075; x_wconf 80' lang='lat' dir='ltr'><strong>man.</strong></span> <span class='ocrx_word' id='word_1_137' title='bbox 386 2004 492 2075; x_wconf 82' lang='lat' dir='ltr'><strong>Veniet</strong></span> <span class='ocrx_word' id='word_1_138' title='bbox 513 2010 624 2095; x_wconf 93' lang='lat' dir='ltr'><strong>procul</strong></span> <span class='ocrx_word' id='word_1_139' title='bbox 646 2010 743 2076; x_wconf 90' lang='lat' dir='ltr'><strong>dubio</strong></span> <span class='ocrx_word' id='word_1_140' title='bbox 759 2011 844 2076; x_wconf 86' lang='lat' dir='ltr'><strong>Deus</strong></span> <span class='ocrx_word' id='word_1_141' title='bbox 867 2013 902 2076; x_wconf 91' lang='lat' dir='ltr'><strong>in</strong></span> <span class='ocrx_word' id='word_1_142' title='bbox 924 2012 1116 2095; x_wconf 84' lang='lat' dir='ltr'><strong>adjutorium</strong></span> <span class='ocrx_word' id='word_1_143' title='bbox 1139 2015 1343 2099; x_wconf 85' lang='lat' dir='ltr'><strong>nostrum¹⁴),</strong></span> <span class='ocrx_word' id='word_1_144' title='bbox 1367 2014 1400 2077; x_wconf 90' lang='lat' dir='ltr'><strong>iu</strong></span> <span class='ocrx_word' id='word_1_145' title='bbox 1424 1989 1606 2111; x_wconf 50' lang='lat' dir='ltr'><strong>cujusfflj</strong></span> 
     </span>
     <span class='ocr_line' id='line_1_18' title="bbox 269 2099 1572 2199; baseline 0.002 -21"><span class='ocrx_word' id='word_1_146' title='bbox 269 2131 358 2178; x_wconf 86' lang='lat' dir='ltr'><strong>manu</strong></span> <span class='ocrx_word' id='word_1_147' title='bbox 379 2114 453 2199; x_wconf 76' lang='lat' dir='ltr'><strong>regis</strong></span> <span class='ocrx_word' id='word_1_148' title='bbox 487 2135 543 2178; x_wconf 89' lang='lat' dir='ltr'><strong>cor</strong></span> <span class='ocrx_word' id='word_1_149' title='bbox 575 2135 644 2177; x_wconf 86' lang='lat' dir='ltr'><strong>esse</strong></span> <span class='ocrx_word' id='word_1_150' title='bbox 681 2115 825 2179; x_wconf 87' lang='lat' dir='ltr'><strong>retinens</strong></span> <span class='ocrx_word' id='word_1_151' title='bbox 860 2117 1074 2179; x_wconf 86' lang='lat' dir='ltr'><strong>constitutum</strong></span> <span class='ocrx_word' id='word_1_152' title='bbox 1103 2116 1273 2199; x_wconf 85' lang='lat' dir='ltr'><strong>potestatis</strong></span> <span class='ocrx_word' id='word_1_153' title='bbox 1306 2108 1382 2180; x_wconf 71' lang='lat' dir='ltr'><strong>surie</strong></span> <span class='ocrx_word' id='word_1_154' title='bbox 1410 2117 1514 2181; x_wconf 88' lang='lat' dir='ltr'><strong>nescit</strong></span> <span class='ocrx_word' id='word_1_155' title='bbox 1566 2099 1572 2123; x_wconf 79' lang='grc'>’</span> 
     </span>
    </p>
   </div>
   <div class='ocr_carea' id='block_1_3' title="bbox 267 2211 1191 2305">
    <p class='ocr_par' dir='ltr' id='par_1_3' title="bbox 267 2211 1191 2305">
     <span class='ocr_line' id='line_1_19' title="bbox 267 2211 1191 2305; baseline 0.001 -24"><span class='ocrx_word' id='word_1_156' title='bbox 267 2211 382 2281; x_wconf 82' lang='lat' dir='ltr'><strong>aliunde</strong></span> <span class='ocrx_word' id='word_1_157' title='bbox 398 2216 597 2301; x_wconf 91' lang='lat' dir='ltr'><strong>principium.</strong></span> <span class='ocrx_word' id='word_1_158' title='bbox 645 2215 730 2281; x_wconf 88' lang='lat' dir='ltr'><strong>Data</strong></span> <span class='ocrx_word' id='word_1_159' title='bbox 753 2218 913 2305; x_wconf 78' lang='lat' dir='ltr'><strong>quinto¹⁶)</strong></span> <span class='ocrx_word' id='word_1_160' title='bbox 937 2218 1011 2283; x_wconf 89' lang='lat' dir='ltr'><strong>ldus</strong></span> <span class='ocrx_word' id='word_1_161' title='bbox 1032 2217 1191 2284; x_wconf 78' lang='lat' dir='ltr'><strong>ianuarii.</strong></span> 
     </span>
    </p>
   </div>
   <div class='ocr_carea' id='block_1_4' title="bbox 755 2405 997 2509">
    <p class='ocr_par' dir='ltr' id='par_1_4' title="bbox 755 2405 997 2509">
     <span class='ocr_line' id='line_1_20' title="bbox 755 2405 997 2509; baseline 0 -19"><span class='ocrx_word' id='word_1_162' title='bbox 755 2405 937 2509; x_wconf 81' lang='lat' dir='ltr'><strong>Epistola</strong></span> <span class='ocrx_word' id='word_1_163' title='bbox 963 2406 997 2490; x_wconf 90' lang='lat'><strong>3.</strong></span> 
     </span>
    </p>
   </div>
   <div class='ocr_carea' id='block_1_5' title="bbox 443 2554 1642 2677">
    <p class='ocr_par' dir='ltr' id='par_1_5' title="bbox 443 2554 1642 2677">
     <span class='ocr_line' id='line_1_21' title="bbox 443 2554 1642 2677; baseline -0.008 -49"><span class='ocrx_word' id='word_1_164' title='bbox 443 2557 631 2644; x_wconf 82' lang='lat' dir='ltr'><strong>Simplicii·</strong></span> <span class='ocrx_word' id='word_1_165' title='bbox 647 2577 758 2644; x_wconf 87' lang='lat' dir='ltr'><strong>pspoe</strong></span> <span class='ocrx_word' id='word_1_166' title='bbox 780 2559 823 2625; x_wconf 85' lang='lat' dir='ltr'><strong>ad</strong></span> <span class='ocrx_word' id='word_1_167' title='bbox 845 2560 1061 2626; x_wconf 81' lang='lat' dir='ltr'><strong>Basiliscum</strong></span> <span class='ocrx_word' id='word_1_168' title='bbox 1086 2557 1302 2642; x_wconf 79' lang='lat' dir='ltr'><strong>Augustum.</strong></span> <span class='ocrx_word' id='word_1_169' title='bbox 1522 2554 1642 2677; x_wconf 49' lang='lat' dir='ltr'><strong>2331pr</strong></span> 
     </span>
    </p>
   </div>
   <div class='ocr_carea' id='block_1_6' title="bbox 174 2700 1478 3194">
    <p class='ocr_par' dir='ltr' id='par_1_6' title="bbox 174 2700 1478 3106">
     <span class='ocr_line' id='line_1_22' title="bbox 174 2700 1478 2767; baseline -0.002 -12"><span class='ocrx_word' id='word_1_170' title='bbox 174 2724 192 2758; x_wconf 78' lang='grc' dir='ltr'><strong>ι.</strong></span> <span class='ocrx_word' id='word_1_171' title='bbox 205 2706 230 2755; x_wconf 78' lang='grc'><strong>6.</strong></span> <span class='ocrx_word' id='word_1_172' title='bbox 278 2700 544 2767; x_wconf 66' lang='lat' dir='ltr'><strong>deationie&#39;osfirio</strong></span> <span class='ocrx_word' id='word_1_173' title='bbox 564 2702 668 2765; x_wconf 82' lang='lat' dir='ltr'><strong>sanctus</strong></span> <span class='ocrx_word' id='word_1_174' title='bbox 690 2701 812 2751; x_wconf 66' lang='lat' dir='ltr'><strong>Timothei</strong></span> <span class='ocrx_word' id='word_1_175' title='bbox 835 2701 926 2752; x_wconf 87' lang='lat' dir='ltr'><strong>Aeluri</strong></span> <span class='ocrx_word' id='word_1_176' title='bbox 948 2709 997 2750; x_wconf 85' lang='lat' dir='ltr'><strong>tarn</strong></span> <span class='ocrx_word' id='word_1_177' title='bbox 1019 2702 1045 2750; x_wconf 89' lang='lat' dir='ltr'><strong>in</strong></span> <span class='ocrx_word' id='word_1_178' title='bbox 1058 2701 1241 2752; x_wconf 73' lang='lat' dir='ltr'><strong>Alexandrina</strong></span> <span class='ocrx_word' id='word_1_179' title='bbox 1262 2718 1335 2767; x_wconf 88' lang='lat' dir='ltr'><strong>quam</strong></span> <span class='ocrx_word' id='word_1_180' title='bbox 1357 2705 1382 2751; x_wconf 84' lang='lat' dir='ltr'><strong>in</strong></span> <span class='ocrx_word' id='word_1_181' title='bbox 1404 2705 1478 2767; x_wconf 78' lang='lat' dir='ltr'><strong>repta</strong></span> 
     </span>
     <span class='ocr_line' id='line_1_23' title="bbox 274 2786 1477 2853; baseline -0.002 -15"><span class='ocrx_word' id='word_1_182' title='bbox 274 2789 377 2838; x_wconf 78' lang='lat' dir='ltr'><strong>cr&#39;eitate</strong></span> <span class='ocrx_word' id='word_1_183' title='bbox 393 2788 482 2853; x_wconf 71' lang='lat' dir='ltr'><strong>inpias</strong></span> <span class='ocrx_word' id='word_1_184' title='bbox 493 2788 634 2839; x_wconf 79' lang='lat' dir='ltr'><strong>molitiones</strong></span> <span class='ocrx_word' id='word_1_185' title='bbox 646 2786 789 2851; x_wconf 85' lang='lat' dir='ltr'><strong>Sinrplicias</strong></span> <span class='ocrx_word' id='word_1_186' title='bbox 801 2794 914 2836; x_wconf 85' lang='lat' dir='ltr'><strong>enarrat.</strong></span> <span class='ocrx_word' id='word_1_187' title='bbox 944 2787 1042 2835; x_wconf 81' lang='lat' dir='ltr'><strong>Deinde</strong></span> <span class='ocrx_word' id='word_1_188' title='bbox 1055 2786 1186 2836; x_wconf 82' lang='lat' dir='ltr'><strong>Marciani</strong></span> <span class='ocrx_word' id='word_1_189' title='bbox 1202 2803 1235 2835; x_wconf 86' lang='lat' dir='ltr'><strong>ac</strong></span> <span class='ocrx_word' id='word_1_190' title='bbox 1247 2789 1342 2838; x_wconf 79' lang='lat' dir='ltr'><strong>Leonis</strong></span> <span class='ocrx_word' id='word_1_191' title='bbox 1354 2790 1477 2851; x_wconf 76' lang='lat' dir='ltr'><strong>excaeptis</strong></span> 
     </span>
     <span class='ocr_line' id='line_1_24' title="bbox 272 2871 1476 2938; baseline -0.002 -13"><span class='ocrx_word' id='word_1_192' title='bbox 272 2874 306 2925; x_wconf 77' lang='lat' dir='ltr'><strong>od</strong></span> <span class='ocrx_word' id='word_1_193' title='bbox 321 2875 410 2924; x_wconf 66' lang='lat' dir='ltr'><strong>aedos</strong></span> <span class='ocrx_word' id='word_1_194' title='bbox 422 2873 515 2938; x_wconf 69' lang='lat' dir='ltr'><strong>pedus</strong></span> <span class='ocrx_word' id='word_1_195' title='bbox 532 2873 712 2936; x_wconf 77' lang='lat' dir='ltr'><strong>imperatorem</strong></span> <span class='ocrx_word' id='word_1_196' title='bbox 724 2871 851 2929; x_wconf 70' lang='lat' dir='ltr'><strong>hortatur,</strong></span> <span class='ocrx_word' id='word_1_197' title='bbox 869 2877 896 2920; x_wconf 89' lang='lat' dir='ltr'><strong>ut</strong></span> <span class='ocrx_word' id='word_1_198' title='bbox 915 2872 1058 2921; x_wconf 80' lang='lat' dir='ltr'><strong>decessoris</strong></span> <span class='ocrx_word' id='word_1_199' title='bbox 1070 2873 1110 2920; x_wconf 84' lang='lat' dir='ltr'><strong>sui</strong></span> <span class='ocrx_word' id='word_1_200' title='bbox 1122 2873 1245 2936; x_wconf 85' lang='lat' dir='ltr'><strong>epistolas</strong></span> <span class='ocrx_word' id='word_1_201' title='bbox 1256 2879 1397 2931; x_wconf 70' lang='lat' dir='ltr'><strong>revenirent,</strong></span> <span class='ocrx_word' id='word_1_202' title='bbox 1417 2889 1476 2922; x_wconf 74' lang='lat' dir='ltr'><strong>treve</strong></span> 
     </span>
     <span class='ocr_line' id='line_1_25' title="bbox 268 2957 1475 3026; baseline -0.004 -16"><span class='ocrx_word' id='word_1_203' title='bbox 268 2976 312 3023; x_wconf 83' lang='lat' dir='ltr'><strong>ea,</strong></span> <span class='ocrx_word' id='word_1_204' title='bbox 332 2974 399 3026; x_wconf 78' lang='lat' dir='ltr'><strong>qaae</strong></span> <span class='ocrx_word' id='word_1_205' title='bbox 416 2959 441 3007; x_wconf 77' lang='lat' dir='ltr'><strong>in</strong></span> <span class='ocrx_word' id='word_1_206' title='bbox 454 2957 655 3009; x_wconf 67' lang='lat' dir='ltr'><strong>calchedonensi</strong></span> <span class='ocrx_word' id='word_1_207' title='bbox 670 2958 768 3022; x_wconf 73' lang='lat' dir='ltr'><strong>synodo</strong></span> <span class='ocrx_word' id='word_1_208' title='bbox 786 2965 836 3007; x_wconf 86' lang='lat' dir='ltr'><strong>tarn</strong></span> <span class='ocrx_word' id='word_1_209' title='bbox 853 2959 1016 3008; x_wconf 79' lang='lat' dir='ltr'><strong>corrsidcrate</strong></span> <span class='ocrx_word' id='word_1_210' title='bbox 1033 2959 1178 3014; x_wconf 72' lang='lat' dir='ltr'><strong>conditura,</strong></span> <span class='ocrx_word' id='word_1_211' title='bbox 1196 2958 1338 3007; x_wconf 83' lang='lat' dir='ltr'><strong>retractari</strong></span> <span class='ocrx_word' id='word_1_212' title='bbox 1353 2958 1475 3020; x_wconf 83' lang='lat' dir='ltr'><strong>patiatur.</strong></span> 
     </span>
     <span class='ocr_line' id='line_1_26' title="bbox 266 3043 1477 3106; baseline -0.005 -9"><span class='ocrx_word' id='word_1_213' title='bbox 266 3044 327 3097; x_wconf 74' lang='lat' dir='ltr'><strong>Sea</strong></span> <span class='ocrx_word' id='word_1_214' title='bbox 346 3050 409 3095; x_wconf 69' lang='lat' dir='ltr'><strong>ante</strong></span> <span class='ocrx_word' id='word_1_215' title='bbox 430 3045 512 3096; x_wconf 68' lang='lat' dir='ltr'><strong>onnia</strong></span> <span class='ocrx_word' id='word_1_216' title='bbox 535 3043 732 3093; x_wconf 77' lang='lat' dir='ltr'><strong>Alexandrinae</strong></span> <span class='ocrx_word' id='word_1_217' title='bbox 754 3044 877 3093; x_wconf 81' lang='lat' dir='ltr'><strong>ecclesiae</strong></span> <span class='ocrx_word' id='word_1_218' title='bbox 899 3043 961 3106; x_wconf 86' lang='lat' dir='ltr'><strong>paci</strong></span> <span class='ocrx_word' id='word_1_219' title='bbox 982 3043 1111 3103; x_wconf 81' lang='lat' dir='ltr'><strong>consulat,</strong></span> <span class='ocrx_word' id='word_1_220' title='bbox 1139 3043 1273 3106; x_wconf 82' lang='lat' dir='ltr'><strong>proprimn</strong></span> <span class='ocrx_word' id='word_1_221' title='bbox 1296 3043 1321 3090; x_wconf 83' lang='lat' dir='ltr'><strong>ei</strong></span> <span class='ocrx_word' id='word_1_222' title='bbox 1341 3043 1477 3091; x_wconf 82' lang='lat' dir='ltr'><strong>restituens</strong></span> 
     </span>
    </p>

    <p class='ocr_par' dir='ltr' id='par_1_7' title="bbox 463 3110 1445 3194">
     <span class='ocr_line' id='line_1_27' title="bbox 463 3110 1445 3194; baseline -0.005 -15"><span class='ocrx_word' id='word_1_223' title='bbox 463 3131 608 3194; x_wconf 82' lang='lat' dir='ltr'><strong>episcopum</strong></span> <span class='ocrx_word' id='word_1_224' title='bbox 626 3134 651 3179; x_wconf 87' lang='lat' dir='ltr'><strong>et</strong></span> <span class='ocrx_word' id='word_1_225' title='bbox 670 3129 790 3180; x_wconf 82' lang='lat' dir='ltr'><strong>Aelurunr</strong></span> <span class='ocrx_word' id='word_1_226' title='bbox 808 3129 832 3177; x_wconf 90' lang='lat' dir='ltr'><strong>in</strong></span> <span class='ocrx_word' id='word_1_227' title='bbox 851 3129 983 3191; x_wconf 65' lang='lat' dir='ltr'><strong>pentinum</strong></span> <span class='ocrx_word' id='word_1_228' title='bbox 1002 3128 1118 3176; x_wconf 68' lang='lat' dir='ltr'><strong>eoemlirnn</strong></span> <span class='ocrx_word' id='word_1_229' title='bbox 1136 3129 1285 3177; x_wconf 84' lang='lat' dir='ltr'><strong>arnundans.</strong></span> <span class='ocrx_word' id='word_1_230' title='bbox 1434 3110 1445 3116; x_wconf 73' lang='lat'><strong>-</strong></span> 
     </span>
    </p>
   </div>
   <div class='ocr_carea' id='block_1_7' title="bbox 392 3260 1322 3349">
    <p class='ocr_par' dir='ltr' id='par_1_8' title="bbox 392 3260 1322 3349">
     <span class='ocr_line' id='line_1_28' title="bbox 392 3260 1322 3349; baseline -0.002 -22"><span class='ocrx_word' id='word_1_231' title='bbox 392 3261 627 3349; x_wconf 85' lang='lat' dir='ltr'><strong>Basilisco¹)</strong></span> <span class='ocrx_word' id='word_1_232' title='bbox 649 3263 828 3346; x_wconf 81' lang='lat' dir='ltr'><strong>Augusto</strong></span> <span class='ocrx_word' id='word_1_233' title='bbox 851 3260 1080 3344; x_wconf 82' lang='lat' dir='ltr'><strong>Simplicius</strong></span> <span class='ocrx_word' id='word_1_234' title='bbox 1103 3261 1322 3346; x_wconf 54' lang='lat' dir='ltr'><strong>episeopus,</strong></span> 
     </span>
    </p>
   </div>
   <div class='ocr_carea' id='block_1_8' title="bbox 222 3380 1574 3779">
    <p class='ocr_par' dir='ltr' id='par_1_9' title="bbox 222 3380 1574 3779">
     <span class='ocr_line' id='line_1_29' title="bbox 319 3380 1510 3468; baseline -0.004 -18"><span class='ocrx_word' id='word_1_235' title='bbox 319 3388 353 3450; x_wconf 91' lang='lat'><strong>1.</strong></span> <span class='ocrx_word' id='word_1_236' title='bbox 391 3383 548 3468; x_wconf 72' lang='lat' dir='ltr'><strong>Cuperem</strong></span> <span class='ocrx_word' id='word_1_237' title='bbox 571 3382 708 3468; x_wconf 89' lang='lat' dir='ltr'><strong>quidem,</strong></span> <span class='ocrx_word' id='word_1_238' title='bbox 732 3385 889 3466; x_wconf 86' lang='lat' dir='ltr'><strong>quantum</strong></span> <span class='ocrx_word' id='word_1_239' title='bbox 911 3382 951 3444; x_wconf 85' lang='lat' dir='ltr'><strong>ad</strong></span> <span class='ocrx_word' id='word_1_240' title='bbox 974 3402 1064 3444; x_wconf 85' lang='lat' dir='ltr'><strong>meac</strong></span> <span class='ocrx_word' id='word_1_241' title='bbox 1086 3385 1211 3464; x_wconf 80' lang='lat' dir='ltr'><strong>spectat</strong></span> <span class='ocrx_word' id='word_1_242' title='bbox 1234 3380 1410 3445; x_wconf 87' lang='lat' dir='ltr'><strong>devotionis</strong></span> <span class='ocrx_word' id='word_1_243' title='bbox 1427 3380 1510 3446; x_wconf 91' lang='lat' dir='ltr'><strong>arbi-</strong></span> 
     </span>
     <span class='ocr_line' id='line_1_30' title="bbox 223 3483 1510 3572; baseline -0.007 -17"><span class='ocrx_word' id='word_1_244' title='bbox 223 3491 350 3569; x_wconf 82' lang='lat' dir='ltr'><strong>trium,</strong></span> <span class='ocrx_word' id='word_1_245' title='bbox 382 3508 446 3572; x_wconf 90' lang='lat' dir='ltr'><strong>qua</strong></span> <span class='ocrx_word' id='word_1_246' title='bbox 472 3486 635 3570; x_wconf 86' lang='lat' dir='ltr'><strong>principes</strong></span> <span class='ocrx_word' id='word_1_247' title='bbox 657 3484 858 3549; x_wconf 75' lang='lat' dir='ltr'><strong>Christianos</strong></span> <span class='ocrx_word' id='word_1_248' title='bbox 881 3484 953 3568; x_wconf 81' lang='lat' dir='ltr'><strong>jugi</strong></span> <span class='ocrx_word' id='word_1_249' title='bbox 982 3485 1189 3548; x_wconf 87' lang='lat' dir='ltr'><strong>veneratione</strong></span> <span class='ocrx_word' id='word_1_250' title='bbox 1218 3484 1367 3567; x_wconf 83' lang='lat' dir='ltr'><strong>suspici0,</strong></span> <span class='ocrx_word' id='word_1_251' title='bbox 1402 3483 1510 3547; x_wconf 89' lang='lat' dir='ltr'><strong>debita</strong></span> 
     </span>
     <span class='ocr_line' id='line_1_31' title="bbox 223 3585 1574 3679; baseline -0.007 -20"><span class='ocrx_word' id='word_1_252' title='bbox 223 3590 350 3679; x_wconf 75' lang='lat' dir='ltr'><strong>pietati</strong></span> <span class='ocrx_word' id='word_1_253' title='bbox 384 3591 511 3654; x_wconf 63' lang='lat' dir='ltr'><strong>vennae</strong></span> <span class='ocrx_word' id='word_1_254' title='bbox 539 3587 700 3653; x_wconf 88' lang='lat' dir='ltr'><strong>continuis</strong></span> <span class='ocrx_word' id='word_1_255' title='bbox 734 3587 842 3651; x_wconf 87' lang='lat' dir='ltr'><strong>officia</strong></span> <span class='ocrx_word' id='word_1_256' title='bbox 874 3585 998 3649; x_wconf 86' lang='lat' dir='ltr'><strong>deferre</strong></span> <span class='ocrx_word' id='word_1_257' title='bbox 1030 3586 1204 3669; x_wconf 80' lang='lat' dir='ltr'><strong>colloquiis.</strong></span> <span class='ocrx_word' id='word_1_258' title='bbox 1256 3585 1317 3650; x_wconf 85' lang='lat' dir='ltr'><strong>Sed</strong></span> <span class='ocrx_word' id='word_1_259' title='bbox 1346 3608 1441 3670; x_wconf 91' lang='lat' dir='ltr'><strong>quum</strong></span> <span class='ocrx_word' id='word_1_260' title='bbox 1470 3585 1508 3649; x_wconf 90' lang='lat' dir='ltr'><strong>ad</strong></span> <span class='ocrx_word' id='word_1_261' title='bbox 1571 3638 1574 3649; x_wconf 91' lang='grc'>.</span> 
     </span>
     <span class='ocr_line' id='line_1_32' title="bbox 222 3688 1507 3779; baseline -0.006 -19"><span class='ocrx_word' id='word_1_262' title='bbox 222 3695 327 3779; x_wconf 83' lang='lat' dir='ltr'><strong>liujus</strong></span> <span class='ocrx_word' id='word_1_263' title='bbox 352 3691 546 3757; x_wconf 85' lang='lat' dir='ltr'><strong>intentionis</strong></span> <span class='ocrx_word' id='word_1_264' title='bbox 575 3694 783 3775; x_wconf 81' lang='lat' dir='ltr'><strong>augmentum</strong></span> <span class='ocrx_word' id='word_1_265' title='bbox 811 3689 907 3752; x_wconf 85' lang='lat' dir='ltr'><strong>etiarn</strong></span> <span class='ocrx_word' id='word_1_266' title='bbox 937 3710 1046 3752; x_wconf 88' lang='lat' dir='ltr'><strong>sacrae</strong></span> <span class='ocrx_word' id='word_1_267' title='bbox 1074 3709 1149 3752; x_wconf 84' lang='lat' dir='ltr'><strong>eura</strong></span> <span class='ocrx_word' id='word_1_268' title='bbox 1178 3688 1343 3773; x_wconf 82' lang='lat' dir='ltr'><strong>religionis</strong></span> <span class='ocrx_word' id='word_1_269' title='bbox 1366 3690 1507 3772; x_wconf 84' lang='lat' dir='ltr'><strong>accedat,</strong></span> 
     </span>
    </p>
   </div>
   <div class='ocr_carea' id='block_1_9' title="bbox 214 3881 1510 5051">
    <p class='ocr_par' dir='ltr' id='par_1_10' title="bbox 258 3881 1148 3953">
     <span class='ocr_line' id='line_1_33' title="bbox 258 3881 1148 3953; baseline -0.007 -18"><span class='ocrx_word' id='word_1_270' title='bbox 258 3902 262 3908; x_wconf 93' lang='lat'>·</span> <span class='ocrx_word' id='word_1_271' title='bbox 295 3886 332 3953; x_wconf 69' lang='lat' dir='ltr'><strong>i¹)</strong></span> <span class='ocrx_word' id='word_1_272' title='bbox 353 3881 389 3935; x_wconf 70' lang='lat' dir='ltr'><strong>Gi</strong></span> <span class='ocrx_word' id='word_1_273' title='bbox 411 3882 541 3950; x_wconf 79' lang='lat' dir='ltr'><strong>corrupte</strong></span> <span class='ocrx_word' id='word_1_274' title='bbox 558 3884 718 3949; x_wconf 76' lang='lat' dir='ltr'><strong>posteritatis</strong></span> <span class='ocrx_word' id='word_1_275' title='bbox 735 3884 761 3932; x_wconf 87' lang='lat' dir='ltr'><strong>in</strong></span> <span class='ocrx_word' id='word_1_276' title='bbox 778 3897 926 3933; x_wconf 79' lang='lat' dir='ltr'><strong>successore</strong></span> <span class='ocrx_word' id='word_1_277' title='bbox 943 3883 1098 3947; x_wconf 82' lang='lat' dir='ltr'><strong>reppererit.</strong></span> <span class='ocrx_word' id='word_1_278' title='bbox 1144 3946 1148 3952; x_wconf 31' lang='lat'><em>·</em></span> 
     </span>
    </p>

    <p class='ocr_par' dir='ltr' id='par_1_11' title="bbox 218 3960 1510 4113">
     <span class='ocr_line' id='line_1_34' title="bbox 296 3960 1510 4037; baseline -0.003 -16"><span class='ocrx_word' id='word_1_279' title='bbox 296 3972 331 4037; x_wconf 59' lang='grc' dir='ltr'><strong>Ιἱ)</strong></span> <span class='ocrx_word' id='word_1_280' title='bbox 353 3970 382 4021; x_wconf 77' lang='lat' dir='ltr'><strong>c’</strong></span> <span class='ocrx_word' id='word_1_281' title='bbox 399 3965 479 4020; x_wconf 87' lang='lat' dir='ltr'><strong>addit</strong></span> <span class='ocrx_word' id='word_1_282' title='bbox 495 3985 556 4020; x_wconf 81' lang='lat' dir='ltr'><strong>reos</strong></span> <span class='ocrx_word' id='word_1_283' title='bbox 573 3966 602 4019; x_wconf 89' lang='lat' dir='ltr'><strong>et</strong></span> <span class='ocrx_word' id='word_1_284' title='bbox 618 3981 682 4018; x_wconf 84' lang='lat' dir='ltr'><strong>mox</strong></span> <span class='ocrx_word' id='word_1_285' title='bbox 701 3964 787 4018; x_wconf 84' lang='lat' dir='ltr'><strong>habet</strong></span> <span class='ocrx_word' id='word_1_286' title='bbox 805 3970 863 4017; x_wconf 70' lang='lat' dir='ltr'><strong>diret</strong></span> <span class='ocrx_word' id='word_1_287' title='bbox 879 3979 930 4033; x_wconf 91' lang='lat' dir='ltr'><strong>pro</strong></span> <span class='ocrx_word' id='word_1_288' title='bbox 948 3969 1045 4017; x_wconf 78' lang='lat' dir='ltr'><strong>reduci.</strong></span> <span class='ocrx_word' id='word_1_289' title='bbox 1068 3964 1160 4016; x_wconf 86' lang='lat' dir='ltr'><strong>Antea</strong></span> <span class='ocrx_word' id='word_1_290' title='bbox 1176 3963 1241 4031; x_wconf 89' lang='lat' dir='ltr'><strong>post</strong></span> <span class='ocrx_word' id='word_1_291' title='bbox 1253 3960 1367 4016; x_wconf 89' lang='lat' dir='ltr'><strong>verbum</strong></span> <span class='ocrx_word' id='word_1_292' title='bbox 1380 3968 1510 4033; x_wconf 77' lang='lat' dir='ltr'><strong>utriusque</strong></span> 
     </span>
     <span class='ocr_line' id='line_1_35' title="bbox 218 4052 501 4113; baseline -0.028 0"><span class='ocrx_word' id='word_1_293' title='bbox 218 4052 407 4113; x_wconf 80' lang='lat' dir='ltr'><strong>subauditur</strong></span> <span class='ocrx_word' id='word_1_294' title='bbox 424 4056 501 4107; x_wconf 81' lang='lat' dir='ltr'><strong>orbis.</strong></span> 
     </span>
    </p>

    <p class='ocr_par' dir='ltr' id='par_1_12' title="bbox 215 4131 1510 4469">
     <span class='ocr_line' id='line_1_36' title="bbox 293 4131 1510 4209; baseline -0.007 -16"><span class='ocrx_word' id='word_1_295' title='bbox 293 4143 331 4209; x_wconf 78' lang='lat'><strong>¹³)</strong></span> <span class='ocrx_word' id='word_1_296' title='bbox 353 4138 399 4193; x_wconf 75' lang='lat' dir='ltr'><strong>lta</strong></span> <span class='ocrx_word' id='word_1_297' title='bbox 418 4135 452 4191; x_wconf 84' lang='lat' dir='ltr'><strong>G&#39;</strong></span> <span class='ocrx_word' id='word_1_298' title='bbox 466 4138 515 4203; x_wconf 75' lang='lat' dir='ltr'><strong>G²3</strong></span> <span class='ocrx_word' id='word_1_299' title='bbox 538 4135 586 4192; x_wconf 80' lang='lat' dir='ltr'><strong>alii</strong></span> <span class='ocrx_word' id='word_1_300' title='bbox 604 4142 630 4191; x_wconf 89' lang='lat' dir='ltr'><strong>in</strong></span> <span class='ocrx_word' id='word_1_301' title='bbox 647 4156 725 4190; x_wconf 87' lang='lat' dir='ltr'><strong>causa</strong></span> <span class='ocrx_word' id='word_1_302' title='bbox 743 4140 860 4203; x_wconf 81' lang='lat' dir='ltr'><strong>nefariae</strong></span> <span class='ocrx_word' id='word_1_303' title='bbox 878 4139 1072 4203; x_wconf 72' lang='lat' dir='ltr'><strong>conjurationis.</strong></span> <span class='ocrx_word' id='word_1_304' title='bbox 1097 4132 1173 4186; x_wconf 83' lang='lat' dir='ltr'><strong>Talis</strong></span> <span class='ocrx_word' id='word_1_305' title='bbox 1191 4131 1302 4200; x_wconf 86' lang='lat' dir='ltr'><strong>quidem</strong></span> <span class='ocrx_word' id='word_1_306' title='bbox 1322 4132 1461 4187; x_wconf 82' lang='lat' dir='ltr'><strong>Timothei</strong></span> <span class='ocrx_word' id='word_1_307' title='bbox 1481 4135 1510 4186; x_wconf 89' lang='lat' dir='ltr'><strong>et</strong></span> 
     </span>
     <span class='ocr_line' id='line_1_37' title="bbox 216 4218 1507 4292; baseline -0.011 -9"><span class='ocrx_word' id='word_1_308' title='bbox 216 4228 373 4283; x_wconf 78' lang='lat' dir='ltr'><strong>sociorum</strong></span> <span class='ocrx_word' id='word_1_309' title='bbox 392 4221 550 4292; x_wconf 86' lang='lat' dir='ltr'><strong>coujuratio</strong></span> <span class='ocrx_word' id='word_1_310' title='bbox 569 4221 734 4276; x_wconf 88' lang='lat' dir='ltr'><strong>describitur</strong></span> <span class='ocrx_word' id='word_1_311' title='bbox 751 4221 778 4273; x_wconf 89' lang='lat' dir='ltr'><strong>in</strong></span> <span class='ocrx_word' id='word_1_312' title='bbox 791 4219 994 4290; x_wconf 82' lang='lat' dir='ltr'><strong>Aegyptiorum</strong></span> <span class='ocrx_word' id='word_1_313' title='bbox 1007 4218 1200 4288; x_wconf 86' lang='lat' dir='ltr'><strong>episcoporum</strong></span> <span class='ocrx_word' id='word_1_314' title='bbox 1219 4221 1248 4271; x_wconf 88' lang='lat' dir='ltr'><strong>ot</strong></span> <span class='ocrx_word' id='word_1_315' title='bbox 1261 4218 1507 4273; x_wconf 85' lang='lat' dir='ltr'><strong>Alexandrinorum</strong></span> 
     </span>
     <span class='ocr_line' id='line_1_38' title="bbox 215 4303 1509 4378; baseline -0.012 -8"><span class='ocrx_word' id='word_1_316' title='bbox 215 4316 400 4371; x_wconf 82' lang='lat' dir='ltr'><strong>clericorum</strong></span> <span class='ocrx_word' id='word_1_317' title='bbox 424 4308 548 4378; x_wconf 79' lang='lat' dir='ltr'><strong>epistolis</strong></span> <span class='ocrx_word' id='word_1_318' title='bbox 575 4325 660 4377; x_wconf 89' lang='lat' dir='ltr'><strong>quum</strong></span> <span class='ocrx_word' id='word_1_319' title='bbox 687 4308 724 4362; x_wconf 83' lang='lat' dir='ltr'><strong>ad</strong></span> <span class='ocrx_word' id='word_1_320' title='bbox 745 4306 866 4361; x_wconf 86' lang='lat' dir='ltr'><strong>Leonem</strong></span> <span class='ocrx_word' id='word_1_321' title='bbox 890 4307 1045 4375; x_wconf 83' lang='lat' dir='ltr'><strong>Augustum</strong></span> <span class='ocrx_word' id='word_1_322' title='bbox 1067 4305 1126 4357; x_wconf 86' lang='lat' dir='ltr'><strong>turn</strong></span> <span class='ocrx_word' id='word_1_323' title='bbox 1150 4303 1186 4356; x_wconf 84' lang='lat' dir='ltr'><strong>ad</strong></span> <span class='ocrx_word' id='word_1_324' title='bbox 1208 4304 1368 4358; x_wconf 84' lang='lat' dir='ltr'><strong>Anatolium</strong></span> <span class='ocrx_word' id='word_1_325' title='bbox 1391 4303 1509 4372; x_wconf 83' lang='lat' dir='ltr'><strong>scriptis,</strong></span> 
     </span>
     <span class='ocr_line' id='line_1_39' title="bbox 216 4381 1074 4469; baseline -0.016 -13"><span class='ocrx_word' id='word_1_326' title='bbox 216 4416 297 4469; x_wconf 70' lang='lat' dir='ltr'><strong>qnae</strong></span> <span class='ocrx_word' id='word_1_327' title='bbox 316 4395 468 4451; x_wconf 81' lang='lat' dir='ltr'><strong>habentur</strong></span> <span class='ocrx_word' id='word_1_328' title='bbox 485 4409 561 4449; x_wconf 90' lang='lat' dir='ltr'><strong>conc.</strong></span> <span class='ocrx_word' id='word_1_329' title='bbox 581 4381 710 4449; x_wconf 86' lang='lat' dir='ltr'><strong>Calcired.</strong></span> <span class='ocrx_word' id='word_1_330' title='bbox 730 4395 802 4463; x_wconf 85' lang='lat' dir='ltr'><strong>part.</strong></span> <span class='ocrx_word' id='word_1_331' title='bbox 816 4392 853 4445; x_wconf 94' lang='lat' dir='ltr'><strong>lll</strong></span> <span class='ocrx_word' id='word_1_332' title='bbox 872 4409 932 4461; x_wconf 87' lang='lat' dir='ltr'><strong>cap.</strong></span> <span class='ocrx_word' id='word_1_333' title='bbox 946 4397 979 4447; x_wconf 78' lang='lat'><strong>22</strong></span> <span class='ocrx_word' id='word_1_334' title='bbox 993 4393 1021 4443; x_wconf 84' lang='lat' dir='ltr'><strong>ct</strong></span> <span class='ocrx_word' id='word_1_335' title='bbox 1033 4396 1074 4443; x_wconf 80' lang='lat'><strong>23.</strong></span> 
     </span>
    </p>

    <p class='ocr_par' dir='ltr' id='par_1_13' title="bbox 291 4478 1129 4549">
     <span class='ocr_line' id='line_1_40' title="bbox 291 4478 1129 4549; baseline -0.008 -14"><span class='ocrx_word' id='word_1_336' title='bbox 291 4486 330 4549; x_wconf 73' lang='lat'><strong>¹⁴)</strong></span> <span class='ocrx_word' id='word_1_337' title='bbox 353 4481 400 4534; x_wconf 80' lang='lat' dir='ltr'><strong>lta</strong></span> <span class='ocrx_word' id='word_1_338' title='bbox 419 4478 452 4535; x_wconf 79' lang='lat' dir='ltr'><strong>(l¹</strong></span> <span class='ocrx_word' id='word_1_339' title='bbox 465 4481 510 4534; x_wconf 56' lang='grc' dir='ltr'><strong>(Ξῖ.</strong></span> <span class='ocrx_word' id='word_1_340' title='bbox 546 4478 622 4533; x_wconf 81' lang='lat' dir='ltr'><strong>Editi</strong></span> <span class='ocrx_word' id='word_1_341' title='bbox 639 4488 747 4534; x_wconf 83' lang='lat' dir='ltr'><strong>nestrum</strong></span> <span class='ocrx_word' id='word_1_342' title='bbox 820 4484 950 4545; x_wconf 78' lang='lat' dir='ltr'><strong>correpta·</strong></span> <span class='ocrx_word' id='word_1_343' title='bbox 1024 4482 1129 4530; x_wconf 75' lang='lat' dir='ltr'><strong>eresciat.</strong></span> 
     </span>
    </p>

    <p class='ocr_par' dir='ltr' id='par_1_14' title="bbox 214 4557 1509 4816">
     <span class='ocr_line' id='line_1_41' title="bbox 291 4557 1509 4639; baseline -0.009 -18"><span class='ocrx_word' id='word_1_344' title='bbox 291 4572 330 4639; x_wconf 83' lang='lat'><strong>¹⁵)</strong></span> <span class='ocrx_word' id='word_1_345' title='bbox 353 4570 382 4621; x_wconf 85' lang='lat' dir='ltr'><strong>c⁷</strong></span> <span class='ocrx_word' id='word_1_346' title='bbox 401 4564 438 4620; x_wconf 79' lang='lat' dir='ltr'><strong>ad</strong></span> <span class='ocrx_word' id='word_1_347' title='bbox 455 4582 545 4635; x_wconf 83' lang='lat' dir='ltr'><strong>marg.</strong></span> <span class='ocrx_word' id='word_1_348' title='bbox 560 4570 615 4620; x_wconf 82' lang='lat' dir='ltr'><strong>Atii</strong></span> <span class='ocrx_word' id='word_1_349' title='bbox 628 4569 670 4618; x_wconf 87' lang='lat' dir='ltr'><strong>VI</strong></span> <span class='ocrx_word' id='word_1_350' title='bbox 683 4568 816 4618; x_wconf 76' lang='lat' dir='ltr'><strong>Kalendas</strong></span> <span class='ocrx_word' id='word_1_351' title='bbox 829 4567 992 4618; x_wconf 76' lang='lat' dir='ltr'><strong>Februarias.</strong></span> <span class='ocrx_word' id='word_1_352' title='bbox 1023 4560 1123 4616; x_wconf 75' lang='lat' dir='ltr'><strong>Sedes</strong></span> <span class='ocrx_word' id='word_1_353' title='bbox 1136 4559 1244 4616; x_wconf 88' lang='lat' dir='ltr'><strong>duabus</strong></span> <span class='ocrx_word' id='word_1_354' title='bbox 1260 4559 1440 4629; x_wconf 83' lang='lat' dir='ltr'><strong>sequentibus</strong></span> <span class='ocrx_word' id='word_1_355' title='bbox 1453 4557 1509 4627; x_wconf 90' lang='lat' dir='ltr'><strong>epi·</strong></span> 
     </span>
     <span class='ocr_line' id='line_1_42' title="bbox 215 4643 1509 4721; baseline -0.01 -12"><span class='ocrx_word' id='word_1_356' title='bbox 215 4656 303 4714; x_wconf 69' lang='lat' dir='ltr'><strong>stolis</strong></span> <span class='ocrx_word' id='word_1_357' title='bbox 324 4650 481 4708; x_wconf 72' lang='lat' dir='ltr'><strong>manifeste</strong></span> <span class='ocrx_word' id='word_1_358' title='bbox 498 4650 617 4721; x_wconf 88' lang='lat' dir='ltr'><strong>patebit,</strong></span> <span class='ocrx_word' id='word_1_359' title='bbox 634 4649 705 4704; x_wconf 85' lang='lat' dir='ltr'><strong>hanc</strong></span> <span class='ocrx_word' id='word_1_360' title='bbox 724 4666 779 4702; x_wconf 88' lang='lat' dir='ltr'><strong>uua</strong></span> <span class='ocrx_word' id='word_1_361' title='bbox 797 4667 859 4702; x_wconf 89' lang='lat' dir='ltr'><strong>curu</strong></span> <span class='ocrx_word' id='word_1_362' title='bbox 877 4646 930 4701; x_wconf 91' lang='lat' dir='ltr'><strong>illis</strong></span> <span class='ocrx_word' id='word_1_363' title='bbox 948 4647 1060 4701; x_wconf 88' lang='lat' dir='ltr'><strong>missam</strong></span> <span class='ocrx_word' id='word_1_364' title='bbox 1073 4646 1165 4712; x_wconf 87' lang='lat' dir='ltr'><strong>inisse,</strong></span> <span class='ocrx_word' id='word_1_365' title='bbox 1183 4663 1274 4715; x_wconf 86' lang='lat' dir='ltr'><strong>neque</strong></span> <span class='ocrx_word' id='word_1_366' title='bbox 1287 4645 1357 4699; x_wconf 84' lang='lat' dir='ltr'><strong>adeo</strong></span> <span class='ocrx_word' id='word_1_367' title='bbox 1370 4643 1509 4696; x_wconf 87' lang='lat' dir='ltr'><strong>immerito</strong></span> 
     </span>
     <span class='ocr_line' id='line_1_43' title="bbox 214 4735 1362 4816; baseline -0.011 -20"><span class='ocrx_word' id='word_1_368' title='bbox 214 4738 443 4816; x_wconf 73' lang='lat' dir='ltr'><strong>primogenium</strong></span> <span class='ocrx_word' id='word_1_369' title='bbox 461 4736 609 4792; x_wconf 88' lang='lat' dir='ltr'><strong>lectionem</strong></span> <span class='ocrx_word' id='word_1_370' title='bbox 628 4735 750 4791; x_wconf 87' lang='lat' dir='ltr'><strong>retineri.</strong></span> <span class='ocrx_word' id='word_1_371' title='bbox 1360 4802 1362 4809; x_wconf 16' lang='grc' dir='ltr'><strong>Α</strong></span> 
     </span>
    </p>

    <p class='ocr_par' dir='ltr' id='par_1_15' title="bbox 214 4812 1509 4984">
     <span class='ocr_line' id='line_1_44' title="bbox 292 4812 1509 4896; baseline -0.01 -17"><span class='ocrx_word' id='word_1_372' title='bbox 292 4832 315 4896; x_wconf 68' lang='grc' dir='ltr'><strong>Ι)</strong></span> <span class='ocrx_word' id='word_1_373' title='bbox 338 4824 387 4879; x_wconf 84' lang='lat' dir='ltr'><strong>lta</strong></span> <span class='ocrx_word' id='word_1_374' title='bbox 406 4821 452 4890; x_wconf 79' lang='lat' dir='ltr'><strong>N‘,</strong></span> <span class='ocrx_word' id='word_1_375' title='bbox 475 4822 520 4877; x_wconf 90' lang='lat' dir='ltr'><strong>cui</strong></span> <span class='ocrx_word' id='word_1_376' title='bbox 541 4821 662 4877; x_wconf 84' lang='lat' dir='ltr'><strong>concinit</strong></span> <span class='ocrx_word' id='word_1_377' title='bbox 679 4820 812 4875; x_wconf 85' lang='lat' dir='ltr'><strong>historica</strong></span> <span class='ocrx_word' id='word_1_378' title='bbox 829 4819 905 4874; x_wconf 84' lang='lat' dir='ltr'><strong>tides.</strong></span> <span class='ocrx_word' id='word_1_379' title='bbox 941 4818 1012 4874; x_wconf 83' lang='lat' dir='ltr'><strong>G¹a¹</strong></span> <span class='ocrx_word' id='word_1_380' title='bbox 1034 4823 1131 4873; x_wconf 83' lang='lat' dir='ltr'><strong>Zenoni</strong></span> <span class='ocrx_word' id='word_1_381' title='bbox 1147 4823 1274 4886; x_wconf 75' lang='lat' dir='ltr'><strong>depasto,</strong></span> <span class='ocrx_word' id='word_1_382' title='bbox 1304 4832 1423 4884; x_wconf 83' lang='lat' dir='ltr'><strong>moxque</strong></span> <span class='ocrx_word' id='word_1_383' title='bbox 1442 4812 1509 4868; x_wconf 85' lang='lat' dir='ltr'><strong>editi</strong></span> 
     </span>
     <span class='ocr_line' id='line_1_45' title="bbox 214 4919 353 4984; baseline -0.022 -18"><span class='ocrx_word' id='word_1_384' title='bbox 214 4919 353 4984; x_wconf 58' lang='lat' dir='ltr'><strong>accipio.</strong></span> 
     </span>
    </p>

    <p class='ocr_par' dir='ltr' id='par_1_16' title="bbox 1242 4988 1307 5051">
     <span class='ocr_line' id='line_1_46' title="bbox 1242 4988 1307 5051; baseline -0.015 0"><span class='ocrx_word' id='word_1_385' title='bbox 1242 4988 1307 5051; x_wconf 84' lang='lat'><strong>12*</strong></span> 
     </span>
    </p>
   </div>
   <div class='ocr_carea' id='block_1_10' title="bbox 0 0 1730 5678">
    <p class='ocr_par' dir='ltr' id='par_1_17' title="bbox 0 0 1730 5678">
     <span class='ocr_line' id='line_1_47' title="bbox 0 0 1730 5678; baseline 0 4"><span class='ocrx_word' id='word_1_386' title='bbox 0 0 1730 5678; x_wconf 95' lang='lat' dir='ltr'><strong> </strong></span> 
     </span>
    </p>
   </div>
  </div>
 </body>
</html>
