3412 5664
789 320 816 367 S.
834 318 1041 367 HORMISDAE
1064 318 1178 365 Paphi}

837 505 1020 610 Epistola
1046 506 1127 591 133.

208 645 335 769 ᾶρθῡῇζξ
522 660 735 728 hormisdae
758 677 869 746 papae
891 659 935 726 ad
957 660 1146 728 tustinum
1166 660 1436 744 imperatorem.

552 801 590 850 De
605 802 659 864 fide
674 802 854 866 promissorum
871 802 930 865 ejus
947 817 1072 866 nunquam
1089 817 1117 851 se
1136 800 1265 852 dubitasse
1282 802 1416 866 aptificat.

499 933 745 1017 Hormisda:¹)
767 933 928 999 Justino
950 935 1144 1020 Augusto·

433 1052 610 1118 Benedicta
625 1052 768 1117 Trinitas
783 1052 870 1118 Deus
884 1056 1005 1136 noster,
1028 1054 1085 1138 qui
1105 1053 1195 1127 vobis
1217 1053 1436 1139 gubernacula
1455 1057 1578 1122 comnbit

348 1155 504 1220 mundani
526 1154 667 1239 imperii,
696 1154 811 1239 quibus
833 1177 900 1220 non
922 1154 1025 1219 solum
1047 1177 1105 1240 pro
1124 1155 1197 1240 jure
1224 1156 1318 1241 regni
1340 1158 1495 1222 veneratio
1511 1158 1579 1223 debc-

348 1260 451 1341 retur‚
487 1278 595 1321 verum
623 1257 720 1321 etiam
747 1278 806 1341 pro
833 1256 964 1343 gloriosi
991 1256 1148 1322 modestia
1175 1260 1207 1322 et
1233 1257 1424 1343 integritate
1448 1261 1579 1344 propositi.

217 1366 329 1430 e1³·1'2fl·
349 1360 432 1425 Vere
454 1360 540 1424 enim
562 1358 778 1444 glorificamus
793 1358 907 1442 Deum,
930 1359 1022 1424 lectis
1044 1362 1168 1423 vestrae
1190 1359 1322 1442 pietatis
1340 1359 1515 1445 apicibus²),
1532 1363 1580 1446 qni·

348 1464 406 1528 bus
429 1462 604 1547 promissae
626 1461 797 1546 legationis
816 1482 939 1526 moram
961 1482 1019 1546 pro
1041 1461 1229 1525 infirmitate
1252 1460 1323 1545 ejus
1329 1511 1338 1545 ,
1363 1462 1417 1545 qui
1431 1462 1582 1549 dirigendus

346 1567 463 1647 fuerat,
488 1564 668 1629 excusando
691 1563 761 1628 luce
784 1563 900 1628 clarius
923 1563 1115 1646 reddidistis,
1138 1584 1235 1647 quam
1258 1584 1369 1628 curam
1383 1564 1456 1629 fidei
1471 1564 1583 1649 etpudo

347 1668 391 1732 ris
413 1666 590 1749 haberetis,
613 1665 834 1748 ostendentes,
861 1686 967 1730 rerum
989 1686 1146 1729 summam
1167 1664 1357 1750 regentibus
1384 1687 1449 1731 non
1469 1665 1584 1731 sufficere

348 1769 388 1833 ad
410 1767 636 1833 dominationis
659 1767 783 1851 apicem
805 1790 900 1852 quam
922 1767 1071 1831 obtinent
1097 1769 1308 1852 potestatem,
1340 1768 1404 1832 nisi
1430 1774 1585 1832 ornamenta

346 1892 470 1935 morum
491 1869 711 1955 pretiosiorem
732 1868 856 1934 faciant
877 1869 1103 1954 principatum.
1149 1868 1262 1934 Servet
1285 1869 1371 1934 eirca
1391 1891 1457 1955 vos,
1480 1871 1585 1935 clemen·

346 1973 469 2037 tissime
497 1972 687 2056 imperator,
721 1971 808 2036 Deus
836 1975 946 2037 noster
973 1971 1129 2037 beneficia
1157 1993 1230 2053 sua,
1270 1974 1303 2035 et
1330 1971 1501 2057 respiciens
1522 1972 1585 2037 bona

346 2077 469 2157 vestra,
500 2073 660 2158 largiatur
688 2075 834 2138 aeterna!
879 2072 948 2138 Nec
968 2095 1028 2138 nos
1050 2077 1159 2138 tamen
1181 2073 1353 2138 momordit
1380 2073 1446 2139 ulla
1466 2075 1584 2160 suspicio,

348 2179 404 2240 aut
424 2174 579 2260 implendi
601 2175 787 2240 tarditatem
809 2176 956 2260 promissi
979 2175 1051 2262 dei)
1073 2175 1252 2239 mutatione
1268 2175 1459 2241 credidimus
1473 2177 1584 2242 creuisse

348 2277 483 2343 consilii.
524 2276 625 2341 Neias
648 2278 734 2341 enim
756 2280 826 2342 erat
847 2277 886 2342 de
908 2278 977 2362 ejus
999 2276 1104 2342 verbis
1126 2275 1270 2362 qualibet
1291 2277 1501 2343 sollicitudine
1520 2277 1584 2342 dobi-

346 2380 424 2461 tari,
450 2379 541 2463 cujus
562 2378 658 2443 fidem
679 2380 715 2444 in
737 2380 864 2466 magnis
886 2380 980 2444 rebus
1003 2379 1113 2444 datum
1135 2382 1184 2443 est
1204 2382 1273 2443 tam
1293 2379 1458 2445 evidenter
1471 2381 1583 2466 agnosci.

347 2481 513 2546 Redeunte
535 2480 636 2565 igitur
656 2479 723 2546 filio
738 2486 848 2547 nostro
866 2480 1034 2567 spectabili
1048 2481 1119 2545 siro
1133 2480 1272 2567 Eulogic
1284 2481 1417 2546 tribuno
1433 2485 1466 2548 et
1478 2481 1582 2561 notans,

349 2582 469 2648 cultum
491 2582 618 2647 debitae
641 2582 844 2648 salutationis
867 2582 1072 2668 exsolvimus,
1101 2583 1170 2649 Deo
1192 2604 1313 2668 magno
1336 2584 1492 2649 continuis
1511 2582 1582 2668 preti·

347 2686 407 2750 bus
429 2684 662 2769 supplicantes,
686 2688 723 2750 ut
744 2685 799 2770 qui
820 2688 926 2750 vestro
948 2684 1053 2750 studio
1075 2707 1133 2770 per
1154 2684 1299 2750 infideles
1321 2685 1455 2752 vulnera
1475 2687 1582 2770 impacta

348 2789 486 2870 curavit,
511 2808 589 2851 aevo
610 2787 700 2852 vobis
721 2809 780 2872 per
800 2788 947 2873 longiora
962 2791 1107 2872 tempore
1121 2792 1312 2873 propagato,
1335 2789 1489 2853 unitatem
1502 2785 1581 2852 lisele

349 2891 415 2954 siae
437 2889 595 2954 redditam
622 2911 661 2953 ex
683 2890 769 2953 omni
792 2911 916 2975 quoque
938 2890 1040 2954 faciat
1067 2893 1159 2975 parte
1181 2912 1338 2956 securam.
1383 2889 1466 2956 Date
1486 2888 1525 2954 [V
1542 2887 1580 2953 Cs-

348 2991 460 3056 lendas
482 2989 683 3074 Novembris,
707 2990 840 3056 Rustico
861 2991 930 3056 viro
953 2991 1129 3056 clarissimo
1152 2991 1291 3057 consule.

840 3211 1023 3317 apostola
1050 3213 1129 3298 134.
1201 3152 1204 3156 ⁴

214 3347 561 3472 “pgffiffflormisdae
583 3332 761 3449 papae'ad
783 3365 1006 3433 Dorotheum
1026 3366 1380 3435 Thessalonicensem
1402 3369 1585 3452 episcopum

401 3506 501 3556 Utinam
520 3521 584 3572 qaae
602 3507 634 3556 de
651 3507 695 3557 illo
710 3505 781 3568 sama
799 3508 898 3556 nuntiet
914 3522 976 3557 aera
998 3523 1048 3558 non
1069 3510 1136 3557 sint!
1176 3508 1211 3558 Ut
1231 3509 1258 3558 in
1279 3508 1552 3570 reconciliationem

678 3592 797 3651 atterum,
815 3593 859 3658 qui
873 3593 981 3650 reond,
999 3600 1122 3659 sequatur
1139 3597 1287 3657 exemptam.

500 3723 743 3810 Hormisda¹)
766 3722 965 3790 Dorotheo
988 3725 1176 3810 episcopo
1197 3725 1555 3792 Thessalonicensi.

434 3843 680 3909 Considerantes
694 3847 770 3908 tuae
784 3844 999 3909 fraternitatis
1011 3845 1179 3909 ecclesiam
1191 3850 1267 3910 ante
1282 3845 1514 3930 praetereuntis
1526 3842 1592 3908 mals

349 3945 525 4011 discordiae
548 3945 624 4010 olim
651 3967 723 4010 cum
749 3946 824 4011 sede
851 3946 1027 4032 apostoliea
1053 3947 1227 4033 praecipua
1253 3947 1353 4012 fuisse
1383 3947 1513 4012 caritate
1536 3966 1592 4010 ma·

344 4049 508 4132 junctam,
537 4051 569 4112 te
591 4069 694 4131 nuper
715 4047 804 4132 pacis
826 4048 991 4133 desuper²)
1020 4049 1163 4123 redditae
1191 4070 1259 4114 esse
1282 4049 1488 4114 credebamus
1507 4050 1593 4113 aucto

351 4293 399 4342 133
436 4289 454 4355 1)
473 4284 614 4356 Superiori
636 4285 738 4340 Justini
760 4285 896 4356 epistolae
920 4292 980 4353 las,
1006 4303 1091 4356 quam
1113 4285 1246 4357 Eulogius
1270 4286 1423 4356 detulerat,
1449 4284 1595 4346 recubitu

349 4372 495 4441 eidemque
512 4370 630 4441 Eulogio
649 4369 918 4442 Constantinopolim
936 4371 1064 4427 redeunti
1081 4372 1211 4428 creditur.

416 4460 437 4525 ¹)
456 4456 500 4511 lta
517 4455 561 4512 G¹.
597 4456 647 4511 Ed.
665 4461 779 4526 epistolis
851 4462 996 4513 reddidisti.

417 4543 437 4610 ⁸)
455 4542 499 4596 lta
516 4539 561 4596 θ’.
596 4540 646 4595 ad.
666 4561 712 4595 nee
729 4546 864 4597 mutatione
938 4547 1071 4598 medimna.

350 4631 399 4681 134
435 4628 455 4695 ¹)
472 4624 562 4696 ipsius
578 4626 713 4682 Dorothei
736 4626 938 4696 epistolae128
960 4628 1117 4699 respondet.
1157 4629 1195 4684 Ut
1212 4628 1312 4684 eodem
1336 4629 1382 4685 die
1405 4643 1461 4699 quo
1481 4624 1594 4699 proxima

349 4710 390 4766 ita
407 4711 437 4766 et
454 4709 545 4766 eidem
561 4711 679 4782 Eulogio
696 4710 807 4766 videtur
823 4712 936 4770 tradita.

417 4798 438 4864 ²)
456 4795 506 4850 Ed.
527 4797 615 4852 omitt.
634 4804 758 4867 deciman,
783 4798 811 4853 ct
828 4813 892 4852 mox
912 4820 962 4869 pro
981 4804 1157 4866 fraternitatis
1179 4812 1238 4855 tuce
1308 4806 1432 4856 tarditate
1499 4812 1543 4853 ton
1558 4816 1593 4850 tr

349 4885 482 4940 sacrabite.
