3450 5678
677 359 848 411 neronom
874 351 901 409 1.
1363 346 1425 413 643

160 514 342 599 Narniensi,
368 513 486 580 Sereno
508 514 713 579 Nomentano
723 515 773 601 ¹⁰),
798 514 964 579 Adeodato
979 514 1137 598 Cannensi,
1162 514 1327 599 Stephano
1342 516 1532 582 Nur-aleo.

159 619 238 703 sino,
257 617 400 682 Dulcitio
416 615 598 699 Sabinensi,
623 617 800 681 Fortunato
815 617 1003 702 Anagnino,
1020 616 1192 681 Paschasio
1203 616 1425 702 Vultmnensi,

158 719 359 802 sancimen)
382 718 535 805 Signino,
559 718 690 783 Valerio
712 718 831 785 Caleno
842 719 891 805 ¹²),
923 718 1119 784 Felicissimo
1142 718 1302 804 Caudino,
1331 726 1427 785 Inno-

158 823 263 888 centio
285 821 659 908 Forosemprcniensi¹³),
684 819 835 886 Colonico
858 820 1106 905 Foroclodiensi,
1128 821 1314 907 Epiphanio
1325 822 1427 888 Bene-

156 927 311 1007 ventano,
344 922 495 989 Johanne
518 922 749 1010 Spoletino¹⁴),
783 922 973 989 Constantio
993 922 1180 989 Venafrano
1187 974 1196 1007 ,
1231 923 1428 989 Maximiano

155 1026 322 1110 Perusino,
346 1024 499 1091 Sallustio
521 1025 686 1108 Amerino,
715 1025 857 1089 lanciano
868 1026 905 1111 15)
929 1025 1164 1110 Tarquiniensi,
1194 1024 1332 1091 Molensi
1347 1024 1427 1094 cen-

155 1127 368 1212 tumcellensi,
392 1126 562 1214 Basilio¹⁶)
577 1127 778 1212 matellicati,
800 1126 963 1191 Florentio
978 1126 1141 1211 Plestano,
1164 1126 1260 1192 Justo
1268 1127 1308 1214 ¹⁷)
1324 1126 1428 1193 Ache·

154 1230 296 1314 rontino,
320 1228 518 1295 Maximiano
540 1228 848 1314 Subaugustanoffl),
873 1228 1049 1294 Fortunato
1071 1229 1248 1315 Fulginati,
1277 1228 1428 1295 Johanne

155 1331 334 1397 Vibonensi
342 1331 392 1417 ¹⁸),
411 1330 591 1396 Gaudentio
606 1330 758 1396 Tadinati
768 1331 818 1416 ¹⁰),
835 1331 941 1395 Felice
956 1329 1129 1415 Nepesino,
1154 1330 1274 1397 Sereno
1288 1330 1426 1416 Nolano,

156 1434 304 1520 Aucupio
318 1432 507 1516 Puteolano,
531 1432 700 1498 Timotheo
716 1432 905 1516 Abellinati,
929 1432 1108 1519 Marioti²⁰)
1125 1433 1268 1516 Femati,
1292 1432 1427 1499 Rosario

156 1535 357 1618 Surrentino,
381 1533 464 1600 Urso
486 1535 684 1621 Reatino²¹),
714 1533 878 1620 Stephano
900 1533 1126 1619 Neapolitano,
1151 1534 1332 1600 Gaudentio
1349 1534 1427 1601 Vul-

156 1636 289 1722 sinensi,
312 1636 504 1721 Projecticio
525 1637 745 1719 Foronovano,
770 1635 952 1701 Gaudentio
975 1635 1188 1721 Salamitono,
1212 1635 1333 1712 Quinto
1349 1636 1428 1703 Tea-

156 1739 267 1823 nensi,
296 1736 457 1803 Bellatore
480 1738 686 1826 Ostiensi22),
716 1738 892 1823 Lampadio
913 1737 1230 1824 Urbissalriensi²³),
1262 1739 1428 1804 Adeodato

156 1840 344 1924 Formiano,
378 1840 509 1926 Urso²³)
533 1840 705 1925 Stabiano,
737 1839 911 1906 Saturnino
933 1839 1220 1925 Herdonitano²⁴);
1253 1840 1427 1926 Gordiano,

224 2114 257 2182 ¹⁰)
274 2117 362 2168 Iasius
380 2116 579 2175 Acherunticas,
611 2112 710 2182 quiin
732 2111 982 2183 subscriptionibus
1004 2112 1141 2168 hocloco
1164 2112 1291 2183 ponitur,
1317 2113 1428 2171 demum

157 2197 245 2253 molto
267 2195 381 2252 inferius
403 2197 534 2265 sequitur.
572 2197 659 2252 Porro
677 2198 739 2252 loco
757 2202 879 2252 Cerrenn'
899 2198 931 2251 ΒΙ
954 2196 1000 2252 hio
1017 2201 1140 2266 Larenai,
1169 2199 1216 2267 qui
1238 2200 1334 2255 tamen
1355 2199 1429 2255 infra

157 2299 221 2337 eum
237 2281 272 2336 E*
283 2281 317 2335 Ρ*
329 2281 425 2336 HOh¹
439 2281 469 2335 h’
482 2299 512 2337 cc
530 2286 672 2337 cerrensis.
712 2285 829 2336 Acerrae
847 2283 913 2337 urbs
932 2281 1102 2352 Campaniae
1120 2284 1171 2338 est.

227 2370 257 2435 ¹¹)
274 2366 327 2421 Hic
345 2365 490 2437 episcopus
508 2368 537 2422 et
554 2367 648 2433 ceteri,
666 2384 718 2436 pro
737 2366 837 2436 quibus
855 2368 902 2422 alii
915 2367 1101 2436 subscribunt,
1119 2368 1173 2424 hoc
1184 2370 1352 2425 tamenloco
1365 2369 1429 2424 sim·

155 2449 267 2522 pliciter
284 2451 356 2506 sicut
372 2449 420 2505 alii
437 2453 624 2506 recensentur.
653 2452 721 2506 Post
732 2454 877 2506 Sanctarum
895 2452 924 2505 in
941 2452 1191 2523 subscriptionibus
1208 2453 1333 2523 sequitur
1350 2459 1428 2510 Inno-
1521 2483 1527 2491 ·

155 2541 254 2591 centias
271 2540 424 2591 Foroaensis
443 2535 488 2591 hia
507 2536 631 2591 omissus.
997 2532 1004 2548 '

226 2622 256 2690 ¹¹)
273 2619 322 2675 K¹²
339 2623 445 2676 Galenio
463 2623 492 2675 et
508 2621 582 2675 infra
592 2627 772 2677 Galcnotanae.
801 2626 861 2677 Calc
878 2622 1010 2677 veloces
1028 2624 1094 2677 urbs
1107 2622 1276 2695 Campaniae
1295 2641 1312 2679 a
1329 2623 1428 2680 veteri·

155 2706 213 2761 bns
231 2721 315 2776 saepe
332 2706 496 2761 memorata.
1108 2708 1111 2713 ’

226 2793 258 2859 ¹³)
274 2790 352 2845 Infra
372 2790 426 2845 hoc
447 2790 509 2845 loco
532 2797 681 2845 Valentinus
699 2822 732 2831 -
752 2796 928 2847 Amiterninae
950 2814 1000 2862 pro
1024 2798 1137 2849 Itomano
1160 2800 1280 2864 episcopa
1305 2802 1427 2851 ccclesiae

158 2881 316 2931 Pitinatinnc.

186 2992 189 3000 ·
226 2962 257 3030 ¹⁴)
275 2960 310 3014 B¹
328 2964 455 3030 Spoliir'no
527 2965 678 3029 Benesrano
702 2967 881 3018 MaximiIianc
905 2961 990 3029 (inira
1013 2980 1074 3017 cnm
1097 2966 1135 3033 3β
1156 2967 1352 3033 Maximianus);
1380 2965 1428 3020 alii

155 3045 233 3100 infra
251 3048 404 3114 Spaleianar
478 3049 658 3100 Constantinus
730 3052 868 3102 Maximus.

227 3132 257 3200 ¹⁵)
276 3131 320 3184 Ita
336 3129 370 3183 Βι
389 3131 418 3185 et
434 3131 531 3185 favent
548 3133 575 3200 {3¹
590 3133 618 3201 d²
630 3133 666 3199 βθ.
702 3131 757 3185 Alii
774 3132 848 3187 infra
865 3137 1020 3187 Licinianus.

225 3217 257 3283 ¹⁸)
275 3215 361 3270 Deest
377 3214 451 3269 inira
468 3215 496 3268 in
515 3215 771 3286 subscriptionibus,
791 3219 819 3271 et
836 3216 940 3272 ibidem
951 3223 1039 3272 Instar
1051 3223 1237 3274 Acherontinas
1256 3220 1298 3287 (B'
1313 3225 1428 3277 Aceron-

156 3304 236 3370 tinua)
255 3300 320 3370 post
337 3304 459 3354 Serenam
476 3305 656 3355 Nomentanam
673 3301 786 3372 positus.
824 3302 897 3357 00¹⁰
914 3307 1085 3359 Florentiam.

227 3389 257 3454 ¹²)
274 3385 308 3439 ΒΙ
323 3388 544 3454 Subanpuciranns
557 3391 585 3441 et
596 3386 669 3441 infra
680 3391 883 3456 Subanpestriae,
903 3391 940 3442 c¹⁰
951 3392 1164 3457 Satrapestcnns.
1187 3394 1349 3460 Sabaupnsta
1361 3393 1429 3448 urbs
1483 3438 1486 3448 .

155 3469 232 3526 Latii
248 3470 277 3524 in
295 3469 413 3524 confinio
432 3469 599 3525 Sabinorum
616 3473 690 3539 erat,
716 3471 765 3526 nbi
788 3473 859 3527 teste
877 3473 1021 3528 Holstenio
1045 3474 1157 3530 condita
1181 3475 1234 3530 fuit
1250 3477 1357 3533 Helena
1374 3480 1428 3533 Au·

158 3557 246 3626 gusta
262 3559 353 3610 mater
371 3553 552 3610 Constantini.

227 3643 259 3711 ¹⁸)
276 3641 310 3694 Βι
323 3645 469 3696 Viennensi.
491 3640 564 3696 Vibo
576 3641 642 3696 urbs
653 3642 816 3697 Brutiornm
828 3642 992 3714 episcopalis
1004 3644 1054 3698 sub
1067 3644 1277 3716 archiepiscopo
1289 3647 1426 3719 Rhegino.

227 3728 258 3794 1θ)
277 3726 310 3779 In
327 3725 576 3796 subscriptionibus
594 3726 639 3781 hic
656 3726 786 3782 inseritur
805 3734 950 3783 Mercurius
968 3750 990 3786 e.
1010 3749 1032 3786 e.
1052 3733 1180 3785 Satricae.

225 3812 258 3879 ²⁰)
276 3809 328 3864 Hic
346 3810 459 3879 quidem
477 3810 622 3883 episcopus
633 3812 662 3866 in
673 3812 933 3883 subscriptisdeest.
961 3815 1048 3869 Porro
1061 3820 1162 3869 Fernae
1181 3816 1246 3871 urbs
1264 3817 1428 3888 episcopalis

159 3895 309 3952 Hiberniae
331 3894 437 3950 insulae
459 3896 509 3950 sub
533 3896 740 3967 archiepiscopo
759 3896 915 3952 Cassiliensi
939 3904 1007 3952 erat.
1047 3898 1102 3953 Sed
1123 3900 1216 3970 potius
1238 3900 1283 3956 hio
1305 3901 1428 3970 aliquam

161 3981 257 4037 urbem
273 3979 385 4036 Africae
402 3980 530 4036 similitor
547 3983 691 4036 sonantem
710 3982 752 4050 (ut
772 3987 1002 4045 caenomanica
1021 3985 1067 4052 al.)
1086 3985 1285 4041 substituerim.

224 4067 259 4135 ⁸¹)
276 4066 331 4120 Pro
349 4065 402 4121 hoc
420 4066 531 4133 quidem
549 4065 622 4121 infra
639 4066 771 4121 Rosarius
790 4066 966 4122 Surrentinus
984 4068 1140 4138 subscribit,
1163 4069 1211 4125 sed
1230 4071 1308 4127 deest
1326 4077 1429 4128 Reatini

163 4150 335 4223 significatio

226 4239 259 4306 ¹²)
278 4237 312 4289 B¹
330 4240 472 4290 Hoetienci.
511 4235 617 4291 Deinde
639 4237 668 4290 in
691 4237 852 4308 subscriptis
874 4237 1001 4307 sequitur
1018 4243 1121 4294 Marius
1144 4261 1185 4309 ep.
1204 4249 1265 4298 cccl.
1288 4246 1429 4309 Tifernatic

162 4320 205 4377 hic
222 4319 348 4377 omissus.

227 4405 450 4476 2⁸)ltaB1OE‘1).
487 4406 564 4462 Intra
580 4408 617 4461 Η8
635 4412 707 4462 urbis
726 4413 866 4475 Albiencle,
893 4409 930 4463 Η6
949 4413 1018 4463 urbis
1030 4412 1187 4474 Albineneis,
1212 4411 1280 4466 editi
1296 4416 1368 4467 urbis
1380 4416 1428 4465 AI·

162 4495 252 4549 heneis.
291 4492 378 4547 Porro
399 4496 466 4547 Urbe
483 4495 570 4548 Salvia
593 4492 727 4562 oppidum
744 4492 839 4548 Piceni
861 4494 929 4548 erat.
970 4494 1035 4549 Mox
1057 4495 1091 4549 Β1
1112 4500 1179 4552 (liro
1197 4501 1332 4563 Sinniana,
1355 4496 1429 4551 infra

163 4578 255 4632 eutem
275 4581 356 4633 Ursae
373 4581 520 4640 Stabianae,
544 4577 592 4631 ubi
609 4579 646 4631 Η3
659 4580 675 4648 β
688 4578 722 4631 Ε2
747 4577 874 4633 similiter
892 4581 1041 4644 stabianus,
1068 4579 1117 4634 Κ12
1129 4586 1156 4635 0⁹
1167 4584 1205 4636 c¹⁰
1224 4587 1369 4645 Arretinae,
1392 4581 1428 4636 Pl

164 4659 233 4716 infra
251 4666 359 4720 Statirae.
387 4662 474 4716 Porro
494 4661 608 4717 Stabiae
626 4664 692 4717 urbs
711 4663 875 4734 episcopatis
888 4662 1057 4734 Campaniae
1076 4667 1127 4721 sub
1146 4665 1352 4736 archiepiscopo
1365 4665 1429 4720 Sur·

163 4746 270 4802 rentino
289 4747 359 4802 erat.

229 4834 260 4900 ²⁸)
278 4832 313 4886 Βι
330 4832 376 4887 hic
394 4832 431 4888 ad
448 4850 550 4904 marg,
577 4833 625 4886 K¹²
642 4832 672 4887 in
689 4834 768 4889 textu
785 4837 879 4890 notat:
906 4840 943 4891 Ει
964 4841 1169 4907 εαὸεοήρεοπιπε
1190 4842 1307 4907 episcopi
1327 4858 1430 4894 aunem

169 4920 244 4973 LXV
260 4930 286 4973 et
303 4923 387 4987 Papa,
405 4924 552 4990 presbytcri
568 4940 669 4977 nienrera
688 4924 818 4975 LXXIII
836 4927 957 4979 diacones
974 4944 1076 4979 numero
1092 4927 1152 4977 VII
1170 4921 1228 4992 (K12
1240 4930 1342 4980 diaconi
1350 4927 1428 4993 Vll).

1160 5008 1228 5075 41*
