3412 5664
349 335 410 400 788
786 332 1039 417 sinoamsnnu
1061 346 1175 395 nanas

242 533 266 569 a.
278 522 335 570 517.
348 526 405 589 pro
427 506 555 587 patrum
577 502 697 587 regulis
720 503 946 586 excubantem,
980 502 1158 566 ostendatis
1185 523 1241 566 vos
1269 521 1328 584 per
1354 498 1433 562 odia
1442 498 1470 581 ⁸)
1495 496 1630 561 damna·

346 611 452 669 torum
476 606 634 669 consortia
657 627 764 668 amare
785 604 937 669 fidelium.

432 709 462 770 2.
499 707 542 770 Et
564 707 638 791 quia
660 729 718 791 per
738 706 989 770 insinuationem
1018 705 1197 770 dilectionis
1224 707 1300 768 tuae
1327 703 1430 787 hujus
1458 701 1560 766 nobis
1582 707 1630 765 est

348 811 434 895 viat)
457 809 622 892 patefacta
644 809 878 892 providentiae,
908 830 1147 871 remuneramus
1175 805 1427 870 sollicitudinem
1455 806 1571 885 tuam,
1599 809 1634 866 et

347 911 481 974 servatis
508 912 685 995 privilegiis
712 910 1030 994 metropolitanorum
1061 912 1147 973 vices
1179 908 1269 972 vobis
1304 905 1514 992 apostolicae
1547 905 1633 968 sedis

347 1016 478 1099 eatenus
495 1011 689 1097 delegamus,
713 1015 750 1075 ut
765 1013 798 1075 in
815 1012 951 1095 speculis
961 1013 1000 1092 ¹⁰)
1016 1012 1097 1095 sitis,
1122 1014 1155 1075 et
1169 1011 1236 1074 sive
1251 1032 1299 1092 ea,
1323 1030 1409 1093 quae
1425 1005 1470 1071 ad
1487 1028 1634 1071 canones

347 1116 513 1198 pertinent
535 1115 614 1197 et¹¹)
638 1137 656 1176 a
678 1113 771 1176 nobis
794 1117 871 1176 sunt
892 1135 993 1197 nuper
1014 1113 1179 1195 mandata,
1203 1116 1383 1193 serventur,
1408 1110 1483 1174 sive
1499 1108 1635 1193 quidde

348 1216 570 1280 ecclesiasticis
593 1216 695 1279 causis
718 1215 851 1298 dignum
873 1216 1029 1278 relatione
1058 1215 1246 1298 contigerit,
1275 1213 1336 1277 sub
1365 1216 1426 1276 tua
1458 1211 1560 1275 nobis
1587 1211 1635 1273 in-

347 1319 528 1381 sinuatione
543 1317 736 1400 pandantur.
769 1316 843 1379 Erit
864 1314 924 1380 hoc
946 1317 1044 1380 studii
1067 1339 1104 1381 ac
1120 1315 1344 1380 sollicitudinis
1360 1319 1454 1395 tuae,
1480 1311 1637 1377 attalem

346 1423 380 1483 te
402 1421 436 1482 in
459 1419 509 1482 his
532 1441 612 1502 quae
632 1419 849 1502 injunguntur
871 1417 1032 1500 exhibeas,
1056 1418 1206 1481 attidem
1227 1417 1532 1500 integritatemque
1555 1415 1637 1498 ejus,

347 1521 438 1603 cajus
462 1542 570 1584 curam
594 1521 744 1604 suscipis,
768 1520 912 1584 imiteris.
958 1519 1042 1584 Data
1057 1519 1104 1583 lV
1119 1518 1230 1583 Nonas
1246 1518 1372 1602 Aprilis
1388 1517 1547 1602 Agapito
1571 1518 1639 1582 viro

348 1622 523 1686 clarissimo
547 1623 686 1687 consule.
731 1622 844 1706 Ernst)
866 1622 964 1687 DLV.

847 1843 1028 1947 Epistola
1054 1845 1111 1927 25.

206 1959 334 2097 {ffl
453 1996 665 2062 Hormisdou
687 2013 798 2079 papae
820 1996 864 2061 ad
886 1997 1074 2063 univorsos
1096 1997 1277 2079 episcopos
1298 1995 1533 2078 Hispaniae.

368 2154 388 2202 1
405 2155 442 2201 ile
461 2154 636 2202 sacerdotibus
651 2154 729 2215 juxta
745 2155 869 2202 instituta
886 2166 1007 2202 emonam
1024 2154 1179 2202 ordinandis.

357 2240 389 2287 11
407 2239 440 2287 iit
457 2251 501 2300 pro
519 2241 669 2300 episcopatu
687 2240 829 2301 praemium
846 2250 894 2286 non
912 2240 1062 2301 accipiatur.

345 2324 390 2372 m
407 2324 445 2370 Ite
464 2324 571 2371 concilio
588 2336 633 2386 per
651 2336 728 2372 annos
746 2325 863 2385 singulos
881 2324 1038 2372 celebrando.

498 2472 789 2536 Dilectissimis
817 2473 1050 2558 fratribus¹)
1083 2473 1281 2536 universis
1318 2473 1542 2559 episcopis
1575 2494 1637 2558 per

590 2573 824 2658 Hispaniam
847 2575 1083 2638 constitutis
1105 2573 1329 2638 Hormisda.

434 2695 461 2755 1.
497 2692 672 2757 Benedicta
686 2693 829 2756 Trinitas
844 2693 931 2757 Deus
953 2697 1072 2776 noster,
1097 2693 1151 2777 qui
1172 2714 1230 2777 per
1252 2693 1528 2760 misericordiam
1549 2718 1634 2761 suam

346 2795 511 2859 Romanae
539 2794 733 2878 reipublicae
761 2817 818 2878 per
845 2796 1009 2858 universas
1031 2799 1139 2879 partes
1171 2816 1246 2858 suae
1268 2796 1363 2878 pacis
1388 2796 1634 2884 tranquillitate
1673 2854 1675 2861 ,

346 2896 471 2979 diffusa,
495 2897 587 2960 nobis
598 2918 732 3061 uquoque
755 2897 838 2959 viam
862 2895 1128 2960 demonstrandae
1151 2896 1236 2960 circa
1257 2918 1319 2960 nos
1342 2897 1500 2964 invicem
1524 2900 1632 2965 caria·

346 2999 388 3062 tis
416 2947 564 3062 indulsit:
598 2999 715 3082 utqui
744 2999 948 3062 cohaeremus
975 2998 1128 3062 firmitate
1155 2998 1294 3082 fidei,
1279 3021 1477 3084 Jungamur
1511 3022 1632 3088 quoque

347 3100 452 3163 votiva
470 3099 674 3183 jucunditate
697 3098 861 3184 colloquii,
885 3122 947 3184 quo
969 3100 1111 3185 facilius,
1142 3100 1217 3164 dum
1238 3121 1298 3184 per
1320 3101 1521 3168 litterarum
1543 3102 1629 3168 mini·

414 3376 434 3440 ὃ)
453 3372 478 3425 J¹
492 3372 559 3425 Jth
578 3372 620 3425 ed.
643 3391 752 3440 perosos
771 3377 943 3425 damnatorum
961 3379 1103 3436 consortia,
1127 3383 1256 3426 elamore
1276 3378 1403 3440 fldeir‘nne.
1440 3375 1625 3432 Praetainn

347 3476 408 3511 curn
426 3458 461 3510 Κ3
476 3456 510 3510 0⁷
523 3455 568 3509 0¹⁰
583 3458 634 3524 Γβ
652 3477 701 3524 per
723 3462 783 3509 ralia
805 3463 978 3512 ‹iarnnaloram
1000 3464 1130 3512 consortia
1151 3479 1240 3513 amare
1257 3463 1384 3525 fidelium.
1420 3460 1458 3515 In
1477 3478 1537 3517 uno
1553 3460 1623 3516 &tlh

347 3543 437 3596 exstat
455 3547 583 3595 consortio
602 3562 687 3594 amare
702 3547 821 3608 fideliam.

413 3632 434 3694 ⁹)
452 3626 502 3679 Ed.
521 3632 576 3679 viae
593 3630 726 3693 yralesacta
742 3633 921 3695 providentia:
940 3627 1117 3696 corriguntur
1135 3644 1168 3681 ex
1185 3629 1233 3682 0¹⁰
1245 3631 1299 3699 Γβ
1311 3628 1344 3686 i’.

414 3715 446 3780 ¹⁰)
463 3713 507 3764 lta
525 3711 581 3765 Γί2
593 3713 622 3764 a³
640 3711 666 3775 (J
671 3714 676 3746 ¹
696 3718 721 3764 in
738 3719 848 3780 speculis
870 3715 946 3780 irtio).
966 3744 999 3751 -
1016 3712 1067 3766 Ed.
1085 3729 1147 3766 cum
1165 3712 1188 3766 0
1206 3724 1233 3766 at
1250 3719 1379 3782 inspecta
1401 3722 1480 3779 istie,
1503 3722 1571 3777 eine:
1586 3716 1622 3786 lt

345 3801 471 3849 relinitis·
492 3801 600 3849 saeculis
622 3800 691 3859 rins,
715 3808 739 3849 et
760 3803 825 3853 sive.
849 3797 897 3850 alt.
922 3798 939 3864 β
957 3810 983 3850 at
1001 3803 1026 3850 in
1047 3804 1158 3866 spelaeis
1174 3804 1243 3863 sitia,
1268 3809 1294 3853 et
1315 3805 1380 3854 eive.
1423 3800 1492 3857 Huc
1513 3803 1621 3873 epod&

346 3882 420 3949 quod
443 3880 517 3934 infra
538 3880 687 3934 Ilormisda
713 3882 793 3951 epist
810 3888 857 3935 142
879 3900 905 3935 n.
921 3888 933 3934 1
959 3881 1032 3936 vices
1055 3898 1118 3936 suas
1144 3899 1196 3951 per
1220 3881 1369 3938 Baeticam
1397 3886 1432 3939 et
1454 3886 1620 3942 Lmtnniu

345 3965 476 4020 Sallustio
490 3965 679 4031 committens,
696 3965 795 4019 haliet:
814 3978 935 4034 aupentes
946 3978 1013 4020 taam
1024 3972 1102 4034 lajas
1110 3973 1312 4037 participatione
1324 3974 1473 4025 ministerii
1482 3978 1621 4043 dipnitate·

345 4059 487 4104 relevantes
505 4063 607 4104 nostras
625 4057 737 4118 ejusdem
755 4058 865 4105 remedio
884 4056 1043 4106 eaecrtbiae.

415 4138 445 4204 ¹¹)
463 4136 495 4189 ln
513 4135 633 4203 vulgatis
654 4142 706 4191 eive
730 4157 795 4205 qaae
817 4137 871 4202 (vel
888 4143 940 4191 eive
958 4157 989 4190 ea
1008 4143 1083 4207 qnae)
1101 4159 1118 4191 a
1135 4142 1206 4193 nobis
1277 4144 1335 4193 sive
1353 4159 1387 4194 ee
1409 4162 1483 4213 quae
1501 4148 1535 4198 de
1550 4148 1619 4198 tecle

344 4227 456 4275 siasticie
479 4229 563 4273 causis
585 4231 642 4274 taoe
663 4229 813 4275 revelationi
835 4228 987 4289 contiperinl
1004 4222 1059 4290 (vel
1080 4225 1257 4292 corriperent).
1296 4223 1332 4278 In
1352 4224 1506 4298 plerique
1522 4244 1583 4283 nn
1597 4234 1620 4279 el

345 4329 362 4359 a
379 4311 451 4359 nolis
519 4311 570 4358 sire
589 4312 620 4359 tle
639 4312 817 4360 ecclesiasticis
834 4313 918 4361 caveis
936 4319 993 4360 letae
1011 4313 1161 4363 revelationi
1182 4313 1329 4378 continent.
1366 4307 1523 4368 Sinoenn
1536 4310 1620 4367 1οᾶ

345 4408 409 4445 nem
431 4389 611 4460 suppeditant
633 4390 737 4459 260¹⁰
754 4397 781 4446 Γ
797 4391 833 4460 (J1
856 4397 908 4445 siae
929 4398 973 4461 qni
993 4398 1025 4446 de
1108 4398 1193 4447 (νοεὶν
1213 4398 1270 4447 dan
1292 4401 1431 4453 relatione
1453 4398 1620 4469 mil·

346 4474 513 4530 concinnior
530 4476 603 4530 esset
618 4475 702 4530 lectio
720 4489 745 4530 et
762 4483 814 4532 sive
833 4498 883 4547 qna
900 4483 935 4531 ad
952 4479 1004 4531 etc.

413 4562 445 4629 ¹²)
463 4561 495 4613 In
513 4561 602 4614 maai
620 4561 665 4615 hic
682 4562 827 4630 subjicitur
845 4567 902 4616 Era
915 4567 1002 4631 DLV,
1021 4580 1092 4631 quac
1109 4566 1178 4619 nota
1194 4580 1258 4618 cam
1275 4564 1382 4621 eodem
1395 4584 1479 4625 anno
1490 4574 1540 4625 oti
1556 4584 1624 4624 et·-

345 4645 466 4715 ponitur.
486 4676 520 4684 —
538 4645 600 4699 00Ι
620 4652 694 4699 Aera
711 4652 899 4704 DCXLVIII.

344 4737 378 4786 26
415 4734 433 4799 ¹)
451 4730 489 4811 ΙΨ
498 4729 651 4801 inscripsit:
670 4736 695 4784 I.
709 4735 829 4800 Epistola
846 4736 960 4787 Oratione
978 4755 1046 4802 pape
1064 4741 1100 4790 aei
1115 4742 1246 4791 aniversae
1263 4726 1333 4807 ειν-ἰν.
1372 4744 1559 4798 Ilileetieflt
1568 4742 1624 4809 In·
1640 4782 1643 4793 .

345 4819 425 4870 tribas
443 4825 498 4886 epis
514 4837 564 4884 per
579 4824 719 4871 universam
736 4824 891 4886 provinciam
908 4825 1100 4874 consistentibus
1119 4825 1235 4875 (lrrnieda
1251 4842 1336 4892 papa.
1370 4824 1505 4900 11⁰¹un
1519 4826 1555 4882 Β
1568 4842 1618 4881 fl

343 4921 409 4971 parc
427 4913 452 4954 et
471 4909 652 4973 tranquillitate
722 4910 884 4957 rnorrstrantie
903 4910 973 4958 rirrn
986 4927 1030 4961 nos
1043 4913 1160 4961 raritatis
1222 4913 1249 4961 in
1261 4928 1313 4963 noe
1325 4930 1413 4983 aeque
1427 4954 1469 4971 ...
1479 4916 1614 4971 min
