3412 5664
634 332 830 384 nrrsrouns
854 323 1045 383 133-135.
1416 318 1478 385 957

206 507 287 551 rem.
333 484 394 552 Sed
421 486 496 571 quia
525 507 604 570 quos
632 488 819 571 praevenire
847 488 1017 571 debueras,
1053 486 1142 570 sequi
1170 486 1268 550 etiam
1294 490 1474 572 remoraris,
1489 505 1583 555 acuo

206 610 274 653 non
307 588 421 653 leviter
453 611 512 673 pro
539 589 742 654 fraternitate
771 592 828 654 tua
855 588 974 654 dilatae
1003 587 1208 653 correctionis
1238 588 1478 673 ingemiscimus

204 691 404 756 tarditatem.
449 690 569 756 Scribis
591 691 678 756 enirn
699 713 792 756 aures
814 695 941 756 nostras
964 690 1128 776 cujusdam
1156 689 1285 755 sceleris
1307 693 1478 759 atrocitate
1490 719 1533 774 ep.
1545 710 1601 760 128.

203 793 366 859 turbatas.
410 791 546 859 Utinam
567 815 667 878 usque
689 794 730 859 ad
750 816 810 859 nos
837 797 966 858 tantum
989 792 1187 858 detestabilis
1208 793 1296 857 fama
1316 815 1479 878 percurre-

203 898 273 978 ret,
298 899 331 960 et
351 916 418 960 non
439 897 508 960 toto
530 897 607 961 orbe
629 894 821 962 Christianis
842 895 1004 961 mentibus
1026 899 1094 959 tam
1116 894 1287 960 dolendum
1310 919 1405 981 quam
1427 918 1479 961 ex-

202 997 363 1062 secrabile
384 996 511 1061 facinus
533 998 716 1082 nuntiaret,
739 999 809 1081 ut³)
830 999 884 1083 qui
903 1002 936 1062 te
951 998 1156 1063 innocentem
1170 999 1330 1081 nesciunt,
1355 997 1479 1064 aGhri-

203 1099 384 1164 stianitstis
406 1098 501 1164 simul
524 1099 657 1164 credant
678 1101 807 1164 tramite
830 1101 987 1165 deviasse!
1027 1100 1066 1164 In
1082 1122 1144 1184 qua
1160 1099 1245 1165 enim
1261 1100 1371 1165 mundi
1386 1104 1479 1185 parte

202 1201 419 1266 immanitatis
440 1199 535 1285 hujus
558 1201 681 1267 invidia
707 1224 772 1267 non
803 1205 835 1267 et
858 1202 1031 1268 catholicas
1053 1203 1225 1267 contristat
1246 1201 1412 1286 ecclesias,
1446 1205 1480 1266 et

203 1304 441 1369 haeretieorum
462 1325 562 1388 prava
583 1306 658 1368 vota
679 1304 849 1389 laetificat,
878 1327 959 1390 quae
985 1327 1044 1369 nos
1067 1326 1086 1367 a
1106 1303 1286 1369 dilectionis
1309 1307 1382 1368 tuae
1405 1326 1477 1370 con-

203 1406 359 1490 scientia,
383 1405 468 1471 sicut
489 1403 605 1469 litteris
627 1405 775 1491 intimas,
806 1407 932 1472 ostendi
956 1407 1100 1491 cupimus
1123 1405 1242 1470 aliena!
1287 1405 1369 1481 Quid
1392 1406 1479 1471 enim

203 1507 288 1572 votis
316 1509 435 1573 nostris
463 1508 567 1593 magis
596 1510 761 1593 convenit,
796 1510 860 1574 nisi
886 1513 923 1574 ut
949 1508 1053 1574 redire
1082 1510 1123 1572 ad
1151 1530 1263 1592 pacem
1287 1507 1477 1572 catholicam

204 1610 350 1675 volentes
373 1610 538 1695 episcopos
561 1631 580 1673 a
603 1609 792 1676 crudelitate
820 1614 853 1676 et
875 1611 1063 1676 criminibus
1091 1611 1262 1695 contingat
1283 1630 1408 1694 semper
1429 1610 1478 1674 in-

203 1712 319 1776 noxios
343 1712 553 1797 comprobari.
597 1712 830 1798 Exspectamus
852 1714 969 1799 igitur,
1000 1712 1028 1777 si
1054 1733 1121 1776 non
1142 1710 1259 1775 desunt
1279 1710 1477 1775 fraternitati

203 1816 282 1878 tuae
303 1814 449 1879 veritatis
471 1814 540 1880 Deo
561 1817 639 1880 nota
660 1815 835 1900 praesidia,
870 1818 907 1880 ut
934 1819 967 1879 et
987 1815 1074 1879 tanti
1096 1813 1223 1879 sceleris
1247 1836 1266 1877 a
1286 1816 1319 1878 te
1341 1812 1477 1896 repellas

203 1916 377 2001 invidiam,
407 1921 439 1982 et
460 1917 495 1981 in
517 1917 778 1983 reconciliatione
805 1917 879 1982 fidei
901 1918 1032 1982 tandem
1055 1937 1164 1981 eorum
1185 1916 1240 2001 qui
1261 1915 1378 1980 reversi
1401 1917 1478 1979 sunt

204 2019 349 2104 sequaris
372 2018 527 2104 exempla.
577 2018 663 2084 Data
684 2018 732 2084 IV
754 2018 912 2086 Calendas
933 2018 1139 2101 Novembris,
1168 2016 1302 2083 Rustico
1323 2017 1393 2083 viro
1414 2016 1476 2082 ela·

203 2120 331 2185 rissimo
355 2121 493 2186 consule.
1421 2113 1431 2126 ”

695 2308 877 2414 Epistola
902 2308 981 2393 135.
1498 2402 1501 2407 ,

360 2460 561 2529 iustiniani
584 2462 656 2530 viri
678 2461 841 2530 illustris
863 2460 907 2527 ad
928 2461 1155 2528 Hormisdam
1178 2479 1316 2545 papam.
1502 2455 1538 2521 (a.
1552 2459 1602 2508 ⁶20

191 2648 192 2655 ,
241 2601 276 2651 Ut
293 2601 327 2651 de
344 2603 474 2666 captatis,
499 2616 563 2666 quae
580 2618 630 2667 per
647 2604 744 2668 kpatos
767 2619 849 2667 nuper
871 2603 1011 2661 dedaste,
1038 2604 1188 2653 seutentiam
1203 2617 1274 2652 suem
1292 2603 1441 2668 qusntodce
1492 2523 1609 2659 9ἕὲῗῦ

727 2689 851 2752 explicet,
869 2694 960 2741 monci.

288 2818 471 2904 Diligenter
493 2819 722 2903 apostololatus
739 2822 843 2885 vester
858 2819 1018 2905 cognovit,
1042 2823 1163 2905 quanto
1178 2819 1252 2884 fidei
1268 2818 1373 2884 calore
1389 2819 1473 2886 filius

203 2923 311 2985 vester
332 2921 554 2987 serenissimus
576 2921 750 3006 imperator
779 2943 900 3006 nosque
927 2921 1046 2986 fuimus
1073 2922 1115 2985 ab
1145 2922 1249 2987 initio.
1300 2920 1475 3008 Nunquam

203 3024 398 3087 cessavimus
421 3044 533 3108 agere,
556 3045 638 3109 quae
659 3024 868 3109 pertinebant
889 3023 930 3088 ad
951 3023 1188 3088 firmamentum
1210 3024 1376 3109 religionis
1396 3024 1474 3090 divi-

201 3147 277 3189 nae.
321 3123 384 3190 Pro
411 3148 474 3210 qua
501 3148 536 3190 re
564 3148 667 3211 nuper
694 3127 792 3192 etiam
819 3125 1099 3190 reverendissimos
1130 3126 1310 3191 sacerdotes
1337 3125 1474 3193 Romam

201 3225 392 3311 direximus,
427 3230 464 3292 ut
493 3227 656 3313 integrum
685 3231 928 3313 componeretur
960 3227 999 3292 de
1028 3227 1192 3312 capitulis,
1226 3228 1340 3312 quibus
1368 3229 1409 3294 ad
1436 3251 1474 3294 ea

201 3327 349 3393 dubietas
373 3329 565 3394 vertebatur.
611 3328 672 3396 Sed
694 3331 896 3417 ignoramus,
919 3352 1000 3416 quae
1022 3329 1195 3394 difficultas
1216 3331 1415 3416 provenerit,
1439 3336 1475 3396 ut

200 3430 336 3496 minime
358 3431 541 3516 sopirentur
562 3431 718 3497 hactenus
742 3454 779 3497 ea
801 3454 881 3517 quae
903 3431 1052 3497 videntur
1079 3452 1147 3497 esse
1169 3430 1340 3496 levissima.
1385 3430 1474 3498 Salu-

200 3535 312 3597 tantes
334 3554 411 3618 ergo
433 3537 573 3598 vestram
594 3534 808 3599 reverentiam
828 3534 967 3619 petimus
978 3534 1013 3621 ¹),
1042 3536 1079 3599 ut
1100 3532 1189 3599 nulla
1210 3534 1403 3618 praebeatur
1423 3556 1474 3600 oc·

201 3635 302 3719 casio,
325 3658 388 3720 qua
410 3636 448 3699 de
470 3638 527 3700 tua
548 3637 717 3721 quisquam
738 3639 841 3722 possit
862 3638 1024 3724 ambigere
1039 3637 1215 3720 voluntate,
1239 3636 1295 3701 sed
1317 3635 1473 3702 habentes

200 3758 281 3820 prae
303 3737 402 3801 oculis
420 3738 578 3823 judicium
599 3739 779 3823 majestatis
807 3760 980 3824 supernae,
1009 3738 1111 3803 modis
1140 3737 1288 3803 omnibus
1316 3739 1473 3803 festinare

200 3839 393 3923 dignemini.

405 4017 505 4025 -η

271 4113 292 4181 ⁸)
310 4111 362 4166 Hic
379 4112 519 4183 particula
536 4126 564 4168 ai
581 4131 681 4170 causae
700 4114 755 4169 vim
767 4131 801 4170 ac
811 4114 894 4169 finem
911 4112 1025 4168 minime
1042 4112 1143 4179 habet,
1162 4112 1211 4169 sed
1228 4114 1347 4170 refertur
1359 4112 1396 4169 ad
1414 4127 1472 4180 tau,

199 4213 292 4263 eaque
310 4196 481 4265 declaratur,
500 4197 534 4253 de
551 4199 694 4254 Dorotheo
711 4200 832 4254 immane
851 4198 921 4253 adeo
939 4198 1027 4254 scelus
1040 4199 1157 4268 jactari,
1175 4201 1207 4253 ut
1225 4197 1273 4267 qui
1284 4216 1347 4253 eum
1358 4197 1431 4252 illius
1442 4215 1473 4253 re

198 4281 264 4351 ipsa
281 4298 360 4337 reum
377 4282 505 4350 eredunt,
523 4282 604 4338 simul
621 4284 650 4339 et
661 4282 848 4339 Christianam
858 4283 1058 4354 professionem
1071 4284 1192 4354 ejurasse
1203 4285 1311 4354 putent.
1341 4282 1474 4338 Notanda

199 4366 366 4422 Hormisdae
385 4366 540 4423 moderatio
564 4371 649 4436 atque
671 4369 833 4440 prudentia,
858 4386 914 4437 qua
930 4368 1105 4424 Dorotheum
1125 4368 1294 4439 praecipuae
1311 4366 1385 4422 sedis
1402 4368 1473 4423 anti-

199 4451 296 4506 stitem
315 4451 453 4508 devincire
472 4454 556 4523 atque
574 4453 611 4508 ad
629 4454 765 4509 unitatem
783 4453 923 4508 Ecclesiae
940 4452 1074 4509 reducere
1092 4454 1220 4509 conatur:
1238 4452 1278 4507 sic
1294 4450 1387 4506 animo
1400 4469 1473 4506 com·

198 4537 329 4606 paratus,
351 4539 383 4591 ut
405 4554 467 4591 cum
489 4555 522 4593 eo
544 4538 620 4593 velut
642 4557 704 4594 cum
727 4539 837 4594 insonte
859 4539 940 4608 agat,
963 4537 1046 4593 modo
1069 4539 1139 4593 haec
1159 4536 1335 4607 indrdgentia
1356 4535 1472 4592 unitatis

199 4621 335 4675 beneficio
355 4624 555 4693 compensetur.

201 4714 252 4761 135
288 4708 307 4777 ¹)
324 4706 369 4762 lta
387 4724 448 4763 eum
467 4708 532 4763 bce
550 4709 724 4765 correximus.
762 4708 796 4763 θ’
810 4712 835 4764 s'
853 4720 928 4778 peto,
946 4711 977 4763 et
993 4708 1095 4764 omitti.
1115 4729 1165 4778 que
1183 4724 1216 4763 ac
1232 4716 1369 4763 solariete.
