3412 5664
348 319 411 384 786
788 332 816 382 s.
832 331 1040 382 aoaursnun
1061 329 1175 409 rarus
1247 399 1248 402 Ἴ

240 504 334 553 aori.
347 511 453 556 remus
486 489 628 574 ipsarum
664 486 801 551 lectione
834 486 1029 550 chartarum.
1086 484 1173 549 Data
1200 482 1263 547 XV
1291 482 1450 549 Calendas
1478 484 1577 552 Martius

348 592 492 677 Agapito
515 590 654 656 consule.

846 775 1029 879 Epistola
1055 777 1112 861 23.

207 924 332 1047 ³332}ss
498 929 710 997 Hormisdae
732 945 843 1012 papae
869 928 913 994 ad
936 927 1134 996 Johauuem
1156 929 1457 1013 diospolitanum.

381 1073 420 1120 ne
437 1073 569 1128 riiolesiiis,
592 1087 655 1137 qaus
673 1073 713 1120 ille
728 1072 840 1134 potitor.
865 1072 1023 1127 consolatur,
1047 1078 1122 1135 atqire
1141 1077 1165 1121 ct
1183 1072 1239 1135 ipse
1256 1073 1283 1120 ia
1298 1072 1352 1132 fide
1371 1076 1485 1120 constans
1499 1070 1553 1118 silei
1578 1079 1620 1141 qu

379 1161 513 1220 episcopos
529 1158 676 1221 provinciae
693 1171 755 1205 snae
772 1157 798 1203 in
816 1156 904 1204 coelem
922 1159 1065 1204 constantin
1083 1157 1225 1217 confirmet,
1243 1155 1372 1208 hortatur.
1409 1153 1552 1218 Deprendit

448 1243 483 1291 nd
500 1243 677 1306 imperatorem
693 1257 743 1305 pro
759 1241 938 1305 generalitatis
955 1241 1038 1304 pariete
1056 1241 1183 1291 mittendis
1199 1257 1228 1290 se
1246 1242 1363 1305 capitone
1380 1240 1503 1303 ripaticos.

498 1373 707 1437 Hormisda
729 1372 750 1437 J
758 1373 907 1437 ohanni
930 1374 1118 1457 episcopo
1140 1372 1439 1456 Nicopolitana.

432 1495 460 1556 1.
485 1492 661 1557 Remeaute
676 1492 823 1557 Pullioue
838 1493 1032 1557 subdiacono
1047 1496 1156 1557 nostro
1178 1492 1305 1557 litteras
1326 1490 1467 1556 cauom
1483 1491 1571 1553 veson

345 1595 558 1680 suscepimus,
582 1595 621 1659 dc
645 1596 828 1660 constantia
850 1594 924 1658 fidei
947 1594 998 1658 vel
1021 1595 1059 1658 de
1081 1593 1281 1676 intentione,
1305 1615 1402 1678 quam
1424 1592 1498 1656 cirea
1514 1612 1570 1655 oon·

346 1698 530 1762 munionem
552 1698 634 1761 sedis
658 1697 852 1781 apostolieae
874 1696 1003 1782 geritiS,
1033 1695 1252 1781 gratulantes:
1282 1695 1338 1760 sed
1361 1693 1522 1759 conanae
1537 1713 1569 1754 su·

344 1822 424 1883 mus,
449 1799 532 1884 quud
553 1822 610 1863 vos
632 1799 755 1884 aliquas
778 1800 935 1863 sustinere
957 1798 1155 1884 molestias¹)
1178 1796 1367 1881 perhibetis.
1410 1796 1474 1861 lsts
1492 1800 1570 1859 aneu

343 1903 527 1966 diuturnam
549 1923 615 1965 non
637 1904 773 1985 possunt
794 1899 912 1965 habere
935 1900 1159 1982 substantiam,
1182 1900 1258 1984 quia
1274 1899 1329 1964 ubi
1344 1898 1431 1963 Deus
1443 1894 1569 1983 pureooli·

342 2008 404 2087 tur,
429 2003 489 2067 etsi
512 2003 644 2066 adversa
668 2001 881 2087 contigerint,
906 2003 938 2066 in
949 2002 975 2088 ²)
996 2004 1158 2086 prosperis
1181 2005 1418 2066 commutantur
1437 1996 1570 2065 seeuuduu
1601 2065 1610 2089 ·

248 2116 328 2170 Item.
343 2104 524 2189 apostolum
551 2104 724 2169 dicentem:
752 2109 827 2184 Spes
850 2125 910 2168 non
933 2110 1055 2185 decipit.
1100 2103 1261 2168 Dubitans
1288 2102 1494 2188 apostolorum
1510 2098 1570 2183 priu-

224 2190 317 2306 Mgpfsl
343 2229 417 2291 ceps
439 2206 592 2270 incedens
614 2228 672 2290 per
693 2206 828 2290 pelagus
851 2206 1024 2291 laboravit3
1058 2228 1131 2271 mox
1159 2209 1269 2271 tamen
1297 2205 1445 2269 invocato
1467 2200 1570 2268 Domino

236 2296 325 2386 14,3o.'
341 2332 397 2373 suo
419 2312 568 2393 paratum
591 2306 714 2390 habuit,
738 2309 792 2392 qui
814 2330 887 2372 cum
909 2311 1056 2391 porrecta
1078 2331 1176 2373 manu
1191 2316 1257 2373 n'on
1273 2309 1438 2391 pateretur
1450 2303 1570 2370 saona

343 2410 525 2475 discrimen.
562 2409 651 2495 Ergo
674 2413 839 2475 auctorum
861 2414 1044 2474 nostrorum
1066 2414 1235 2496 sequentes
1251 2407 1397 2492 exempla
1418 2411 1450 2473 et
1466 2407 1496 2471 iu
1513 2404 1571 2489 ipso

342 2534 412 2576 rum
434 2512 495 2576 fide
517 2516 758 2595 permanentes,
794 2512 879 2575 illius
907 2533 1075 2595 poscamus
1104 2511 1274 2594 auxilium,
1309 2511 1348 2575 de
1370 2532 1432 2594 quo
1452 2507 1569 2592 scriptia

242 2608 328 2702 icor.
342 2618 405 2679 est:
437 2618 493 2689 (ini
513 2635 567 2678 nos
589 2635 649 2678 oon
673 2620 795 2678 dimittit
815 2620 931 2677 tentori
955 2635 1051 2694 supro
1081 2635 1159 2694 quoe
1176 2634 1344 2694 possumus.
1394 2610 1490 2696 Igitur
1513 2604 1570 2672 solu·

242 2683 326 2744 10,1s.
341 2719 448 2779 tentes
472 2716 638 2780 caritatem
660 2719 748 2780 tuam
770 2714 946 2799 hortamur,
976 2719 1011 2779 ut
1033 2715 1298 2800 quemadmodum
1320 2713 1528 2798 praediximus,
1547 2707 1571 2770 io

226 2813 327 2936 iffi
340 2817 391 2882 his
413 2840 494 2903 quae
517 2818 598 2882 bene
620 2816 773 2882 inchoata
794 2821 871 2881 suut
892 2839 1090 2901 perseveres:
1113 2817 1189 2902 quia
1205 2825 1259 2898 qui
1274 2822 1443 2898 persteterit
1461 2814 1572 2895 mooe&

273 2924 279 2948 ’
321 2926 327 2936 '
340 2927 445 2998 finem,
470 2925 520 2984 tic
542 2927 643 2984 solvus
664 2927 731 2984 erit.

425 3023 456 3086 2.
494 3020 690 3105 Frequenter
713 3021 858 3105 alloquiis
879 3022 944 3086 tuis
966 3025 1111 3087 nostram
1125 3021 1374 3086 sollicitudinem
1388 3022 1516 3085 relevare
1526 3034 1572 3078 uoo

341 3124 479 3188 desinas.
517 3122 717 3187 Paroeciales
738 3145 862 3207 quoque
885 3124 1065 3188 sacerdotes
1087 3128 1159 3188 tuos
1175 3123 1372 3208 competenti
1387 3117 1574 3186 adhortatione

342 3226 510 3307 confirma,
540 3226 615 3309 quia
641 3226 705 3289 ista
732 3225 880 3289 faciendo
906 3226 1065 3290 talentum
1093 3225 1154 3290 tibi
1176 3226 1334 3290 creditum
1361 3223 1480 3311 poteris
1498 3216 1577 3286 multi·

340 3328 461 3411 plicare
483 3327 634 3411 quotidie.
680 3325 728 3390 De
750 3326 806 3391 illa
828 3349 952 3412 quoque
974 3331 1077 3411 parte,
1108 3349 1204 3412 quam
1227 3327 1355 3392 dileetio
1377 3329 1434 3391 tus
1454 3322 1580 3411 postulet,

342 3428 566 3514 cogitamusi),
599 3432 635 3492 ut
664 3429 703 3491 ad
732 3428 958 3513 imperatorem
986 3429 1269 3495 clementissimum
1302 3450 1361 3513 pro
1388 3424 1586 3514 generalitatis

340 3532 446 3615 quiete
468 3552 579 3614 preces
601 3532 729 3594 nostrae
752 3532 953 3615 perveniant.
992 3532 1132 3597 Tantum
1148 3534 1207 3614 est,
1230 3536 1267 3596 ut
1282 3534 1393 3595 votum
1410 3530 1589 3614 studiiuuque

340 3637 485 3697 nostrum
508 3633 657 3717 congruis
680 3633 877 3698 orationibus
895 3634 1009 3717 juvare
1031 3656 1098 3698 non
1121 3655 1236 3716 cesseS,
1259 3633 1335 3718 quia
1350 3655 1410 3697 nos
1430 3633 1467 3698 in
1479 3632 1528 3698 hie
1541 3630 1595 3697 oa

340 3740 470 3799 auctore
492 3734 694 3818 perficiendis
715 3757 830 3799 vacare
851 3736 984 3800 minime
1006 3736 1214 3821 potuerimus.
1251 3734 1339 3799 Data
1354 3733 1385 3799 V
1399 3733 1515 3801 Nonas
1529 3734 1598 3800 iia·

339 3837 401 3900 tias
423 3837 568 3921 Agapitu
590 3836 658 3900 viro
681 3835 857 3901 clarissimo
881 3837 1020 3902 oousule.

338 4046 372 4094 ‘23
408 4042 428 4108 ¹)
446 4039 626 4106 Praesertim,
645 4041 676 4093 ut
692 4039 765 4094 infra
783 4040 862 4110 epist.
881 4046 914 4095 36
931 4059 960 4095 ιι.
980 4048 993 4094 1
1012 4040 1164 4110 pandetur,
1183 4039 1358 4095 aDorotheo
1372 4040 1612 4099 suessionicus

338 4125 469 4195 episcopo
487 4125 666 4194 affligebatur
683 4126 824 4180 Johauues
846 4142 879 4180 eo
898 4126 1028 4193 obtentu,
1052 4125 1127 4195 quod
1148 4125 1257 4180 litteras
1276 4124 1473 4182 ordinationis
1495 4146 1562 4184 nse
1574 4130 1613 4183 is

338 4208 414 4264 dices
430 4209 467 4263 ad
484 4209 575 4280 ipsum
592 4226 643 4279 pro
662 4226 739 4264 more
757 4228 813 4265 uon
831 4210 959 4265 misisset.

405 4297 427 4363 ²)
444 4294 512 4349 boo
530 4301 556 4349 in
573 4316 710 4364 prospero,

405 4383 426 4448 ³)
444 4385 610 4434 Poroeciales
632 4387 782 4435 sacerdotes
805 4381 941 4452 episcopi,
967 4381 1014 4450 qui
1031 4380 1244 4451 Nicopolitana
1261 4382 1422 4453 mohopoli
1440 4386 1579 4443 loborat
1591 4388 1618 4441 el

338 4480 407 4534 quos
424 4471 594 4533 provinciales
607 4480 707 4519 vocare
725 4484 775 4519 usu
794 4466 882 4532 veuit,
900 4466 1075 4534 intelligendi
1087 4468 1163 4533 sunt,
1182 4481 1237 4535 quo
1254 4466 1343 4536 psoto
1359 4478 1619 4536 paroeciam

337 4549 397 4604 looo
414 4556 561 4618 panadariae
580 4550 707 4619 usurpari
725 4550 805 4620 epist.
821 4557 859 4617 lo,
877 4558 908 4606 18
926 4555 956 4605 ct
972 4559 1005 4606 20
1023 4550 1277 4607 aniruadvertimus.
1296 4582 1329 4591 -
1340 4551 1412 4607 Mox
1431 4554 1454 4610 b
1473 4564 1620 4613 mm

337 4636 409 4702 (iooo
428 4638 626 4703 adhortatione).

404 4723 424 4789 ⁴)
443 4721 475 4773 Id
492 4737 556 4774 eum
574 4719 645 4774 serio
664 4720 800 4789 cogitare,
823 4722 902 4775 tostis
920 4724 962 4776 cst
981 4721 1107 4792 superior
1129 4721 1249 4792 epistola
1265 4739 1292 4774 n.
1313 4728 1346 4788 o,
1364 4724 1419 4779 uisi
1439 4727 1556 4783 scribit:
1589 4731 1620 4783 Β

337 4826 383 4857 rios
401 4813 499 4874 quidem
516 4812 713 4876 dispensationis
732 4820 835 4861 aristeae
854 4828 987 4868 inertiores,
1007 4827 1110 4861 neeesse
1127 4818 1166 4859 est
1178 4827 1222 4860 eos
1234 4814 1369 4875 repetitae
1381 4817 1620 4883 temam»

337 4911 480 4949 (Olidfmi'eo
