3412 5664
638 363 828 415 nrrsrouas
851 353 985 415 26-30.
1401 349 1445 415 39

222 534 282 591 tumn
297 528 452 586 adioolaol
471 527 608 587 laudatum
629 544 661 584 cx
677 527 765 601 aliqua
780 534 910 583 tractatus
933 525 1014 597 hujus
1036 533 1127 601 parte,
1150 542 1229 600 quam
1250 526 1443 590 desideremus,

221 625 335 692 ernrptum
349 632 417 670 esse.
440 613 493 670 Sed
509 630 593 688 quum
609 630 642 669 ιιι
658 613 718 684 ejus
734 609 869 687 pontilicis
886 619 958 668 tomo
970 610 1209 669 deanctdemctis
1224 614 1337 669 vinculo
1352 630 1380 668 ιι
1393 613 1443 678 13,

219 703 409 778 pmmtegrum
424 698 565 761 babemus,
587 700 738 773 exscriptus
753 699 803 761 sit,
826 697 916 753 nullus
939 705 982 753 est
1003 695 1077 752 illius
1098 695 1270 768 conjecturae
1291 697 1378 754 locus.
1415 698 1443 754 ld

217 790 297 845 ciana
314 785 402 841 mtrltis
422 784 537 841 saeculis
559 783 725 848 obtinuisse,
748 791 777 839 ut
797 781 921 854 subjecto
943 784 1046 855 scripto
1062 781 1173 838 daretur
1187 782 1319 856 epistolae
1334 799 1442 849 nomen,

217 871 346 930 bbrninm
366 868 549 927 code12579
574 868 606 924 ab
623 869 698 926 annis
719 869 826 924 circiter
842 868 904 927 700
919 874 1057 929 exaratus,
1083 884 1137 940 quo
1159 868 1290 924 nonnulla
1310 867 1368 940 ejus
1390 870 1443 926 ira·

216 965 290 1033 perta
303 957 489 1017 continentur,
510 953 664 1029 persuadet.
695 953 738 1010 Sic
759 954 829 1010 enim
844 954 872 1010 in
887 970 919 1009 eo
936 953 1088 1027 fragmenta
1103 952 1149 1008 illa
1163 952 1362 1010 inscribuntur:
1393 955 1444 1012 Ex

215 1043 301 1115 adnoto
314 1044 410 1098 tancti
424 1040 533 1097 Geloni
542 1042 577 1096 de
593 1043 706 1097 ratione
720 1040 875 1110 reddendo,
893 1040 970 1112 qnod
982 1039 1112 1095 Aeacius
1127 1045 1323 1110 competenter
1334 1039 1443 1111 suisset

214 1130 335 1188 ιιιιιιιιι,
351 1127 392 1183 cd
410 1129 561 1197 episcopos
582 1128 710 1182 orientis.
741 1123 869 1180 Similiter
883 1123 1024 1180 Gratianus
1041 1141 1064 1180 c.
1076 1122 1115 1179 12
1132 1122 1209 1180 1196
1224 1123 1374 1181 secuudum
1390 1126 1443 1182 ltn-

191 1264 198 1275 ,
214 1212 293 1268 elnon
306 1210 392 1268 libnb
408 1228 432 1266 c.
442 1209 501 1268 157
518 1209 600 1282 (155)
616 1217 644 1265 ιι
658 1208 835 1283 Polycarpum
851 1209 896 1265 l.l
916 1219 935 1265 t.
947 1209 984 1267 19
1007 1209 1189 1283 fragmentum
1211 1208 1345 1283 quoddam
1361 1209 1442 1281 hujus

214 1297 277 1371 aripti
287 1294 418 1352 inscribit:
448 1296 521 1352 Item
543 1294 676 1352 Gelenius
696 1297 736 1351 nd
749 1298 899 1367 episcopos
915 1298 1079 1352 orientales.
1125 1293 1204 1350 Certe
1225 1295 1248 1350 si
1269 1293 1441 1368 epistolarem

214 1382 289 1438 tomam
304 1381 457 1443 exordium,
481 1379 555 1455 quod
571 1388 722 1437 truncatum
739 1396 798 1435 esse
814 1380 900 1454 palam
915 1387 966 1443 est,
982 1381 1071 1436 minus
1088 1378 1229 1436 manifeste
1243 1395 1309 1453 prae
1321 1397 1350 1436 se
1364 1380 1441 1443 ierat,

214 1483 250 1522 earn
260 1467 364 1541 apertius
387 1464 530 1528 exhibent.
548 1482 617 1539 quae
633 1467 660 1521 io
676 1467 734 1536 ejus
750 1466 820 1521 serie
836 1464 1017 1521 disseruntur.

268 1551 291 1607 l.
318 1550 437 1626 Tempus
451 1559 550 1614 autem,
567 1568 621 1624 quo
637 1552 736 1624 scripta
751 1550 787 1605 sit
807 1551 872 1606 baec
888 1550 1010 1624 epistola,
1029 1550 1186 1606 ecbronica
1202 1557 1275 1614 nota,
1293 1550 1345 1623 dua
1360 1567 1439 1624 supe·

213 1637 435 1712 dorcansignatnr,
456 1634 520 1692 iicet
535 1637 671 1710 augurari.
700 1634 787 1702 Quum
803 1636 873 1691 onim
890 1636 998 1709 utrique
1014 1636 1164 1692 communis
1180 1636 1216 1691 sit
1232 1634 1345 1699 titulus,
1367 1643 1439 1692 utra·

213 1737 247 1795 ιιι
256 1722 321 1777 edam
335 1720 367 1777 ad
382 1719 454 1777 idem
470 1729 576 1794 tempus
592 1720 662 1777 haud
678 1728 779 1777 temere
794 1720 937 1777 reseratur.
968 1720 1050 1776 Valde
1066 1721 1138 1777 enim
1152 1718 1291 1794 probabile
1303 1728 1353 1783 est,
1371 1722 1439 1796 vigi·

213 1805 350 1862 bntbsimurn
373 1805 502 1862 ecclesiae
524 1812 661 1880 pastorem
676 1803 792 1880 fideique
814 1805 961 1862 catholicae
976 1804 1148 1862 defensorem
1164 1807 1336 1869 acerrimum,
1359 1806 1439 1863 simul

214 1890 356 1954 umanum,
372 1908 428 1965 quo
444 1890 578 1947 bardauos
594 1890 721 1947 adversus
737 1892 873 1965 captiosos
887 1889 1062 1948 Orientalium
1074 1906 1214 1947 sermones
1226 1891 1350 1954 muniret,
1367 1908 1440 1949 sum·

212 1975 257 2049 psit.
269 1975 294 2031 ad
307 1977 378 2051 ipsos
394 1977 475 2032 etiam
489 1976 637 2032 orientales
653 1975 839 2033 revinciendos
850 1977 966 2033 animum
982 1975 1122 2047 adjecisse.

270 2060 292 2117 3.
319 2064 339 2116 A
360 2059 458 2135 quibus
480 2061 629 2117 doctissimi
650 2060 785 2117 ballerinii
806 2062 841 2118 de
862 2066 971 2135 cntiqn.
994 2065 1106 2119 collect.
1129 2063 1212 2118 latin.
1237 2060 1291 2135 pil
1306 2061 1378 2117 ι.11
1395 2061 1439 2135 34

211 2160 249 2201 ιιι
260 2144 357 2202 nultum
371 2146 545 2202 dissentiunt.
568 2145 715 2220 Epistoiam
730 2148 798 2202 banc
814 2148 885 2202 enim
900 2146 975 2203 illum
987 2154 1129 2204 tractatum
1145 2163 1206 2203 esse
1222 2145 1344 2209 credunt,
1361 2163 1440 2220 quem

210 2229 299 2286 rusius
312 2229 424 2306 epistola
440 2230 616 2288 antecedente
627 2249 653 2287 n.
664 2231 703 2289 16
715 2230 850 2306 pollicitus
866 2241 931 2294 erat,
948 2250 977 2287 se
992 2232 1133 2289 intendere
1148 2231 1280 2294 scribens,
1297 2240 1327 2288 ut
1342 2234 1441 2289 eodem

210 2316 281 2378 latiur,
291 2317 453 2374 nilominus
468 2320 645 2373 concesserit
656 2317 839 2390 lecdtctem,
853 2325 1027 2389 ,exponeret
1050 2318 1163 2388 Quodsi,
1181 2317 1316 2391 inquirmt,
1333 2321 1439 2374 nonita

207 2401 311 2470 palinus
320 2408 369 2472 est,
382 2407 414 2458 ut
426 2420 484 2458 vox
493 2405 658 2464 ..letios“
671 2405 838 2476 sipnificore
852 2404 970 2473 videtur,
984 2405 1269 2460 animadvertendum
1281 2408 1332 2473 est,
1347 2406 1440 2475 ipsum

210 2486 346 2556 eceptclum
362 2501 439 2557 erse,
455 2490 495 2543 itc
512 2494 542 2543 ut
554 2489 642 2559 plura
659 2490 737 2543 initio
753 2489 962 2544 desiderentur.
993 2488 1083 2545 Forte
1099 2493 1198 2558 etiarn,
1216 2486 1331 2551 addunt,
1354 2488 1438 2545 Gein-

209 2570 312 2627 rissnun
325 2589 379 2629 nec
391 2572 520 2645 perfecit
534 2587 588 2629 nec
599 2573 699 2643 edidit,
716 2572 768 2628 sed
782 2579 811 2628 ut
826 2576 855 2629 in
871 2573 984 2630 schedis
999 2576 1067 2646 ejus
1081 2573 1288 2645 incentnssnit,
1305 2576 1335 2628 in
1346 2575 1440 2629 lucem

208 2654 293 2724 prcdiit.
325 2656 381 2713 lioc
396 2657 503 2731 quidem
519 2656 642 2713 similiter
660 2657 715 2727 jam
730 2673 811 2731 supra
827 2657 860 2713 de
875 2657 947 2715 illius
963 2657 1101 2732 epistolal
1120 2658 1288 2720 monuimus;
1305 2674 1356 2713 nec
1370 2673 1440 2732 quac

209 2740 352 2880 ffioffidfi
366 2742 498 2817 praesulis
519 2742 639 2799 sollertia
654 2749 681 2798 et
695 2743 928 2800 schismaticorum
943 2743 1084 2800 durissima
1099 2743 1260 2819 pervicacia,
1283 2760 1298 2798 a
1313 2759 1377 2800 vcro
1392 2741 1437 2798 ab·

270 2842 292 2881 re
304 2826 413 2883 ridetur.

409 2978 447 3038 In
469 2928 585 3038 Gelani
606 2993 706 3056 papae
728 2976 891 3055 epistolam
913 2977 953 3039 28
976 2973 1086 3057 („Quin
1100 2976 1201 3058 pcr“).

272 3096 299 3154 ir
312 3101 426 3157 Gratiani
441 3101 493 3157 ι.6
509 3099 588 3157 inat
609 3117 666 3156 eam
688 3101 829 3174 exscripsit
849 3108 877 3155 et
892 3101 994 3174 primus
1011 3101 1129 3175 vulgarit
1145 3101 1260 3157 llausius
1276 3100 1338 3158 coll.
1356 3119 1432 3158 couc.
1449 3097 1525 3168 [Edl

210 3178 271 3237 itu
281 3183 401 3242 coll34.
438 3183 500 3240 Earn
516 3182 542 3241 in
558 3184 693 3242 schedulis
709 3187 766 3241 suis
783 3202 814 3241 ιι
830 3184 967 3241 codicibus
983 3185 1145 3259 losapbateo
1162 3195 1190 3242 et
1205 3186 1353 3242 Pitbocano
1369 3186 1438 3243 deri·

210 3271 352 3325 sanctiam
368 3271 689 3333 memorattloustantius,
705 3269 781 3341 cujus
799 3279 888 3326 tamen
903 3269 1039 3345 eremplar
1054 3270 1131 3327 uobis
1149 3288 1203 3327 non
1220 3272 1315 3328 adluit.
1338 3272 1439 3337 llerita·

211 3356 253 3404 ten
261 3351 306 3422 ejus
318 3353 457 3412 contirmat
469 3373 522 3412 non
534 3355 623 3411 solum
635 3372 752 3430 sequens
763 3356 886 3430 epistola,
902 3354 949 3411 sed
965 3363 992 3411 et
1002 3357 1086 3430 ipsius
1102 3373 1162 3413 curn
1174 3374 1217 3431 ep.
1227 3356 1266 3415 26
1282 3358 1438 3414 consensio:

212 3431 347 3495 tumetum
362 3440 431 3498 banc
445 3441 602 3514 praecessit.
639 3439 717 3496 Certe
738 3458 792 3496 nou
813 3440 897 3515 longe
917 3442 1054 3514 posterior
1069 3448 1121 3497 est.
1158 3442 1210 3498 Sed
1233 3460 1283 3499 nec
1303 3458 1360 3498 eam
1382 3443 1438 3516 epi-

210 3517 262 3574 stola
271 3522 300 3580 18
313 3524 342 3579 ad
355 3525 464 3581 eosdem
475 3525 609 3581 Dardanos
625 3541 717 3581 mense
732 3526 857 3599 Augusto
873 3526 934 3581 atini
946 3525 1007 3582 494
1023 3527 1122 3600 scripta
1138 3529 1300 3583 anteriorem
1313 3526 1436 3598 judicari,

211 3617 362 3664 mensura
378 3610 519 3684 permittit.
546 3609 586 3664 dd
602 3609 841 3684 metropolitanos,
858 3611 898 3666 uti
912 3625 1030 3686 sequens
1046 3611 1162 3685 epistola
1177 3611 1266 3675 docet,
1283 3613 1363 3668 missa
1378 3612 1437 3674 luit,

213 3693 317 3750 Ιιιιιιι
330 3711 410 3769 opera
426 3696 523 3752 ceteris
539 3696 671 3769 episcopis
688 3694 835 3769 legeretur.
1408 3698 1411 3703 '

407 3846 446 3906 In
467 3845 584 3907 delesti
604 3860 705 3922 papae
727 3845 891 3922 epistolam
912 3844 953 3907 29
976 3842 1085 3926 (‚‚Quic
1099 3843 1199 3927 pcr“).

273 3961 300 4020 Ει
313 3968 425 4024 bucelini
440 3967 569 4024 Lucensis
584 3966 744 4024 collectione
759 3965 831 4024 libb
848 3985 869 4024 c.
879 3967 917 4024 41
935 3965 979 4040 (al.
996 3966 1047 4040 39)
1062 3967 1094 4022 ab
1111 3967 1252 4025 llolstenio
1268 3977 1344 4025 eruta
1360 3977 1387 4025 et
1403 3970 1429 4025 in
1444 3965 1496 4034 [ai.
1512 3962 1576 4031 Ed}

211 4046 260 4099 cdl·
276 4050 344 4109 don.
358 4055 414 4126 bip.
437 4053 456 4113 l,
474 4052 534 4109 215
550 4052 620 4108 edita
635 4062 686 4109 est.
719 4052 907 4109 Germanonsis
923 4052 1030 4127 quidem
1046 4052 1131 4108 codex
1147 4053 1232 4125 (libb
1248 4072 1271 4109 c.
1282 4053 1332 4124 35)
1348 4063 1376 4109 et
1388 4053 1437 4108 Va·

212 4128 288 4187 ιιιιιιιι
303 4138 372 4194 tout
396 4137 452 4209 (1.6
468 4155 492 4194 c.
502 4138 552 4208 36)
572 4138 671 4194 Natali
682 4139 854 4210 presbytero
871 4155 928 4194 eam
944 4137 1106 4199 inscribunt:
1130 4139 1177 4193 scd
1200 4141 1288 4194 verior
1309 4139 1363 4195 visa
1385 4148 1436 4200 est,

210 4228 263 4285 qur
277 4222 334 4293 apud
361 4222 531 4279 llolstenimu
552 4224 625 4279 etin
646 4218 806 4279 collectione
828 4222 968 4279 cardinalis
991 4222 1134 4278 lleusderlit
1161 4223 1267 4280 obtinet
1287 4224 1435 4296 itrscriptio.

210 4296 292 4359 blein
303 4305 395 4364 Natalis
412 4309 509 4364 merito
525 4307 650 4364 credatur
665 4309 779 4383 insignis
795 4307 891 4381 aliquis
915 4307 1059 4364 llarrlaniae
1073 4309 1234 4383 episcopus,
1258 4309 1299 4364 cui
1316 4308 1436 4363 ticlasius

211 4383 306 4452 *itm
325 4410 385 4467 prae
400 4395 499 4450 ceteris
515 4391 595 4448 iidem
610 4392 729 4449 haberet.
762 4391 835 4448 ilaue
855 4392 995 4467 epistolam
1017 4410 1069 4449 una
1091 4410 1151 4448 cum
1173 4395 1313 4468 superiore
1329 4394 1436 4448 missam

209 4483 255 4523 ‘⁵¹²
266 4479 419 4552 perspicuam
440 4487 490 4534 est.
521 4477 666 4552 Utriusque
687 4495 750 4534 rero
772 4477 911 4534 exordium
934 4495 1017 4551 quum
1037 4494 1179 4534 commune
1200 4480 1236 4534 sit
1257 4496 1287 4533 ac
1307 4494 1341 4534 nc
1361 4477 1436 4551 apice

210 4553 291 4623 Μ
303 4561 415 4621 diderat.
432 4563 464 4619 ab
480 4563 527 4619 illo
543 4562 697 4620 recudenda
714 4562 888 4619 abstinemus.

402 4714 440 4774 In
462 4713 580 4774 Galerii
601 4730 702 4791 papate
724 4714 887 4791 epistolem
909 4712 951 4774 30
973 4710 1208 4793 (,‚Resr'dcnte“).

274 4834 294 4887 l.
320 4834 390 4892 lutor
405 4834 555 4910 pontificias
571 4836 698 4909 epistolas
715 4836 813 4892 llomae
828 4837 942 4911 primum
964 4854 979 4891 ι
994 4844 1102 4892 vetusto
1117 4834 1210 4891 codice
1227 4836 1365 4897 Vaticano,
1387 4835 1434 4891 sed
1450 4837 1508 4905 {u³t

207 4910 264 4970 'ilie
277 4921 397 4978 nenrlmo
409 4931 437 4978 et
449 4922 475 4977 in
488 4938 542 4996 quo
554 4918 615 4978 bnis
626 4921 837 4987 desiderabatur,
853 4922 962 4998 vulgata
972 4931 1037 4978 sunt
1048 4922 1114 4978 baec
1125 4927 1210 4995 gesta.
1233 4920 1330 4977 Eadem
1341 4919 1437 4977 deinde
