3412 5664
452 301 645 354 nrisronns
670 292 805 353 16-24
828 305 873 352 nr
895 304 1055 353 onennra
1080 305 1218 356 soreos.
1244 298 1346 357 1-3.
1478 293 1538 361 103

202 470 479 536 Mediolanensi
491 466 623 542 leguntur
636 468 795 542 inscriptam
811 483 900 541 nequo
917 466 993 524 aliter
1007 466 1051 523 alii
1066 467 1146 540 liujus
1163 469 1291 525 ecelesiae
1307 478 1426 527 rectores
1439 474 1466 528 in
1479 481 1537 529 toto

203 559 390 636 registro
409 552 580 629 appellantur
600 555 650 610 uisi
672 554 801 628 episcopi.
840 552 982 609 Praeterea
1006 554 1158 628 praedictae
1184 556 1367 629 discriptionis
1396 557 1537 614 falsitatem

204 643 368 706 evincit
383 638 455 716 quod
470 640 498 695 in
513 647 645 696 contextu
660 639 790 715 legimns:
808 641 847 695 ad
862 646 888 694 te
905 641 1077 696 venerabilis
1092 642 1160 696 niilri
1174 643 1432 698 oirlistesllloeime
1444 661 1537 701 sermo

206 739 292 802 est,
320 729 387 784 cui
400 729 428 782 in
444 728 610 784 meritorum
626 729 784 782 testimonio
801 729 892 782 virius
907 729 1003 796 coepit
1017 743 1035 780 a
1053 728 1200 797 vocabulo,
1217 730 1314 800 inquo
1331 736 1415 784 (tetris
1431 733 1536 804 eloqui·

208 830 286 877 tur
312 816 381 888 qui
392 827 494 868 nomen
511 813 651 884 appellat.
683 810 856 884 Exploratum
873 811 1014 872 estenim‚
1038 812 1102 866 baec
1119 811 1196 867 rerba
1214 814 1260 868 riri
1276 830 1330 869 uon
1347 830 1420 877 esse,
1443 817 1535 888 qrriad

209 897 439 962 Laurentium
455 895 555 953 scribat
570 895 618 952 sed
634 898 680 971 qui
696 895 857 953 dioximum
879 895 1041 969 alloquatur.
1079 896 1110 951 m
1132 914 1196 952 roro
1218 899 1359 972 epistolam
1383 899 1536 971 hujusmodi

209 983 427 1065 symmacho
448 981 605 1038 attributam
626 983 653 1037 iu
676 981 750 1037 riullo
766 981 860 1037 codice
876 980 1035 1036 ollendimus
1052 983 1102 1037 uisi
1118 984 1144 1037 in
1161 981 1255 1039 isidori
1267 983 1420 1042 llereotoris
1436 989 1536 1062 compi·

210 1076 383 1134 latione.
402 1069 431 1124 in
452 1083 505 1143 qua
525 1075 553 1123 et
569 1066 635 1123 duas
651 1067 771 1141 synodos
787 1066 873 1122 eidem
890 1084 973 1141 papae
993 1070 1147 1141 suppositas
1163 1070 1285 1142 proxime
1301 1072 1407 1144 exeipit.
1440 1072 1467 1127 ln
1484 1072 1535 1128 lto-

210 1173 334 1217 ,ωε
365 1152 472 1228 quidem
494 1150 694 1228 pontificiarum
715 1152 891 1227 epistolarum
907 1152 1026 1208 editione
1042 1162 1151 1209 notatur
1166 1170 1206 1210 ea¹
1221 1155 1375 1212 Caesennio
1390 1157 1533 1231 descripta.

208 1243 297 1303 Sed
321 1242 388 1298 boc
401 1237 525 1314 exemplo
542 1236 664 1296 tinuatur
678 1239 750 1312 qood
766 1236 889 1313 pluribus
905 1238 962 1294 aliis
978 1238 1120 1313 probatum
1136 1248 1191 1302 est,
1208 1256 1269 1295 enm
1285 1240 1401 1304 seilicet,
1419 1245 1463 1316 qui
1480 1243 1535 1298 edi·

208 1334 368 1389 tionem
386 1323 532 1382 Romanam
553 1326 669 1389 curavit.
692 1325 759 1381 lalso
781 1325 870 1398 aliquo
894 1325 973 1380 titulo
996 1324 1138 1399 deceptum
1154 1326 1237 1381 multa
1253 1327 1327 1382 volut
1342 1344 1374 1381 ex
1390 1326 1534 1384 Crescouio

207 1412 407 1474 retulisse,
428 1426 498 1485 quae
514 1410 546 1468 ad
562 1409 638 1467 illum
654 1411 762 1467 minime
778 1412 925 1484 pertinent.
961 1409 1018 1466 lloe
1034 1411 1117 1485 igitur
1132 1413 1261 1485 scriptum
1278 1412 1417 1468 llercatori
1433 1430 1488 1469 non
1505 1422 1535 1469 ιιι

206 1499 371 1580 parenti
385 1496 433 1554 sed
448 1505 480 1552 ut
495 1496 634 1572 adoptanti
645 1495 791 1559 reddimus,
807 1505 903 1570 utpote
918 1495 996 1567 cujus
1012 1496 1077 1552 nibil
1094 1496 1164 1551 aliud
1181 1500 1319 1571 proprium
1336 1507 1378 1553 est
1393 1500 1443 1553 nisi
1460 1499 1532 1555 tituli

206 1584 388 1644 mutatio.
418 1581 447 1639 ln
462 1584 561 1639 ceteris
577 1581 690 1638 liabetur
705 1582 808 1638 llauimi
823 1581 975 1656 eloquium,
998 1581 1241 1656 quodliciuensis
1262 1583 1391 1639 ecclcsiae
1413 1586 1532 1658 regimen

205 1670 372 1729 ineunti
386 1667 523 1727 linnodius
539 1668 606 1725 dixit
620 1684 670 1725 sen
685 1667 827 1725 dicendum
843 1667 925 1723 dedit

389 1853 419 1917 8.
447 1853 486 1916 In
507 1852 683 1932 Symmachi
705 1852 867 1930 epistolam
890 1854 930 1913 ad
950 1853 1142 1914 Theodorum
1162 1852 1406 1915 laureacensem

634 1937 778 2022 (,‚1›1·ebos
792 1941 895 2012 oilae“‚
920 1941 1009 2016 bligue
1025 1941 1042 1996 l.
1056 1959 1079 1997 e.
1098 1935 1162 2020 72).

351 2079 508 2155 lll’bilippe
524 2077 630 2136 labbeo
646 2096 678 2136 ex
695 2078 842 2153 appendice
857 2077 889 2133 ad
907 2081 1063 2135 chronicon
1080 2080 1365 2153 Reieberspcrpcnse
1381 2089 1408 2136 ot
1423 2099 1453 2136 ei
1471 2082 1531 2139 Me-

220 2166 606 2240 nomenniomen
625 2165 760 2240 descripta
780 2173 822 2220 ost
843 2164 908 2220 liaeo
930 2164 1044 2238 epistola
1068 2173 1095 2219 et
1117 2166 1214 2220 ceteris
1230 2167 1380 2238 Sprnrnoclri
1397 2166 1530 2237 adjuncta.

223 2245 363 2309 Eum
375 2252 599 2326 Saliaburpensir
613 2253 779 2323 metropolis
794 2249 887 2305 tomol
903 2268 965 2324 pag.
975 2250 1045 2312 289,
1069 2249 1113 2305 ubi
1132 2251 1159 2304 in
1176 2249 1397 2308 laureacensiuru
1414 2261 1442 2308 et
1457 2253 1531 2308 l’ata-

230 2333 396 2395 immun
410 2337 533 2413 catalogo
550 2335 710 2393 Theodorus
725 2332 743 2405 ¹)
760 2345 925 2392 recensetur.
958 2335 1110 2391 l'alsitateru
1128 2335 1185 2406 ejus
1202 2336 1242 2391 rel
1259 2336 1316 2392 sola
1333 2337 1423 2411 prodit
1438 2339 1531 2394 inseri·

238 2420 331 2490 ptio.
367 2421 414 2481 Set
429 2423 495 2481 liaeo
509 2439 524 2478 a
540 2422 735 2480 recerrtioribus
751 2424 872 2496 apposita
888 2422 1001 2478 forsitan
1018 2420 1083 2496 fingi
1100 2430 1206 2495 posset,
1228 2423 1278 2477 nisi
1294 2424 1381 2496 ipsum
1399 2424 1531 2497 epistolae

246 2519 370 2581 tmpus
386 2509 553 2591 insuiptioni
573 2509 636 2565 huic
657 2510 766 2564 omniuo
782 2517 956 2582 congrueret.
993 2510 1062 2563 Sane
1082 2516 1197 2563 aetatem
1214 2508 1363 2580 Syriiiuaclri
1386 2526 1441 2564 raon
1462 2512 1531 2584 sapit

252 2586 333 2648 illud
351 2595 388 2651 nd
398 2595 599 2655 ottmdendum
616 2602 643 2651 te
657 2598 824 2668 mopistrum
839 2601 866 2651 et
882 2596 1142 2665 archiepiscopum.
1166 2595 1240 2660 ttuos
1256 2594 1336 2650 modo
1352 2595 1531 2669 archiepisco-

263 2690 314 2746 pu
332 2679 507 2755 appellamus,
524 2688 582 2737 tum
598 2680 823 2754 metropolitanos
840 2680 957 2736 vocitare
972 2696 1031 2735 mos
1047 2687 1113 2734 orat.
1150 2679 1250 2735 lteiiule
1266 2681 1291 2735 in
1309 2679 1529 2737 laureacensimn

271 2763 413 2823 antistitum
428 2765 553 2841 catalogo
568 2765 672 2822 nullum
688 2782 790 2827 eorum,
804 2765 1028 2839 quineodorum
1036 2766 1214 2839 praecessisse
1226 2764 1363 2838 leguntur,
1378 2766 1418 2821 vel
1430 2775 1530 2822 ructio-

279 2846 382 2917 polltaal
393 2851 488 2909 nedum
503 2853 699 2927 archiepiscopi
714 2851 794 2908 titulo
810 2851 948 2915 donatum,
966 2850 1068 2907 nullum
1086 2851 1166 2923 pallio
1182 2851 1339 2925 insignitum
1355 2853 1487 2924 reperias:
1502 2861 1529 2908 et

280 2930 322 2989 lit
338 2944 420 2996 tanen
434 2938 467 2995 de
482 2955 558 2995 more
579 2939 737 3013 poposcisse
757 2946 837 3011 atque
859 2937 1008 2993 obtinuisse
1024 2936 1183 2991 Theodorus
1204 2953 1275 2991 nunc
1296 2936 1403 2992 dieitur.
1436 2936 1529 3011 Neque

284 3017 400 3087 uiuet,
421 3023 493 3099 qnod
509 3023 545 3081 ibi
561 3023 662 3099 legitur
683 3025 719 3080 ab
735 3025 838 3080 eisdem
854 3027 992 3095 apostolis
1003 3021 1149 3094 firirclotoe
1170 3025 1325 3090 ecelesiae,
1348 3038 1430 3093 quum
1452 3030 1529 3077 muco

286 3120 329 3159 ιιιι
345 3105 376 3164 de
387 3109 504 3184 pluribus
520 3109 569 3166 sed
584 3109 618 3166 de
634 3127 688 3166 uuo
704 3108 784 3166 Petro
801 3108 926 3183 apostolo
943 3105 1049 3164 babitus
1065 3109 1100 3162 sit
1122 3123 1221 3162 sermo.
1260 3108 1346 3180 Aegre
1368 3108 1447 3163 etiam
1468 3107 1528 3180 quis

287 3187 422 3264 nubserit,
437 3194 647 3252 laureacensem
663 3195 802 3252 ecelesiam
818 3194 851 3249 ab
866 3193 997 3268 apostolis
1013 3191 1150 3248 fundatam
1166 3201 1210 3246 aut
1227 3191 1254 3247 id
1270 3192 1455 3265 aSyiuniacbo
1471 3209 1528 3248 ere·

289 3274 363 3333 litum
378 3274 473 3362 tolonei
502 3281 619 3339 Annales
634 3281 804 3338 Patavienses
820 3280 926 3354 quidem
947 3278 973 3334 b.
990 3278 1162 3334 Laurentium
1185 3295 1217 3333 eo
1238 3279 1298 3352 ipso
1320 3278 1375 3334 lere
1396 3286 1527 3352 tempore,

291 3374 337 3434 *ιω
351 3364 484 3425 &laicum
500 3367 699 3443 evangelistam,
716 3384 731 3422 a
746 3366 771 3422 b.
785 3366 865 3422 Petro
881 3364 1006 3440 apostolo
1023 3365 1134 3421 missum
1150 3381 1179 3420 ac
1195 3362 1384 3419 laureacensis
1400 3363 1528 3419 ecelesiae

295 3444 544 3528 intrudendum
561 3452 652 3510 baberi
667 3453 761 3510 voltrit.
796 3453 830 3508 Λι
846 3451 960 3508 obseura
975 3450 1042 3506 adeo
1063 3457 1105 3505 est
1119 3449 1255 3505 laurentii
1272 3448 1352 3519 liujus
1368 3451 1476 3511 notitia,
1499 3456 1527 3503 ut

296 3529 335 3604 ιθ
346 3530 544 3596 homusion
563 3540 752 3614 cpiscoporum
774 3538 926 3612 catalogum
941 3538 1110 3594 concinnavit
1126 3536 1267 3610 lletropol.
1282 3532 1430 3608 Salisburg.
1446 3532 1529 3589 torol

299 3612 371 3690 llll
385 3623 467 3682 dicere
487 3624 521 3681 dc
542 3641 575 3681 eo
596 3623 711 3699 loquens
727 3631 836 3681 coactus
852 3625 900 3679 sit:
922 3627 1086 3698 quicunque
1104 3624 1152 3678 ille
1167 3621 1270 3694 suerii,
1295 3629 1322 3676 et
1338 3622 1398 3694 quis
1414 3619 1452 3676 illi
1467 3637 1528 3675 suc·

298 3707 384 3843 :unit
397 3711 517 3786 ignotum
538 3710 626 3767 lateri.
670 3709 749 3766 Plura
769 3710 965 3784 suppositionis
979 3709 1075 3765 indicia
1091 3707 1134 3764 bie
1148 3708 1281 3782 explicare
1301 3722 1527 3781 supervacaneum

310 3801 368 3846 wit

351 4021 366 4087 'l
378 4022 532 4082 insecundo
543 4027 603 4096 ejus
615 4026 707 4098 operia
723 4027 845 4082 editione
858 4026 982 4081 tlen'oldi
1001 4028 1068 4080 torn.
1083 4026 1093 4079 l
1111 4045 1138 4096 p.
1152 4032 1199 4079 102
1210 4044 1249 4094 sq.
1278 4024 1442 4079 Producitur
1454 4025 1526 4079 idem

402 4096 457 4149 luni
473 4096 588 4166 praebet
611 4094 789 4150 conciliorum
814 4099 843 4149 et
878 4098 977 4149 nrtrmu
1001 4094 1135 4149 editiones
1159 4095 1185 4147 in
1203 4093 1337 4159 ludewig
1359 4093 1451 4163 orripi.
1473 4111 1524 4147 rer.

288 4156 411 4237 Genu
420 4170 477 4241 ,⁸⁵²¹
492 4163 665 4243 οΜοιιιιιιιιιιῐ.
676 4164 758 4243 ΙΒιίι.
778 4115 901 4229 mill,
916 4171 926 4216 1
948 4182 974 4232 p.
989 4170 1044 4228 ltin,
1063 4163 1148 4242 l‘ejer
1166 4163 1226 4217 cod.
1239 4162 1305 4232 dipl.
1321 4160 1422 4230 llngiir.
1439 4163 1457 4227 l,
1471 4170 1524 4215 1⁸23.

284 4226 325 4285 Ile
337 4225 389 4283 tlua
404 4248 474 4288 uren
490 4233 565 4287 idem
583 4233 808 4303 mquisilaonibun
826 4235 896 4287 conf.
916 4233 1037 4286 bionum.
1057 4232 1131 4286 Βοιι.
1151 4232 1168 4285 l.
1184 4250 1205 4286 o.
1225 4249 1289 4302 pag.
1306 4236 1361 4285 196.
