3412 5664
365 303 427 367 858
804 320 832 367 s.
849 317 1055 367 noaursnns
1078 317 1193 366 raras

235 485 484 558 (a.519.)quoque
505 473 658 538 relociter
680 473 838 537 ordinatio
866 473 966 557 digna
988 473 1170 557 proveniat,
1200 475 1237 537 ut
1260 476 1374 558 coepta
1394 497 1454 559 pax
1471 478 1581 562 tempori

360 576 419 640 bus
447 577 560 640 vestris
587 598 645 661 per
672 598 799 641 omnem
825 575 980 640 mundum
1012 576 1135 660 pariter
1163 575 1339 661 dirigatur,
1378 580 1410 641 et
1436 580 1581 646 cunctisiu

361 677 568 762 apostolicam
595 678 739 762 partibus
773 677 1028 742 communionem
1063 678 1221 763 fidemque
1259 679 1509 745 convenientibus
1535 705 1582 767 pcr-

360 781 459 862 scctc,
484 781 567 846 sicut
587 781 711 866 pridem
732 781 854 864 fuerat,
878 780 1025 845 omnibus
1047 781 1199 847 membris
1222 782 1323 868 capiti
1345 803 1403 847 suo
1421 787 1583 850 connectatur

360 882 516 948 Ecclesia.

867 1070 1049 1174 Epistola
1075 1071 1122 1156 65

972 1215 1022 1261 seu

190 1332 197 1346 ·
208 1303 348 1441 iiiiiildj
451 1319 632 1390 suggestio
653 1320 808 1378 Diosoori
829 1319 964 1377 diaconi
985 1333 1046 1388 per
1067 1319 1260 1378 Pullionem
1281 1320 1525 1379 subdiaconum

395 1453 464 1512 erae
487 1453 687 1511 Thessalonicae,
707 1470 771 1519 qnae
789 1452 1010 1516 Constantinopoli
1025 1453 1078 1501 sint
1093 1459 1167 1516 perta
1186 1452 1220 1513 (n.
1236 1451 1340 1513 1-5),·
1358 1454 1391 1502 rie
1408 1455 1563 1504 ecclesianis·

394 1538 524 1588 tiocdenae
541 1543 622 1600 rtaiu3
642 1554 692 1603 qua
710 1539 809 1588 ratione
827 1539 948 1601 episcopo
961 1535 1243 1601 Constantinopolitano
1256 1537 1288 1586 ab
1301 1537 1442 1589 Hormisda
1452 1539 1562 1588 resarta·

782 1624 839 1672 darn
855 1624 902 1680 rit,
920 1623 1049 1673 consilinm
1066 1623 1213 1686 interponit.

447 1757 475 1820 1.
510 1755 687 1821 Ineffabilis
703 1755 763 1820 Dei
779 1754 1008 1839 omnipotentis
1024 1754 1242 1821 misericordia
1265 1757 1298 1820 et
1312 1756 1417 1842 pietas
1432 1757 1505 1840 ejus,
1522 1775 1586 1840 quan

360 1880 456 1942 super
477 1857 652 1923 humanum
674 1880 776 1943 genus
801 1858 974 1922 clementer
991 1857 1142 1940 effundit,
1166 1856 1316 1923 humanis
1331 1859 1451 1923 viribus
1467 1854 1586 1922 naama

359 1984 426 2025 non
447 1962 554 2045 potest
575 1982 635 2025 neo
658 1960 857 2025 sermonibus
880 1959 1048 2044 explicari3
1074 1959 1129 2024 sed
1152 1959 1274 2025 sufficit
1297 1959 1366 2044 ejus
1388 1964 1508 2025 tantum
1524 1960 1586 2023 mira

360 2062 471 2146 bilia')
494 2044 617 2126 devotis
639 2062 785 2126 sensibus
808 2060 974 2144 admirari,
1005 2064 1037 2126 et
1059 2063 1140 2127 scire
1163 2061 1271 2126 omnia
1298 2061 1384 2126 bona
1411 2063 1449 2127 de
1470 2062 1527 2146 ejus
1542 2064 1586 2124 tau·

361 2169 430 2229 tum
450 2164 575 2249 gratim
596 2164 735 2249 pendere
750 2163 908 2228 remediis.
939 2163 1000 2228 Est
1013 2164 1076 2228 ista
1091 2163 1279 2249 quotidiana
1293 2164 1457 2249 probatio;
1478 2163 1587 2228 andana

360 2270 468 2331 tamen
490 2288 659 2351 praesumo
681 2265 802 2349 dicere,
832 2266 959 2330 domine
985 2287 1074 2330 meus
1101 2265 1287 2330 beatissime
1315 2288 1416 2351 papa,
1445 2267 1513 2352 quia
1529 2284 1588 2350 prae

361 2390 434 2433 sens
457 2389 552 2432 causa
574 2369 748 2452 praeterita
771 2370 887 2433 cuncta
909 2367 1126 2451 transcendit,
1149 2390 1244 2452 quam
1265 2367 1353 2433 Deus
1374 2368 1487 2433 vestris
1504 2372 1589 2450 tempo

361 2471 449 2535 ribus
472 2473 505 2535 et
526 2471 649 2534 meritis
671 2471 856 2535 reservavit.
891 2469 973 2545 Quid
994 2470 1029 2534 in
1044 2469 1203 2557 Aulone²)
1227 2470 1270 2534 sit
1292 2473 1411 2553 actum,
1434 2467 1589 2557 quidsen-

360 2573 421 2658 pis,
446 2572 521 2657 quid
536 2571 665 2657 Lignidi
687 2573 786 2637 fuerit
800 2573 1015 2656 subsecutum,
1039 2573 1199 2636 anteriore
1215 2573 1453 2658 significatione
1472 2569 1590 2658 suggesi-

363 2674 413 2738 Ad
436 2673 698 2739 Thessalonicam
719 2675 937 2759 pervenimus3
968 2695 1047 2759 quas
1070 2674 1302 2759 intentionesi.)
1330 2674 1528 2740 habuerimus
1546 2692 1591 2737 cun

363 2778 511 2861 episcopo
526 2776 814 2861 Thessalonicensi,
840 2779 975 2861 atquae
998 2777 1083 2841 diota
1105 2776 1227 2841 fuerint
1251 2776 1303 2841 vel
1326 2776 1424 2840 etiam
1447 2776 1590 2849 constituta

362 2879 476 2944 harum
497 2879 661 2964 portitoris
683 2881 756 2943 viva
778 2879 996 2943 insinuatione
1019 2879 1159 2944 discetis
1194 2877 1285 2954 Quod
1299 2882 1411 2944 tamen
1426 2901 1489 2944 non
1502 2877 1592 2962 oportet

362 2982 536 3066 praeterire
570 2981 714 3064 silentio,
751 2981 916 3045 insinuare
949 3002 1012 3045 non
1048 2980 1170 3045 differo.
1221 2980 1300 3045 Post
1325 2981 1430 3045 multa
1457 2978 1590 3046 certamin

362 3084 527 3169 praefatus
555 3083 721 3168 episcopus
754 3084 879 3147 ratione
913 3082 1077 3148 convictus
1110 3082 1254 3147 libellum
1288 3083 1486 3148 subscribere
1515 3078 1589 3146 voluit

364 3187 425 3252 Sed
447 3186 522 3271 quia
545 3186 703 3271 episcopi,
727 3186 781 3269 qui
804 3185 862 3249 sub
885 3185 953 3268 ejus
976 3187 1052 3249 sunt
1073 3184 1274 3250 ordinatione
1303 3185 1485 3268 constituti,
1515 3199 1597 3248 omes

363 3311 429 3353 non
452 3288 601 3371 aderant,
624 3287 660 3352 in
682 3288 845 3373 praesenti
867 3286 927 3351 hoc
951 3287 1115 3370 convenit,
1139 3286 1200 3351 hoc
1221 3288 1387 3372 promisit,
1416 3290 1452 3351 ut
1470 3289 1534 3372 post
1547 3281 1596 3345 dia

364 3391 536 3475 sanctos4),
571 3412 635 3455 uno
662 3412 700 3454 ex
729 3389 821 3454 nobis
849 3412 868 3452 a
895 3389 968 3453 sede
991 3388 1369 3474 Constantinopolitanae
1391 3389 1476 3454 urbis
1496 3386 1596 3459 arab,

364 3491 521 3578 episcopis
545 3493 765 3578 congregata,
794 3491 905 3576 quiin
928 3491 996 3575 ejus
1019 3493 1095 3555 sunt
1117 3491 1253 3556 dioecesi
1276 3492 1459 3574 constituti,
1486 3486 1591 3554 libellum

364 3595 616 3678 subscriberent3
649 3595 733 3678 quod
762 3616 834 3658 oum
855 3592 917 3658 Dei
939 3593 1098 3677 adjutorio
1126 3592 1283 3659 credimus
1306 3615 1376 3658 esse
1399 3589 1589 3678 complendum.

363 3696 453 3762 Haeo
476 3699 552 3762 sunt
573 3694 819 3760 Thessalonicae
842 3697 1026 3761 const'tuta.

448 3798 479 3864 2.
524 3798 648 3863 Vestris
681 3798 879 3863 orationihus
917 3798 1130 3862 commendati
1166 3797 1207 3862 ad
1240 3794 1590 3882 constantinopolitanam

365 4044 398 4093 aa
434 4039 454 4107 ¹)
470 4037 515 4092 Ita
532 4036 566 4092 G¹
579 4039 616 4091 a.
651 4036 693 4091 Al.
712 4041 827 4092 concina.

432 4125 454 4191 ²)
473 4121 507 4176 0¹
530 4127 555 4176 in
578 4128 688 4176 Ariana.
728 4121 869 4176 Notantnr
891 4120 937 4174 hic
959 4139 1018 4192 sup.
1042 4120 1177 4191 epistolae
1195 4126 1228 4176 59
1250 4123 1280 4176 et
1297 4127 1344 4189 60,
1367 4121 1434 4191 quia
1455 4121 1498 4176 rix
1517 4116 1599 4175 aeia·

365 4208 443 4274 dum,
461 4206 625 4262 Dioscorum
642 4205 730 4262 etiarn
749 4206 864 4260 seorsim
882 4206 916 4261 de
934 4205 987 4260 illis
1005 4206 1088 4261 rebus
1106 4206 1143 4261 ad
1159 4206 1322 4277 pontificem
1339 4208 1475 4264 retulisse.

433 4294 453 4360 ³)
471 4292 504 4346 H.
525 4309 547 4347 e.
567 4298 776 4347 concertationes.
813 4290 949 4357 Quocirca
966 4293 994 4346 et
1011 4307 1076 4345 mox
1087 4292 1194 4346 subdit:
1212 4297 1277 4347 Part
1289 4299 1367 4347 maim
1379 4300 1524 4348 certamina.
1544 4291 1606 4346 Ther

365 4377 564 4433 saloniaemem
587 4376 731 4432 ecclesiam
752 4380 813 4430 tum
835 4377 953 4446 regebat
970 4377 1140 4445 Dorotheus,
1163 4379 1242 4448 cujus
1264 4379 1309 4433 est
1330 4378 1458 4449 superior
1475 4377 1610 4450 epistola&

366 4479 490 4518 necnon
505 4462 580 4518 infra
597 4461 676 4533 epist.
697 4467 753 4518 128.

432 4550 454 4617 ⁴)
471 4548 524 4604 Vel
542 4546 788 4618 Quadragesimae,
807 4548 838 4601 nt
854 4547 1056 4619 interpretatur
1072 4548 1221 4615 Baronius‚
1239 4549 1285 4603 vel
1301 4549 1398 4619 potius
1415 4550 1547 4607 Paschae.
1576 4552 1616 4604 Pr·

365 4639 467 4690 rasciae
490 4633 656 4688 vocabulum
677 4649 730 4703 pro
752 4633 896 4703 provincia
916 4633 1134 4705 metropolitano
1152 4633 1279 4703 subjecta
1297 4636 1432 4703 hequem
1450 4636 1571 4709 ruperim
1584 4631 1619 4689 ad·

366 4718 506 4774 vertimus.
545 4719 597 4774 Hie
614 4734 693 4786 vcro,
717 4719 782 4787 quia
800 4719 1037 4775 Thessalonicensi
1060 4719 1178 4775 antistiti
1195 4736 1251 4774 non
1268 4721 1384 4775 tanturn
1403 4721 1532 4794 episcopi
1546 4720 1624 4778 seda

366 4803 575 4874 metropolitani
592 4805 686 4876 plures
703 4805 855 4875 parebant,
873 4807 939 4874 apte
956 4805 1105 4860 Dioscorus
1124 4805 1234 4861 coetum
1245 4804 1326 4860 illum
1338 4807 1555 4877 provinciarum
1565 4823 1627 4881 prae

366 4889 418 4945 suli
435 4889 500 4945 huia
517 4889 691 4946 subditarum
708 4895 842 4947 dioecesin
858 4906 922 4945 mor
941 4893 1030 4947 vocat.
