<?xml version="1.0" encoding="UTF-8"?>
<!DOCTYPE html PUBLIC "-//W3C//DTD XHTML 1.0 Transitional//EN"
    "http://www.w3.org/TR/xhtml1/DTD/xhtml1-transitional.dtd">
<html xmlns="http://www.w3.org/1999/xhtml" xml:lang="en" lang="en">
 <head>
  <title>
</title>
<meta http-equiv="Content-Type" content="text/html;charset=utf-8" />
  <meta name='ocr-system' content='tesseract 3.04.00' />
  <meta name='ocr-capabilities' content='ocr_page ocr_carea ocr_par ocr_line ocrx_word'/>
</head>
<body>
  <div class='ocr_page' id='page_1' title='image "./epistolaeromano00cousgoog/epistolaeromano00cousgoog_0210.png"; bbox 0 0 3450 5678; ppageno 0'>
   <div class='ocr_carea' id='block_1_1' title="bbox 10 4672 35 4837">
    <p class='ocr_par' dir='ltr' id='par_1_1' title="bbox 10 4672 35 4837">
     <span class='ocr_line' id='line_1_1' title="bbox 10 4672 35 4837; baseline 0 0"><span class='ocrx_word' id='word_1_1' title='bbox 10 4672 35 4837; x_wconf 90' lang='lat' dir='ltr'><strong><em>l</em></strong></span> 
     </span>
    </p>
   </div>
   <div class='ocr_carea' id='block_1_2' title="bbox 629 335 1388 398">
    <p class='ocr_par' dir='ltr' id='par_1_2' title="bbox 629 335 1388 398">
     <span class='ocr_line' id='line_1_2' title="bbox 629 335 1388 398; baseline 0.008 -7"><span class='ocrx_word' id='word_1_2' title='bbox 629 344 801 393; x_wconf 78' lang='lat' dir='ltr'><strong><em>emerem</em></strong></span> <span class='ocrx_word' id='word_1_3' title='bbox 825 336 874 393; x_wconf 84' lang='lat'><strong><em>15.</em></strong></span> <span class='ocrx_word' id='word_1_4' title='bbox 1328 335 1388 398; x_wconf 83' lang='lat'><strong><em>163</em></strong></span> 
     </span>
    </p>
   </div>
   <div class='ocr_carea' id='block_1_3' title="bbox 95 497 1496 1808">
    <p class='ocr_par' dir='ltr' id='par_1_3' title="bbox 136 497 1496 682">
     <span class='ocr_line' id='line_1_3' title="bbox 136 497 1496 583; baseline 0.004 -24"><span class='ocrx_word' id='word_1_5' title='bbox 136 501 320 577; x_wconf 67' lang='lat' dir='ltr'><strong><em>rrumpere</em></strong></span> <span class='ocrx_word' id='word_1_6' title='bbox 347 517 504 577; x_wconf 87' lang='lat' dir='ltr'><strong><em>uunquam</em></strong></span> <span class='ocrx_word' id='word_1_7' title='bbox 531 505 607 574; x_wconf 83' lang='lat' dir='ltr'><strong><em>fiat!</em></strong></span> <span class='ocrx_word' id='word_1_8' title='bbox 635 497 803 583; x_wconf 55' lang='lat' dir='ltr'><strong><em>uictuma)</em></strong></span> <span class='ocrx_word' id='word_1_9' title='bbox 832 501 881 562; x_wconf 87' lang='lat' dir='ltr'><strong><em>esi</em></strong></span> <span class='ocrx_word' id='word_1_10' title='bbox 903 499 1015 563; x_wconf 83' lang='lat' dir='ltr'><strong>sexies.</strong></span> <span class='ocrx_word' id='word_1_11' title='bbox 1061 504 1145 575; x_wconf 78' lang='lat' dir='ltr'><strong><em>Quae</em></strong></span> <span class='ocrx_word' id='word_1_12' title='bbox 1165 504 1223 564; x_wconf 87' lang='lat' dir='ltr'><strong><em>Dei</em></strong></span> <span class='ocrx_word' id='word_1_13' title='bbox 1242 514 1321 580; x_wconf 77' lang='lat' dir='ltr'><strong><em>suut,</em></strong></span> <span class='ocrx_word' id='word_1_14' title='bbox 1352 508 1389 565; x_wconf 79' lang='lat' dir='ltr'><strong><em>ab</em></strong></span> <span class='ocrx_word' id='word_1_15' title='bbox 1402 517 1496 564; x_wconf 64' lang='lat' dir='ltr'><strong><em>anea</em></strong></span> 
     </span>
     <span class='ocr_line' id='line_1_4' title="bbox 140 596 1391 682; baseline 0.006 -21"><span class='ocrx_word' id='word_1_16' title='bbox 140 596 404 664; x_wconf 75' lang='lat' dir='ltr'><strong><em>munerarium</em></strong></span> <span class='ocrx_word' id='word_1_17' title='bbox 424 608 569 679; x_wconf 82' lang='lat' dir='ltr'><strong><em>possunt!</em></strong></span> <span class='ocrx_word' id='word_1_18' title='bbox 591 599 712 664; x_wconf 87' lang='lat' dir='ltr'><strong><em>dicium</em></strong></span> <span class='ocrx_word' id='word_1_19' title='bbox 733 603 782 664; x_wconf 87' lang='lat' dir='ltr'><strong><em>esi</em></strong></span> <span class='ocrx_word' id='word_1_20' title='bbox 803 601 915 665; x_wconf 78' lang='lat' dir='ltr'>sexies,</span> <span class='ocrx_word' id='word_1_21' title='bbox 966 607 1024 664; x_wconf 86' lang='lat' dir='ltr'><strong><em>Per</em></strong></span> <span class='ocrx_word' id='word_1_22' title='bbox 1043 608 1183 666; x_wconf 80' lang='lat' dir='ltr'><strong><em>domnam</em></strong></span> <span class='ocrx_word' id='word_1_23' title='bbox 1201 608 1334 682; x_wconf 84' lang='lat' dir='ltr'><strong><em>Petram,</em></strong></span> <span class='ocrx_word' id='word_1_24' title='bbox 1358 618 1391 668; x_wconf 88' lang='lat' dir='ltr'><strong><em>ut</em></strong></span> 
     </span>
    </p>

    <p class='ocr_par' dir='ltr' id='par_1_4' title="bbox 134 701 1390 881">
     <span class='ocr_line' id='line_1_5' title="bbox 139 701 1390 787; baseline 0.003 -22"><span class='ocrx_word' id='word_1_25' title='bbox 139 703 168 759; x_wconf 82' lang='lat' dir='ltr'><strong><em>t&#39;n</em></strong></span> <span class='ocrx_word' id='word_1_26' title='bbox 185 713 343 782; x_wconf 75' lang='lat' dir='ltr'><strong><em>perparum</em></strong></span> <span class='ocrx_word' id='word_1_27' title='bbox 371 710 548 767; x_wconf 86' lang='lat' dir='ltr'><strong><em>seruentur!</em></strong></span> <span class='ocrx_word' id='word_1_28' title='bbox 577 701 699 766; x_wconf 86' lang='lat' dir='ltr'><strong><em>dicium</em></strong></span> <span class='ocrx_word' id='word_1_29' title='bbox 729 705 778 766; x_wconf 87' lang='lat' dir='ltr'><strong><em>esi</em></strong></span> <span class='ocrx_word' id='word_1_30' title='bbox 802 702 981 787; x_wconf 78' lang='lat' dir='ltr'><strong>quinquies,</strong></span> <span class='ocrx_word' id='word_1_31' title='bbox 1031 709 1117 769; x_wconf 88' lang='lat' dir='ltr'><strong><em>Haec</em></strong></span> <span class='ocrx_word' id='word_1_32' title='bbox 1141 717 1172 769; x_wconf 88' lang='lat' dir='ltr'><strong><em>ut</em></strong></span> <span class='ocrx_word' id='word_1_33' title='bbox 1197 718 1390 770; x_wconf 84' lang='lat' dir='ltr'><strong><em>reserrentur</em></strong></span> 
     </span>
     <span class='ocr_line' id='line_1_6' title="bbox 134 812 382 881; baseline 0.02 -17"><span class='ocrx_word' id='word_1_34' title='bbox 134 812 276 879; x_wconf 74' lang='lat' dir='ltr'><strong><em>racana!</em></strong></span> <span class='ocrx_word' id='word_1_35' title='bbox 379 877 382 881; x_wconf 51' lang='grc'><em>,</em></span> 
     </span>
    </p>

    <p class='ocr_par' dir='ltr' id='par_1_5' title="bbox 114 905 1388 1193">
     <span class='ocr_line' id='line_1_7' title="bbox 209 905 1388 992; baseline 0.004 -22"><span class='ocrx_word' id='word_1_36' title='bbox 209 907 235 970; x_wconf 80' lang='lat' dir='ltr'><strong><em>i.</em></strong></span> <span class='ocrx_word' id='word_1_37' title='bbox 275 905 407 981; x_wconf 82' lang='lat' dir='ltr'><strong><em>Hilarus</em></strong></span> <span class='ocrx_word' id='word_1_38' title='bbox 435 906 603 992; x_wconf 89' lang='lat' dir='ltr'><strong><em>episeopus</em></strong></span> <span class='ocrx_word' id='word_1_39' title='bbox 637 907 735 971; x_wconf 86' lang='lat' dir='ltr'><strong><em>dixii:</em></strong></span> <span class='ocrx_word' id='word_1_40' title='bbox 760 912 849 986; x_wconf 72' lang='lat' dir='ltr'><strong><em>Leuc.</em></strong></span> <span class='ocrx_word' id='word_1_41' title='bbox 899 907 1019 971; x_wconf 88' lang='lat' dir='ltr'><strong><em>Paulus</em></strong></span> <span class='ocrx_word' id='word_1_42' title='bbox 1046 911 1191 973; x_wconf 86' lang='lat' dir='ltr'><strong><em>uoiarius</em></strong></span> <span class='ocrx_word' id='word_1_43' title='bbox 1224 910 1388 975; x_wconf 82' lang='lat' dir='ltr'><strong><em>recitavit:</em></strong></span> 
     </span>
     <span class='ocr_line' id='line_1_8' title="bbox 124 1012 1388 1092; baseline 0.002 -21"><span class='ocrx_word' id='word_1_44' title='bbox 124 1012 286 1089; x_wconf 74' lang='lat' dir='ltr'><em>Episcopus</em></span> <span class='ocrx_word' id='word_1_45' title='bbox 300 1013 575 1074; x_wconf 85' lang='lat' dir='ltr'><strong><em>Barcinonensium</em></strong></span> <span class='ocrx_word' id='word_1_46' title='bbox 597 1015 728 1073; x_wconf 86' lang='lat' dir='ltr'><strong><em>ciuitatis</em></strong></span> <span class='ocrx_word' id='word_1_47' title='bbox 742 1021 867 1073; x_wconf 83' lang='lat' dir='ltr'><strong><em>saratas</em></strong></span> <span class='ocrx_word' id='word_1_48' title='bbox 880 1014 1092 1076; x_wconf 79' lang='lat' dir='ltr'><strong><em>Nundinarius</em></strong></span> <span class='ocrx_word' id='word_1_49' title='bbox 1113 1027 1140 1074; x_wconf 83' lang='lat' dir='ltr'><strong><em>er</em></strong></span> <span class='ocrx_word' id='word_1_50' title='bbox 1155 1018 1232 1091; x_wconf 82' lang='lat' dir='ltr'><strong>reliq.</strong></span> <span class='ocrx_word' id='word_1_51' title='bbox 1254 1036 1341 1092; x_wconf 86' lang='lat' dir='ltr'><strong><em>usque</em></strong></span> <span class='ocrx_word' id='word_1_52' title='bbox 1356 1019 1388 1074; x_wconf 85' lang='lat' dir='ltr'><strong><em>ul</em></strong></span> 
     </span>
     <span class='ocr_line' id='line_1_9' title="bbox 114 1117 1178 1193; baseline 0.002 -18"><span class='ocrx_word' id='word_1_53' title='bbox 114 1118 149 1175; x_wconf 84' lang='lat' dir='ltr'><strong><em>in</em></strong></span> <span class='ocrx_word' id='word_1_54' title='bbox 172 1117 238 1191; x_wconf 67' lang='lat' dir='ltr'><strong><em>eins</em></strong></span> <span class='ocrx_word' id='word_1_55' title='bbox 257 1118 395 1176; x_wconf 81' lang='lat' dir='ltr'><strong><em>meritam</em></strong></span> <span class='ocrx_word' id='word_1_56' title='bbox 417 1133 478 1175; x_wconf 90' lang='lat' dir='ltr'><strong><em>non</em></strong></span> <span class='ocrx_word' id='word_1_57' title='bbox 499 1118 624 1177; x_wconf 78' lang='lat' dir='ltr'><em>vacillat</em></span> <span class='ocrx_word' id='word_1_58' title='bbox 645 1117 707 1191; x_wconf 86' lang='lat' dir='ltr'><strong><em>(vid.</em></strong></span> <span class='ocrx_word' id='word_1_59' title='bbox 729 1136 811 1193; x_wconf 85' lang='lat' dir='ltr'><strong><em>supra</em></strong></span> <span class='ocrx_word' id='word_1_60' title='bbox 834 1118 915 1174; x_wconf 79' lang='lat' dir='ltr'>Hilari</span> <span class='ocrx_word' id='word_1_61' title='bbox 936 1121 1014 1192; x_wconf 83' lang='lat' dir='ltr'><strong><em>episi.</em></strong></span> <span class='ocrx_word' id='word_1_62' title='bbox 1034 1119 1072 1175; x_wconf 80' lang='lat'><strong><em>14</em></strong></span> <span class='ocrx_word' id='word_1_63' title='bbox 1094 1139 1121 1175; x_wconf 89' lang='lat' dir='ltr'><strong><em>a.</em></strong></span> <span class='ocrx_word' id='word_1_64' title='bbox 1139 1120 1178 1193; x_wconf 77' lang='lat'><strong><em>2).</em></strong></span> 
     </span>
    </p>

    <p class='ocr_par' dir='ltr' id='par_1_6' title="bbox 106 1211 1388 1400">
     <span class='ocr_line' id='line_1_10' title="bbox 201 1211 1387 1301; baseline 0.002 -24"><span class='ocrx_word' id='word_1_65' title='bbox 201 1212 245 1277; x_wconf 82' lang='lat' dir='ltr'><strong><em>Ei</em></strong></span> <span class='ocrx_word' id='word_1_66' title='bbox 272 1235 368 1298; x_wconf 89' lang='lat' dir='ltr'><strong><em>quum</em></strong></span> <span class='ocrx_word' id='word_1_67' title='bbox 398 1211 547 1298; x_wconf 81' lang='lat' dir='ltr'><strong><em>legerei,&#39;</em></strong></span> <span class='ocrx_word' id='word_1_68' title='bbox 576 1212 698 1277; x_wconf 88' lang='lat' dir='ltr'><strong><em>Probus</em></strong></span> <span class='ocrx_word' id='word_1_69' title='bbox 722 1214 888 1298; x_wconf 85' lang='lat' dir='ltr'><strong><em>episcopus</em></strong></span> <span class='ocrx_word' id='word_1_70' title='bbox 911 1237 928 1277; x_wconf 90' lang='lat' dir='ltr'><strong><em>e</em></strong></span> <span class='ocrx_word' id='word_1_71' title='bbox 952 1236 1101 1278; x_wconf 88' lang='lat' dir='ltr'><strong><em>consessu</em></strong></span> <span class='ocrx_word' id='word_1_72' title='bbox 1129 1227 1265 1301; x_wconf 77' lang='lat' dir='ltr'>surgens</span> <span class='ocrx_word' id='word_1_73' title='bbox 1291 1215 1387 1280; x_wconf 86' lang='lat' dir='ltr'><strong><em>dlxii:</em></strong></span> 
     </span>
     <span class='ocr_line' id='line_1_11' title="bbox 106 1315 1388 1400; baseline 0.002 -20"><span class='ocrx_word' id='word_1_74' title='bbox 106 1321 200 1380; x_wconf 80' lang='lat' dir='ltr'><strong><em>litua</em></strong></span> <span class='ocrx_word' id='word_1_75' title='bbox 219 1321 316 1393; x_wconf 86' lang='lat' dir='ltr'><strong><em>licuit,</em></strong></span> <span class='ocrx_word' id='word_1_76' title='bbox 345 1321 403 1380; x_wconf 84' lang='lat' dir='ltr'><strong><em>lroe</em></strong></span> <span class='ocrx_word' id='word_1_77' title='bbox 424 1338 486 1380; x_wconf 88' lang='lat' dir='ltr'><strong><em>non</em></strong></span> <span class='ocrx_word' id='word_1_78' title='bbox 507 1315 660 1400; x_wconf 76' lang='lat' dir='ltr'><strong><em>lierat²⁸),·</em></strong></span> <span class='ocrx_word' id='word_1_79' title='bbox 684 1338 870 1381; x_wconf 78' lang='lat' dir='ltr'><strong><em>successores</em></strong></span> <span class='ocrx_word' id='word_1_80' title='bbox 887 1323 968 1381; x_wconf 78' lang='lat' dir='ltr'><strong><em>Beris</em></strong></span> <span class='ocrx_word' id='word_1_81' title='bbox 990 1323 1061 1391; x_wconf 85' lang='lat' dir='ltr'><strong><em>clut;</em></strong></span> <span class='ocrx_word' id='word_1_82' title='bbox 1084 1326 1266 1382; x_wconf 73' lang='lat' dir='ltr'><strong><em>{arroteritate</em></strong></span> <span class='ocrx_word' id='word_1_83' title='bbox 1288 1330 1388 1383; x_wconf 87' lang='lat' dir='ltr'><strong><em>uestra</em></strong></span> 
     </span>
    </p>

    <p class='ocr_par' dir='ltr' id='par_1_7' title="bbox 100 1423 873 1500">
     <span class='ocr_line' id='line_1_12' title="bbox 100 1423 873 1500; baseline 0.001 -18"><span class='ocrx_word' id='word_1_84' title='bbox 100 1425 243 1483; x_wconf 74' lang='lat' dir='ltr'><strong><em>resistite</em></strong></span> <span class='ocrx_word' id='word_1_85' title='bbox 264 1423 334 1483; x_wconf 82' lang='lat' dir='ltr'><strong><em>nuic</em></strong></span> <span class='ocrx_word' id='word_1_86' title='bbox 356 1425 405 1483; x_wconf 89' lang='lat' dir='ltr'><strong><em>rei</em></strong></span> <span class='ocrx_word' id='word_1_87' title='bbox 419 1441 480 1499; x_wconf 89' lang='lat' dir='ltr'><strong><em>per</em></strong></span> <span class='ocrx_word' id='word_1_88' title='bbox 500 1425 703 1500; x_wconf 88' lang='lat' dir='ltr'><strong><em>apostolatum</em></strong></span> <span class='ocrx_word' id='word_1_89' title='bbox 725 1427 873 1484; x_wconf 89' lang='lat' dir='ltr'><strong><em>uestram!</em></strong></span> 
     </span>
    </p>

    <p class='ocr_par' dir='ltr' id='par_1_8' title="bbox 95 1519 1388 1808">
     <span class='ocr_line' id='line_1_13' title="bbox 196 1519 1386 1605; baseline 0.002 -21"><span class='ocrx_word' id='word_1_90' title='bbox 196 1521 229 1584; x_wconf 89' lang='lat'><strong><em>8.</em></strong></span> <span class='ocrx_word' id='word_1_91' title='bbox 253 1519 386 1584; x_wconf 81' lang='lat' dir='ltr'>Hilarus</span> <span class='ocrx_word' id='word_1_92' title='bbox 409 1520 576 1605; x_wconf 89' lang='lat' dir='ltr'><strong><em>episcopus</em></strong></span> <span class='ocrx_word' id='word_1_93' title='bbox 599 1520 695 1584; x_wconf 81' lang='lat' dir='ltr'><strong><em>dixii:</em></strong></span> <span class='ocrx_word' id='word_1_94' title='bbox 726 1527 878 1586; x_wconf 78' lang='lat' dir='ltr'><strong><em>Percurre</em></strong></span> <span class='ocrx_word' id='word_1_95' title='bbox 899 1543 978 1601; x_wconf 85' lang='lat' dir='ltr'><strong><em>quae</em></strong></span> <span class='ocrx_word' id='word_1_96' title='bbox 999 1544 1154 1602; x_wconf 74' lang='lat' dir='ltr'><strong><em>coeperas.</em></strong></span> <span class='ocrx_word' id='word_1_97' title='bbox 1190 1521 1308 1587; x_wconf 73' lang='lat' dir='ltr'><strong><em>Priulus</em></strong></span> <span class='ocrx_word' id='word_1_98' title='bbox 1331 1545 1386 1586; x_wconf 88' lang='lat'>110·</span> 
     </span>
     <span class='ocr_line' id='line_1_14' title="bbox 95 1610 1388 1707; baseline 0.003 -21"><span class='ocrx_word' id='word_1_99' title='bbox 95 1624 216 1687; x_wconf 76' lang='lat' dir='ltr'><strong><em>iarius</em></strong></span> <span class='ocrx_word' id='word_1_100' title='bbox 236 1623 399 1688; x_wconf 72' lang='lat' dir='ltr'><strong><em>recitavit:</em></strong></span> <span class='ocrx_word' id='word_1_101' title='bbox 422 1610 577 1704; x_wconf 76' lang='lat' dir='ltr'><strong><em>Siquidem</em></strong></span> <span class='ocrx_word' id='word_1_102' title='bbox 591 1631 686 1688; x_wconf 83' lang='lat' dir='ltr'><strong><em>amnis</em></strong></span> <span class='ocrx_word' id='word_1_103' title='bbox 702 1631 802 1689; x_wconf 84' lang='lat' dir='ltr'><strong><em>cieras</em></strong></span> <span class='ocrx_word' id='word_1_104' title='bbox 817 1637 846 1688; x_wconf 86' lang='lat' dir='ltr'><strong><em>ei</em></strong></span> <span class='ocrx_word' id='word_1_105' title='bbox 855 1629 939 1704; x_wconf 81' lang='lat' dir='ltr'><strong><em>plebs</em></strong></span> <span class='ocrx_word' id='word_1_106' title='bbox 961 1641 988 1687; x_wconf 83' lang='lat' dir='ltr'><strong><em>el</em></strong></span> <span class='ocrx_word' id='word_1_107' title='bbox 1003 1631 1082 1706; x_wconf 80' lang='lat' dir='ltr'><strong><em>reliq.</em></strong></span> <span class='ocrx_word' id='word_1_108' title='bbox 1108 1650 1193 1707; x_wconf 90' lang='lat' dir='ltr'><strong><em>usque</em></strong></span> <span class='ocrx_word' id='word_1_109' title='bbox 1215 1633 1247 1688; x_wconf 87' lang='lat' dir='ltr'><strong><em>ad</em></strong></span> <span class='ocrx_word' id='word_1_110' title='bbox 1269 1632 1388 1690; x_wconf 81' lang='lat' dir='ltr'><strong><em>domine</em></strong></span> 
     </span>
     <span class='ocr_line' id='line_1_15' title="bbox 95 1731 1300 1808; baseline 0 -17"><span class='ocrx_word' id='word_1_111' title='bbox 95 1747 179 1791; x_wconf 77' lang='lat' dir='ltr'><strong><em>vere</em></strong></span> <span class='ocrx_word' id='word_1_112' title='bbox 203 1737 320 1808; x_wconf 87' lang='lat' dir='ltr'><strong><em>noster,</em></strong></span> <span class='ocrx_word' id='word_1_113' title='bbox 342 1738 372 1791; x_wconf 86' lang='lat' dir='ltr'><strong><em>et</em></strong></span> <span class='ocrx_word' id='word_1_114' title='bbox 393 1732 557 1806; x_wconf 85' lang='lat' dir='ltr'><strong><em>apostolice</em></strong></span> <span class='ocrx_word' id='word_1_115' title='bbox 574 1734 681 1807; x_wconf 88' lang='lat' dir='ltr'><strong><em>papa!</em></strong></span> <span class='ocrx_word' id='word_1_116' title='bbox 704 1731 766 1807; x_wconf 85' lang='lat' dir='ltr'><strong><em>(vid.</em></strong></span> <span class='ocrx_word' id='word_1_117' title='bbox 791 1750 872 1808; x_wconf 85' lang='lat' dir='ltr'><strong><em>supra</em></strong></span> <span class='ocrx_word' id='word_1_118' title='bbox 894 1733 975 1790; x_wconf 82' lang='lat' dir='ltr'>Hilari</span> <span class='ocrx_word' id='word_1_119' title='bbox 997 1737 1075 1808; x_wconf 85' lang='lat' dir='ltr'><strong><em>episi.</em></strong></span> <span class='ocrx_word' id='word_1_120' title='bbox 1092 1735 1129 1790; x_wconf 76' lang='lat'><strong><em>14</em></strong></span> <span class='ocrx_word' id='word_1_121' title='bbox 1146 1753 1172 1792; x_wconf 89' lang='lat' dir='ltr'><strong><em>u.</em></strong></span> <span class='ocrx_word' id='word_1_122' title='bbox 1188 1735 1205 1790; x_wconf 74' lang='lat'><strong>2</strong></span> <span class='ocrx_word' id='word_1_123' title='bbox 1222 1744 1248 1791; x_wconf 87' lang='lat' dir='ltr'><strong><em>el</em></strong></span> <span class='ocrx_word' id='word_1_124' title='bbox 1261 1735 1300 1808; x_wconf 85' lang='lat'><strong><em>3).</em></strong></span> 
     </span>
    </p>
   </div>
   <div class='ocr_carea' id='block_1_4' title="bbox 721 1915 778 1979">
    <p class='ocr_par' dir='ltr' id='par_1_9' title="bbox 721 1915 778 1979">
     <span class='ocr_line' id='line_1_16' title="bbox 721 1915 778 1979; baseline -0.018 0"><span class='ocrx_word' id='word_1_125' title='bbox 721 1915 778 1979; x_wconf 88' lang='lat' dir='ltr'><strong><em>IV.</em></strong></span> 
     </span>
    </p>
   </div>
   <div class='ocr_carea' id='block_1_5' title="bbox 92 2018 1454 3664">
    <p class='ocr_par' dir='ltr' id='par_1_10' title="bbox 92 2018 1454 2424">
     <span class='ocr_line' id='line_1_17' title="bbox 193 2018 1386 2119; baseline 0 -20"><span class='ocrx_word' id='word_1_126' title='bbox 193 2036 229 2099; x_wconf 87' lang='grc'><strong><em>9.</em></strong></span> <span class='ocrx_word' id='word_1_127' title='bbox 276 2033 407 2099; x_wconf 83' lang='lat' dir='ltr'><strong><em>Hilarus</em></strong></span> <span class='ocrx_word' id='word_1_128' title='bbox 430 2033 597 2119; x_wconf 86' lang='lat' dir='ltr'><strong><em>episeopus</em></strong></span> <span class='ocrx_word' id='word_1_129' title='bbox 620 2034 716 2099; x_wconf 84' lang='lat' dir='ltr'><strong><em>dixii:</em></strong></span> <span class='ocrx_word' id='word_1_130' title='bbox 755 2040 824 2098; x_wconf 85' lang='lat' dir='ltr'><strong><em>Alia</em></strong></span> <span class='ocrx_word' id='word_1_131' title='bbox 846 2018 974 2115; x_wconf 84' lang='lat' dir='ltr'><strong><em>epistola</em></strong></span> <span class='ocrx_word' id='word_1_132' title='bbox 995 2041 1149 2100; x_wconf 81' lang='lat' dir='ltr'><strong><em>recitetur.</em></strong></span> <span class='ocrx_word' id='word_1_133' title='bbox 1189 2035 1306 2099; x_wconf 84' lang='lat' dir='ltr'><strong><em>Paulus</em></strong></span> <span class='ocrx_word' id='word_1_134' title='bbox 1329 2057 1386 2099; x_wconf 87' lang='lat' dir='ltr'><strong><em>uo-</em></strong></span> 
     </span>
     <span class='ocr_line' id='line_1_18' title="bbox 92 2137 1385 2216; baseline -0.002 -12"><span class='ocrx_word' id='word_1_135' title='bbox 92 2138 213 2204; x_wconf 74' lang='lat' dir='ltr'><strong><em>tarius</em></strong></span> <span class='ocrx_word' id='word_1_136' title='bbox 236 2137 402 2202; x_wconf 83' lang='lat' dir='ltr'><strong><em>reciierii:</em></strong></span> <span class='ocrx_word' id='word_1_137' title='bbox 433 2141 562 2202; x_wconf 85' lang='lat' dir='ltr'><strong><em>Domino</em></strong></span> <span class='ocrx_word' id='word_1_138' title='bbox 584 2143 753 2202; x_wconf 79' lang='lat' dir='ltr'><strong><em>beatissimo</em></strong></span> <span class='ocrx_word' id='word_1_139' title='bbox 775 2149 804 2200; x_wconf 86' lang='lat' dir='ltr'><strong><em>et</em></strong></span> <span class='ocrx_word' id='word_1_140' title='bbox 825 2143 992 2216; x_wconf 87' lang='lat' dir='ltr'><strong><em>apostolico</em></strong></span> <span class='ocrx_word' id='word_1_141' title='bbox 1015 2145 1184 2202; x_wconf 87' lang='lat' dir='ltr'><strong><em>reuerentia</em></strong></span> <span class='ocrx_word' id='word_1_142' title='bbox 1207 2160 1226 2201; x_wconf 92' lang='lat' dir='ltr'><strong><em>a</em></strong></span> <span class='ocrx_word' id='word_1_143' title='bbox 1249 2143 1332 2202; x_wconf 73' lang='lat' dir='ltr'><strong><em>crebis</em></strong></span> <span class='ocrx_word' id='word_1_144' title='bbox 1354 2146 1385 2202; x_wconf 87' lang='lat' dir='ltr'><strong><em>iu</em></strong></span> 
     </span>
     <span class='ocr_line' id='line_1_19' title="bbox 95 2244 1454 2320; baseline -0.002 -13"><span class='ocrx_word' id='word_1_145' title='bbox 95 2246 234 2307; x_wconf 76' lang='lat' dir='ltr'><strong><em>Cirr-isto</em></strong></span> <span class='ocrx_word' id='word_1_146' title='bbox 260 2245 389 2305; x_wconf 78' lang='lat' dir='ltr'><strong><em>colendo</em></strong></span> <span class='ocrx_word' id='word_1_147' title='bbox 411 2261 517 2320; x_wconf 88' lang='lat' dir='ltr'><strong><em>papae</em></strong></span> <span class='ocrx_word' id='word_1_148' title='bbox 542 2245 654 2305; x_wconf 84' lang='lat' dir='ltr'><strong><em>Hilaro</em></strong></span> <span class='ocrx_word' id='word_1_149' title='bbox 676 2245 826 2304; x_wconf 75' lang='lat' dir='ltr'><strong><em>Ascanius</em></strong></span> <span class='ocrx_word' id='word_1_150' title='bbox 853 2254 881 2303; x_wconf 85' lang='lat' dir='ltr'><strong><em>ct</em></strong></span> <span class='ocrx_word' id='word_1_151' title='bbox 905 2247 1044 2306; x_wconf 86' lang='lat' dir='ltr'><strong><em>uniuersi</em></strong></span> <span class='ocrx_word' id='word_1_152' title='bbox 1070 2248 1208 2320; x_wconf 78' lang='lat' dir='ltr'><strong><em>episcopi</em></strong></span> <span class='ocrx_word' id='word_1_153' title='bbox 1235 2244 1386 2305; x_wconf 82' lang='lat' dir='ltr'><strong><em>Tarraco·</em></strong></span> <span class='ocrx_word' id='word_1_154' title='bbox 1450 2278 1454 2289; x_wconf 56' lang='grc' dir='ltr'><em>ι</em></span> 
     </span>
     <span class='ocr_line' id='line_1_20' title="bbox 95 2349 422 2424; baseline -0.009 -15"><span class='ocrx_word' id='word_1_155' title='bbox 95 2351 214 2409; x_wconf 79' lang='lat' dir='ltr'><strong><em>nensis</em></strong></span> <span class='ocrx_word' id='word_1_156' title='bbox 232 2349 422 2424; x_wconf 82' lang='lat' dir='ltr'><strong><em>prouinciae.</em></strong></span> 
     </span>
    </p>

    <p class='ocr_par' dir='ltr' id='par_1_11' title="bbox 94 2440 1386 2732">
     <span class='ocr_line' id='line_1_21' title="bbox 196 2440 1386 2526; baseline 0 -16"><span class='ocrx_word' id='word_1_157' title='bbox 196 2451 330 2511; x_wconf 82' lang='lat' dir='ltr'><strong><em>Etiamsi</em></strong></span> <span class='ocrx_word' id='word_1_158' title='bbox 349 2451 437 2511; x_wconf 85' lang='lat' dir='ltr'><strong><em>nulla</em></strong></span> <span class='ocrx_word' id='word_1_159' title='bbox 459 2456 594 2510; x_wconf 80' lang='lat' dir='ltr'><strong><em>exstaret</em></strong></span> <span class='ocrx_word' id='word_1_160' title='bbox 620 2453 782 2510; x_wconf 83' lang='lat' dir='ltr'><strong><em>necessitas</em></strong></span> <span class='ocrx_word' id='word_1_161' title='bbox 807 2464 834 2509; x_wconf 83' lang='lat' dir='ltr'><strong><em>a</em></strong></span> <span class='ocrx_word' id='word_1_162' title='bbox 856 2454 934 2526; x_wconf 86' lang='lat' dir='ltr'><strong><em>reliq.</em></strong></span> <span class='ocrx_word' id='word_1_163' title='bbox 969 2469 1054 2526; x_wconf 82' lang='lat' dir='ltr'><strong><em>usque</em></strong></span> <span class='ocrx_word' id='word_1_164' title='bbox 1077 2453 1108 2507; x_wconf 80' lang='lat' dir='ltr'><strong><em>al</em></strong></span> <span class='ocrx_word' id='word_1_165' title='bbox 1138 2452 1177 2509; x_wconf 81' lang='lat' dir='ltr'><strong><em>Et</em></strong></span> <span class='ocrx_word' id='word_1_166' title='bbox 1197 2440 1386 2526; x_wconf 79' lang='lat' dir='ltr'><strong><em>sitiseriptio.</em></strong></span> 
     </span>
     <span class='ocr_line' id='line_1_22' title="bbox 97 2554 1383 2630; baseline -0.001 -16"><span class='ocrx_word' id='word_1_167' title='bbox 97 2554 258 2615; x_wconf 84' lang='lat' dir='ltr'><strong><em>Orantem</em></strong></span> <span class='ocrx_word' id='word_1_168' title='bbox 275 2570 337 2630; x_wconf 87' lang='lat' dir='ltr'><strong><em>pro</em></strong></span> <span class='ocrx_word' id='word_1_169' title='bbox 360 2554 445 2614; x_wconf 80' lang='lat' dir='ltr'><strong><em>nebr&#39;s</em></strong></span> <span class='ocrx_word' id='word_1_170' title='bbox 466 2561 603 2613; x_wconf 89' lang='lat' dir='ltr'><strong><em>sanetum</em></strong></span> <span class='ocrx_word' id='word_1_171' title='bbox 626 2555 828 2629; x_wconf 83' lang='lat' dir='ltr'><strong><em>apostolatum</em></strong></span> <span class='ocrx_word' id='word_1_172' title='bbox 852 2560 980 2613; x_wconf 85' lang='lat' dir='ltr'><strong><em>uestrum</em></strong></span> <span class='ocrx_word' id='word_1_173' title='bbox 996 2555 1071 2628; x_wconf 83' lang='lat' dir='ltr'><strong><em>jupi</em></strong></span> <span class='ocrx_word' id='word_1_174' title='bbox 1091 2570 1165 2613; x_wconf 83' lang='lat' dir='ltr'><strong><em>uero</em></strong></span> <span class='ocrx_word' id='word_1_175' title='bbox 1189 2554 1292 2614; x_wconf 83' lang='lat' dir='ltr'><strong><em>diuina</em></strong></span> <span class='ocrx_word' id='word_1_176' title='bbox 1314 2572 1383 2613; x_wconf 80' lang='lat' dir='ltr'><strong><em>corr-</em></strong></span> 
     </span>
     <span class='ocr_line' id='line_1_23' title="bbox 94 2656 891 2732; baseline -0.006 -13"><span class='ocrx_word' id='word_1_177' title='bbox 94 2663 209 2719; x_wconf 79' lang='lat' dir='ltr'><strong><em>seruet</em></strong></span> <span class='ocrx_word' id='word_1_178' title='bbox 231 2658 415 2717; x_wconf 82' lang='lat' dir='ltr'><strong><em>aeternitas!</em></strong></span> <span class='ocrx_word' id='word_1_179' title='bbox 437 2657 508 2731; x_wconf 86' lang='lat' dir='ltr'><strong><em>(vide</em></strong></span> <span class='ocrx_word' id='word_1_180' title='bbox 528 2675 609 2732; x_wconf 81' lang='lat' dir='ltr'><strong><em>supra</em></strong></span> <span class='ocrx_word' id='word_1_181' title='bbox 631 2656 712 2713; x_wconf 87' lang='lat' dir='ltr'><strong><em>lliluri</em></strong></span> <span class='ocrx_word' id='word_1_182' title='bbox 733 2660 812 2732; x_wconf 85' lang='lat' dir='ltr'><strong><em>episi.</em></strong></span> <span class='ocrx_word' id='word_1_183' title='bbox 831 2657 891 2732; x_wconf 83' lang='lat'><strong><em>13).</em></strong></span> 
     </span>
    </p>

    <p class='ocr_par' dir='ltr' id='par_1_12' title="bbox 96 2752 1389 3664">
     <span class='ocr_line' id='line_1_24' title="bbox 198 2752 1387 2838; baseline -0.003 -19"><span class='ocrx_word' id='word_1_184' title='bbox 198 2754 252 2819; x_wconf 90' lang='lat'><strong><em>10.</em></strong></span> <span class='ocrx_word' id='word_1_185' title='bbox 296 2754 349 2820; x_wconf 84' lang='lat' dir='ltr'><strong><em>Ab</em></strong></span> <span class='ocrx_word' id='word_1_186' title='bbox 377 2752 534 2817; x_wconf 78' lang='lat' dir='ltr'><strong><em>miiversis</em></strong></span> <span class='ocrx_word' id='word_1_187' title='bbox 562 2752 722 2837; x_wconf 88' lang='lat' dir='ltr'><strong><em>episcopis</em></strong></span> <span class='ocrx_word' id='word_1_188' title='bbox 748 2757 780 2816; x_wconf 89' lang='lat' dir='ltr'><strong><em>ei</em></strong></span> <span class='ocrx_word' id='word_1_189' title='bbox 801 2754 995 2838; x_wconf 84' lang='lat' dir='ltr'><strong><em>presbyicris</em></strong></span> <span class='ocrx_word' id='word_1_190' title='bbox 1019 2754 1230 2818; x_wconf 79' lang='lat' dir='ltr'><strong><em>acclamatum</em></strong></span> <span class='ocrx_word' id='word_1_191' title='bbox 1254 2757 1317 2817; x_wconf 88' lang='lat' dir='ltr'><strong><em>esi:</em></strong></span> <span class='ocrx_word' id='word_1_192' title='bbox 1349 2758 1387 2818; x_wconf 85' lang='lat' dir='ltr'><strong><em>Ut</em></strong></span> 
     </span>
     <span class='ocr_line' id='line_1_25' title="bbox 96 2855 1386 2936; baseline -0.005 -12"><span class='ocrx_word' id='word_1_193' title='bbox 96 2865 189 2924; x_wconf 76' lang='lat' dir='ltr'><strong><em>nnec</em></strong></span> <span class='ocrx_word' id='word_1_194' title='bbox 216 2863 416 2923; x_wconf 79' lang='lat' dir='ltr'><strong><em>emendentur</em></strong></span> <span class='ocrx_word' id='word_1_195' title='bbox 436 2864 599 2936; x_wconf 73' lang='lat' dir='ltr'><strong><em>conamus!</em></strong></span> <span class='ocrx_word' id='word_1_196' title='bbox 628 2855 748 2919; x_wconf 85' lang='lat' dir='ltr'><strong><em>dicium</em></strong></span> <span class='ocrx_word' id='word_1_197' title='bbox 776 2859 825 2919; x_wconf 85' lang='lat' dir='ltr'><strong><em>esi</em></strong></span> <span class='ocrx_word' id='word_1_198' title='bbox 852 2857 964 2919; x_wconf 84' lang='lat' dir='ltr'><strong><em>sexies.</em></strong></span> <span class='ocrx_word' id='word_1_199' title='bbox 1006 2861 1044 2920; x_wconf 80' lang='lat' dir='ltr'><strong><em>ar</em></strong></span> <span class='ocrx_word' id='word_1_200' title='bbox 1065 2861 1139 2920; x_wconf 77' lang='lat' dir='ltr'><strong><em>leuce</em></strong></span> <span class='ocrx_word' id='word_1_201' title='bbox 1160 2855 1386 2936; x_wconf 72' lang='lat' dir='ltr'><strong><em>reciduntar²⁰l</em></strong></span> 
     </span>
     <span class='ocr_line' id='line_1_26' title="bbox 96 2958 1387 3042; baseline -0.006 -15"><span class='ocrx_word' id='word_1_202' title='bbox 96 2968 277 3040; x_wconf 74' lang='lat' dir='ltr'><strong><em>reparans!</em></strong></span> <span class='ocrx_word' id='word_1_203' title='bbox 299 2959 419 3024; x_wconf 85' lang='lat' dir='ltr'><strong><em>dicium</em></strong></span> <span class='ocrx_word' id='word_1_204' title='bbox 442 2962 491 3022; x_wconf 87' lang='lat' dir='ltr'><strong><em>esi</em></strong></span> <span class='ocrx_word' id='word_1_205' title='bbox 512 2959 639 3042; x_wconf 81' lang='lat' dir='ltr'><strong><em>sepiies</em></strong></span> <span class='ocrx_word' id='word_1_206' title='bbox 680 2963 718 3023; x_wconf 85' lang='lat' dir='ltr'><strong><em>Ut</em></strong></span> <span class='ocrx_word' id='word_1_207' title='bbox 740 2964 903 3037; x_wconf 80' lang='lat' dir='ltr'><strong><em>disciplina</em></strong></span> <span class='ocrx_word' id='word_1_208' title='bbox 924 2971 1061 3023; x_wconf 80' lang='lat' dir='ltr'><strong><em>serualur</em></strong></span> <span class='ocrx_word' id='word_1_209' title='bbox 1082 2960 1244 3036; x_wconf 78' lang='lat' dir='ltr'><strong><em>ropourasl</em></strong></span> <span class='ocrx_word' id='word_1_210' title='bbox 1266 2958 1387 3020; x_wconf 82' lang='lat' dir='ltr'><strong><em>dicium</em></strong></span> 
     </span>
     <span class='ocr_line' id='line_1_27' title="bbox 97 3059 1389 3144; baseline -0.006 -15"><span class='ocrx_word' id='word_1_211' title='bbox 97 3068 160 3129; x_wconf 73' lang='lat' dir='ltr'><strong><em>eei</em></strong></span> <span class='ocrx_word' id='word_1_212' title='bbox 182 3062 296 3128; x_wconf 77' lang='lat' dir='ltr'><strong><em>octies.</em></strong></span> <span class='ocrx_word' id='word_1_213' title='bbox 343 3068 382 3128; x_wconf 84' lang='lat' dir='ltr'><strong><em>ar</em></strong></span> <span class='ocrx_word' id='word_1_214' title='bbox 403 3068 569 3141; x_wconf 87' lang='lat' dir='ltr'><strong><em>antiquitas</em></strong></span> <span class='ocrx_word' id='word_1_215' title='bbox 595 3072 730 3125; x_wconf 87' lang='lat' dir='ltr'><strong><em>serretur</em></strong></span> <span class='ocrx_word' id='word_1_216' title='bbox 759 3069 920 3139; x_wconf 81' lang='lat' dir='ltr'><strong><em>ropomus!</em></strong></span> <span class='ocrx_word' id='word_1_217' title='bbox 949 3060 1068 3122; x_wconf 86' lang='lat' dir='ltr'><strong><em>dicium</em></strong></span> <span class='ocrx_word' id='word_1_218' title='bbox 1098 3064 1147 3123; x_wconf 89' lang='lat' dir='ltr'><strong><em>esi</em></strong></span> <span class='ocrx_word' id='word_1_219' title='bbox 1175 3059 1302 3144; x_wconf 76' lang='lat' dir='ltr'><strong><em>septies,</em></strong></span> <span class='ocrx_word' id='word_1_220' title='bbox 1351 3064 1389 3123; x_wconf 86' lang='lat' dir='ltr'><strong><em>Ut</em></strong></span> 
     </span>
     <span class='ocr_line' id='line_1_28' title="bbox 99 3162 1386 3247; baseline -0.005 -14"><span class='ocrx_word' id='word_1_221' title='bbox 99 3171 279 3247; x_wconf 65' lang='lat' dir='ltr'><strong><em>disciplina</em></strong></span> <span class='ocrx_word' id='word_1_222' title='bbox 299 3177 436 3230; x_wconf 80' lang='lat' dir='ltr'><strong><em>servetm</em></strong></span> <span class='ocrx_word' id='word_1_223' title='bbox 461 3171 627 3244; x_wconf 74' lang='lat' dir='ltr'><strong><em>ronanus!</em></strong></span> <span class='ocrx_word' id='word_1_224' title='bbox 654 3163 775 3227; x_wconf 89' lang='lat' dir='ltr'><strong><em>dicium</em></strong></span> <span class='ocrx_word' id='word_1_225' title='bbox 803 3166 851 3225; x_wconf 84' lang='lat' dir='ltr'><strong><em>esi</em></strong></span> <span class='ocrx_word' id='word_1_226' title='bbox 880 3162 1057 3247; x_wconf 88' lang='lat' dir='ltr'><strong><em>quinquies.</em></strong></span> <span class='ocrx_word' id='word_1_227' title='bbox 1107 3168 1144 3226; x_wconf 83' lang='lat' dir='ltr'><strong><em>Ut</em></strong></span> <span class='ocrx_word' id='word_1_228' title='bbox 1172 3184 1304 3227; x_wconf 78' lang='lat' dir='ltr'><strong><em>curiones</em></strong></span> <span class='ocrx_word' id='word_1_229' title='bbox 1336 3184 1386 3227; x_wconf 88' lang='lat' dir='ltr'><strong><em>eu-</em></strong></span> 
     </span>
     <span class='ocr_line' id='line_1_29' title="bbox 98 3266 1386 3349; baseline -0.006 -14"><span class='ocrx_word' id='word_1_230' title='bbox 98 3274 290 3337; x_wconf 79' lang='lat' dir='ltr'><strong><em>stodiantar</em></strong></span> <span class='ocrx_word' id='word_1_231' title='bbox 309 3276 471 3347; x_wconf 80' lang='lat' dir='ltr'><strong><em>reparans!</em></strong></span> <span class='ocrx_word' id='word_1_232' title='bbox 494 3267 614 3331; x_wconf 83' lang='lat' dir='ltr'><strong><em>dicium</em></strong></span> <span class='ocrx_word' id='word_1_233' title='bbox 637 3269 686 3329; x_wconf 90' lang='lat' dir='ltr'><strong><em>esi</em></strong></span> <span class='ocrx_word' id='word_1_234' title='bbox 708 3266 836 3349; x_wconf 84' lang='lat' dir='ltr'><strong><em>sepiies</em></strong></span> <span class='ocrx_word' id='word_1_235' title='bbox 877 3271 915 3329; x_wconf 82' lang='lat' dir='ltr'><strong><em>in</em></strong></span> <span class='ocrx_word' id='word_1_236' title='bbox 937 3272 967 3329; x_wconf 90' lang='lat' dir='ltr'><strong><em>in</em></strong></span> <span class='ocrx_word' id='word_1_237' title='bbox 988 3271 1268 3345; x_wconf 81' lang='lat' dir='ltr'><strong><em>praesumptoribus</em></strong></span> <span class='ocrx_word' id='word_1_238' title='bbox 1290 3271 1386 3329; x_wconf 81' lang='lat' dir='ltr'><strong><em>uindi-</em></strong></span> 
     </span>
     <span class='ocr_line' id='line_1_30' title="bbox 99 3369 1386 3453; baseline -0.005 -15"><span class='ocrx_word' id='word_1_239' title='bbox 99 3385 201 3439; x_wconf 84' lang='lat' dir='ltr'><strong><em>cetar</em></strong></span> <span class='ocrx_word' id='word_1_240' title='bbox 224 3378 385 3451; x_wconf 83' lang='lat' dir='ltr'><strong><em>reponas!</em></strong></span> <span class='ocrx_word' id='word_1_241' title='bbox 412 3370 533 3434; x_wconf 89' lang='lat' dir='ltr'><strong><em>dicium</em></strong></span> <span class='ocrx_word' id='word_1_242' title='bbox 561 3373 610 3433; x_wconf 88' lang='lat' dir='ltr'><strong><em>esi</em></strong></span> <span class='ocrx_word' id='word_1_243' title='bbox 637 3369 765 3453; x_wconf 86' lang='lat' dir='ltr'><strong><em>septies.</em></strong></span> <span class='ocrx_word' id='word_1_244' title='bbox 815 3372 975 3432; x_wconf 73' lang='lat' dir='ltr'><strong><em>Ordinatio</em></strong></span> <span class='ocrx_word' id='word_1_245' title='bbox 997 3375 1164 3448; x_wconf 85' lang='lat' dir='ltr'><strong><em>apostolico</em></strong></span> <span class='ocrx_word' id='word_1_246' title='bbox 1187 3373 1302 3432; x_wconf 82' lang='lat' dir='ltr'><strong><em>illibata</em></strong></span> <span class='ocrx_word' id='word_1_247' title='bbox 1324 3389 1386 3431; x_wconf 88' lang='lat' dir='ltr'><strong><em>ser-</em></strong></span> 
     </span>
     <span class='ocr_line' id='line_1_31' title="bbox 100 3469 1387 3547; baseline -0.007 -6"><span class='ocrx_word' id='word_1_248' title='bbox 100 3481 219 3541; x_wconf 83' lang='lat' dir='ltr'><strong><em>retur!</em></strong></span> <span class='ocrx_word' id='word_1_249' title='bbox 248 3473 366 3537; x_wconf 85' lang='lat' dir='ltr'><strong><em>dicium</em></strong></span> <span class='ocrx_word' id='word_1_250' title='bbox 389 3476 438 3536; x_wconf 89' lang='lat' dir='ltr'><strong><em>esi</em></strong></span> <span class='ocrx_word' id='word_1_251' title='bbox 459 3472 568 3537; x_wconf 83' lang='lat' dir='ltr'><strong><em>ociies.</em></strong></span> <span class='ocrx_word' id='word_1_252' title='bbox 621 3477 749 3536; x_wconf 80' lang='lat' dir='ltr'><strong><em>Euciraii</em></strong></span> <span class='ocrx_word' id='word_1_253' title='bbox 775 3477 900 3547; x_wconf 77' lang='lat' dir='ltr'><strong><em>Gloriae,</em></strong></span> <span class='ocrx_word' id='word_1_254' title='bbox 933 3475 1041 3534; x_wconf 86' lang='lat' dir='ltr'><strong><em>llilaro</em></strong></span> <span class='ocrx_word' id='word_1_255' title='bbox 1070 3476 1153 3534; x_wconf 86' lang='lat' dir='ltr'><strong><em>uita!</em></strong></span> <span class='ocrx_word' id='word_1_256' title='bbox 1190 3469 1309 3533; x_wconf 83' lang='lat' dir='ltr'><strong><em>dicium</em></strong></span> <span class='ocrx_word' id='word_1_257' title='bbox 1338 3472 1387 3533; x_wconf 88' lang='lat' dir='ltr'><strong><em>esi</em></strong></span> 
     </span>
     <span class='ocr_line' id='line_1_32' title="bbox 101 3572 1190 3664; baseline -0.003 -25"><span class='ocrx_word' id='word_1_258' title='bbox 101 3575 294 3664; x_wconf 83' lang='lat' dir='ltr'><strong><em>quinquies.</em></strong></span> <span class='ocrx_word' id='word_1_259' title='bbox 333 3581 448 3656; x_wconf 76' lang='lat' dir='ltr'><strong><em>Dianas</em></strong></span> <span class='ocrx_word' id='word_1_260' title='bbox 465 3595 563 3656; x_wconf 88' lang='lat' dir='ltr'><strong><em>papa,</em></strong></span> <span class='ocrx_word' id='word_1_261' title='bbox 588 3579 699 3652; x_wconf 76' lang='lat' dir='ltr'><strong><em>dianus</em></strong></span> <span class='ocrx_word' id='word_1_262' title='bbox 720 3580 846 3638; x_wconf 81' lang='lat' dir='ltr'><strong><em>doctor!</em></strong></span> <span class='ocrx_word' id='word_1_263' title='bbox 868 3572 986 3636; x_wconf 72' lang='lat' dir='ltr'><strong><em>ilicium</em></strong></span> <span class='ocrx_word' id='word_1_264' title='bbox 1011 3577 1059 3635; x_wconf 86' lang='lat' dir='ltr'><strong><em>esi</em></strong></span> <span class='ocrx_word' id='word_1_265' title='bbox 1081 3574 1190 3636; x_wconf 86' lang='lat' dir='ltr'><strong><em>octies.</em></strong></span> 
     </span>
    </p>
   </div>
   <div class='ocr_carea' id='block_1_6' title="bbox 110 3769 303 3779">
    <p class='ocr_par' dir='ltr' id='par_1_13' title="bbox 110 3769 303 3779">
     <span class='ocr_line' id='line_1_33' title="bbox 110 3769 303 3779; baseline -0.005 0"><span class='ocrx_word' id='word_1_266' title='bbox 110 3769 236 3779; x_wconf 78' lang='lat'><strong><em>--—-</em></strong></span> <span class='ocrx_word' id='word_1_267' title='bbox 248 3771 251 3775; x_wconf 80' lang='lat'><strong><em>.</em></strong></span> <span class='ocrx_word' id='word_1_268' title='bbox 297 3771 303 3774; x_wconf 90' lang='lat'><em>-</em></span> 
     </span>
    </p>
   </div>
   <div class='ocr_carea' id='block_1_7' title="bbox 94 3863 1458 4790">
    <p class='ocr_par' dir='ltr' id='par_1_14' title="bbox 100 3863 1386 4019">
     <span class='ocr_line' id='line_1_34' title="bbox 177 3863 1386 3937; baseline -0.005 -17"><span class='ocrx_word' id='word_1_269' title='bbox 177 3871 214 3937; x_wconf 64' lang='grc' dir='ltr'><strong><em>η’)</em></strong></span> <span class='ocrx_word' id='word_1_270' title='bbox 236 3865 272 3920; x_wconf 77' lang='grc' dir='ltr'><strong><em>ΗΙΙ</em></strong></span> <span class='ocrx_word' id='word_1_271' title='bbox 291 3872 315 3924; x_wconf 87' lang='lat' dir='ltr'><strong><em>d.</em></strong></span> <span class='ocrx_word' id='word_1_272' title='bbox 329 3870 354 3919; x_wconf 79' lang='grc' dir='ltr'><em>Χ</em></span> <span class='ocrx_word' id='word_1_273' title='bbox 359 3870 401 3919; x_wconf 88' lang='lat' dir='ltr'><strong><em>VI</em></strong></span> <span class='ocrx_word' id='word_1_274' title='bbox 459 3877 485 3920; x_wconf 82' lang='lat' dir='ltr'><strong><em>ct</em></strong></span> <span class='ocrx_word' id='word_1_275' title='bbox 503 3871 528 3919; x_wconf 90' lang='lat' dir='ltr'><strong><em>in</em></strong></span> <span class='ocrx_word' id='word_1_276' title='bbox 543 3876 701 3934; x_wconf 86' lang='lat' dir='ltr'><strong><em>perpetuum.</em></strong></span> <span class='ocrx_word' id='word_1_277' title='bbox 727 3863 832 3918; x_wconf 79' lang='lat' dir='ltr'><strong><em>Deinde</em></strong></span> <span class='ocrx_word' id='word_1_278' title='bbox 851 3863 918 3917; x_wconf 80' lang='lat' dir='ltr'><strong><em>cdiii</em></strong></span> <span class='ocrx_word' id='word_1_279' title='bbox 938 3869 990 3917; x_wconf 82' lang='lat' dir='ltr'><strong><em>I&#39;er</em></strong></span> <span class='ocrx_word' id='word_1_280' title='bbox 1008 3869 1130 3918; x_wconf 88' lang='lat' dir='ltr'><strong><em>dominum</em></strong></span> <span class='ocrx_word' id='word_1_281' title='bbox 1149 3868 1251 3917; x_wconf 85' lang='lat' dir='ltr'><strong><em>Petram</em></strong></span> <span class='ocrx_word' id='word_1_282' title='bbox 1269 3883 1386 3932; x_wconf 76' lang='lat' dir='ltr'><strong><em>roqarnus</em></strong></span> 
     </span>
     <span class='ocr_line' id='line_1_35' title="bbox 100 3950 1123 4019; baseline -0.008 -10"><span class='ocrx_word' id='word_1_283' title='bbox 100 3969 131 4009; x_wconf 78' lang='lat' dir='ltr'><strong><em>ur</em></strong></span> <span class='ocrx_word' id='word_1_284' title='bbox 215 3957 311 4007; x_wconf 81' lang='lat' dir='ltr'><strong><em>dictum</em></strong></span> <span class='ocrx_word' id='word_1_285' title='bbox 328 3962 366 4005; x_wconf 77' lang='lat' dir='ltr'><strong><em>esi</em></strong></span> <span class='ocrx_word' id='word_1_286' title='bbox 383 3956 477 4014; x_wconf 73' lang='lat' dir='ltr'><strong><em>sexies,</em></strong></span> <span class='ocrx_word' id='word_1_287' title='bbox 497 3967 616 4019; x_wconf 83' lang='lat' dir='ltr'><strong><em>moxque</em></strong></span> <span class='ocrx_word' id='word_1_288' title='bbox 636 3951 673 4003; x_wconf 71' lang='grc' dir='ltr'><strong><em>Η8</em></strong></span> <span class='ocrx_word' id='word_1_289' title='bbox 689 3962 857 4018; x_wconf 79' lang='lat' dir='ltr'><strong><em>persecrutur</em></strong></span> <span class='ocrx_word' id='word_1_290' title='bbox 874 3950 935 4002; x_wconf 87' lang='lat' dir='ltr'><strong><em>loeo</em></strong></span> <span class='ocrx_word' id='word_1_291' title='bbox 953 3961 1123 4003; x_wconf 79' lang='lat' dir='ltr'><strong><em>reserventur.</em></strong></span> 
     </span>
    </p>

    <p class='ocr_par' dir='ltr' id='par_1_15' title="bbox 99 4033 1387 4363">
     <span class='ocr_line' id='line_1_36' title="bbox 176 4033 1387 4107; baseline -0.005 -16"><span class='ocrx_word' id='word_1_292' title='bbox 176 4043 214 4107; x_wconf 66' lang='lat'><strong><em>²²)</em></strong></span> <span class='ocrx_word' id='word_1_293' title='bbox 236 4037 295 4091; x_wconf 85' lang='lat' dir='ltr'><strong><em>Hoc</em></strong></span> <span class='ocrx_word' id='word_1_294' title='bbox 308 4036 476 4106; x_wconf 75' lang='lat' dir='ltr'><strong><em>responaens</em></strong></span> <span class='ocrx_word' id='word_1_295' title='bbox 488 4036 594 4091; x_wconf 84' lang='lat' dir='ltr'><strong><em>Probus</em></strong></span> <span class='ocrx_word' id='word_1_296' title='bbox 607 4036 698 4091; x_wconf 82' lang='lat' dir='ltr'><strong><em>verbis</em></strong></span> <span class='ocrx_word' id='word_1_297' title='bbox 716 4034 909 4105; x_wconf 82' lang='lat' dir='ltr'><strong><em>episcoporum</em></strong></span> <span class='ocrx_word' id='word_1_298' title='bbox 926 4034 1085 4103; x_wconf 80' lang='lat' dir='ltr'><strong><em>provinciae</em></strong></span> <span class='ocrx_word' id='word_1_299' title='bbox 1099 4034 1321 4100; x_wconf 70' lang='lat' dir='ltr'><strong><em>Tarraconensis,</em></strong></span> <span class='ocrx_word' id='word_1_300' title='bbox 1340 4033 1387 4101; x_wconf 85' lang='lat' dir='ltr'><strong><em>qui</em></strong></span> 
     </span>
     <span class='ocr_line' id='line_1_37' title="bbox 99 4117 1386 4188; baseline -0.012 -5"><span class='ocrx_word' id='word_1_301' title='bbox 99 4122 320 4183; x_wconf 74' lang='lat' dir='ltr'><strong><em>Nundirmrium</em></strong></span> <span class='ocrx_word' id='word_1_302' title='bbox 338 4138 392 4176; x_wconf 90' lang='lat' dir='ltr'><strong><em>nou</em></strong></span> <span class='ocrx_word' id='word_1_303' title='bbox 410 4122 493 4176; x_wconf 89' lang='lat' dir='ltr'><strong><em>modo</em></strong></span> <span class='ocrx_word' id='word_1_304' title='bbox 511 4117 666 4175; x_wconf 70' lang='lat' dir='ltr'><strong><em>iaculinies&#39;</em></strong></span> <span class='ocrx_word' id='word_1_305' title='bbox 681 4139 744 4174; x_wconf 78' lang='lat' dir='ltr'><strong><em>siras</em></strong></span> <span class='ocrx_word' id='word_1_306' title='bbox 762 4121 877 4174; x_wconf 85' lang='lat' dir='ltr'><strong><em>irenaeo</em></strong></span> <span class='ocrx_word' id='word_1_307' title='bbox 901 4119 1043 4188; x_wconf 83' lang='lat' dir='ltr'><strong><em>reliquisse</em></strong></span> <span class='ocrx_word' id='word_1_308' title='bbox 1067 4120 1114 4172; x_wconf 87' lang='lat' dir='ltr'><strong><em>sed</em></strong></span> <span class='ocrx_word' id='word_1_309' title='bbox 1138 4121 1167 4173; x_wconf 86' lang='lat' dir='ltr'><strong><em>ei</em></strong></span> <span class='ocrx_word' id='word_1_310' title='bbox 1185 4119 1312 4173; x_wconf 87' lang='lat' dir='ltr'><strong><em>eumdem</em></strong></span> <span class='ocrx_word' id='word_1_311' title='bbox 1331 4118 1386 4186; x_wconf 84' lang='lat' dir='ltr'><strong><em>epi-</em></strong></span> 
     </span>
     <span class='ocr_line' id='line_1_38' title="bbox 99 4203 1387 4283; baseline -0.006 -21"><span class='ocrx_word' id='word_1_312' title='bbox 99 4212 248 4283; x_wconf 68' lang='lat' dir='ltr'><strong><em>scopatum</em></strong></span> <span class='ocrx_word' id='word_1_313' title='bbox 265 4207 309 4261; x_wconf 89' lang='lat' dir='ltr'><strong><em>sui</em></strong></span> <span class='ocrx_word' id='word_1_314' title='bbox 326 4222 512 4262; x_wconf 85' lang='lat' dir='ltr'><strong><em>successorem</em></strong></span> <span class='ocrx_word' id='word_1_315' title='bbox 530 4206 689 4276; x_wconf 83' lang='lat' dir='ltr'><strong><em>designasse</em></strong></span> <span class='ocrx_word' id='word_1_316' title='bbox 707 4205 881 4275; x_wconf 83' lang='lat' dir='ltr'><strong><em>scripserant,</em></strong></span> <span class='ocrx_word' id='word_1_317' title='bbox 900 4205 1021 4275; x_wconf 84' lang='lat' dir='ltr'><strong><em>primum</em></strong></span> <span class='ocrx_word' id='word_1_318' title='bbox 1039 4206 1064 4258; x_wconf 89' lang='lat' dir='ltr'><strong><em>ei</em></strong></span> <span class='ocrx_word' id='word_1_319' title='bbox 1082 4204 1190 4259; x_wconf 72' lang='lat' dir='ltr'><strong><em>iurasse</em></strong></span> <span class='ocrx_word' id='word_1_320' title='bbox 1205 4204 1253 4271; x_wconf 82' lang='lat' dir='ltr'><strong><em>aii,</em></strong></span> <span class='ocrx_word' id='word_1_321' title='bbox 1273 4206 1302 4257; x_wconf 86' lang='lat' dir='ltr'><strong><em>ai</em></strong></span> <span class='ocrx_word' id='word_1_322' title='bbox 1320 4203 1387 4255; x_wconf 87' lang='lat' dir='ltr'><strong><em>alie·</em></strong></span> 
     </span>
     <span class='ocr_line' id='line_1_39' title="bbox 99 4292 363 4363; baseline -0.019 -11"><span class='ocrx_word' id='word_1_323' title='bbox 99 4317 169 4355; x_wconf 84' lang='lat' dir='ltr'><strong><em>mm</em></strong></span> <span class='ocrx_word' id='word_1_324' title='bbox 189 4312 252 4351; x_wconf 86' lang='lat' dir='ltr'><strong><em>non</em></strong></span> <span class='ocrx_word' id='word_1_325' title='bbox 271 4292 363 4363; x_wconf 71' lang='lat' dir='ltr'><strong><em>licere.</em></strong></span> 
     </span>
    </p>

    <p class='ocr_par' dir='ltr' id='par_1_16' title="bbox 94 4369 1458 4790">
     <span class='ocr_line' id='line_1_40' title="bbox 173 4369 1389 4451; baseline -0.011 -17"><span class='ocrx_word' id='word_1_326' title='bbox 173 4386 213 4451; x_wconf 56' lang='grc' dir='ltr'><strong><em>Ε)</em></strong></span> <span class='ocrx_word' id='word_1_327' title='bbox 235 4379 279 4434; x_wconf 79' lang='lat' dir='ltr'><strong><em>lia</em></strong></span> <span class='ocrx_word' id='word_1_328' title='bbox 292 4396 353 4433; x_wconf 86' lang='lat' dir='ltr'><strong><em>eum</em></strong></span> <span class='ocrx_word' id='word_1_329' title='bbox 366 4381 389 4432; x_wconf 82' lang='lat' dir='ltr'><strong><em>c&#39;</em></strong></span> <span class='ocrx_word' id='word_1_330' title='bbox 400 4381 470 4434; x_wconf 77' lang='lat' dir='ltr'><strong><em>e⁹c¹⁰</em></strong></span> <span class='ocrx_word' id='word_1_331' title='bbox 481 4377 656 4439; x_wconf 80' lang='lat' dir='ltr'><strong><em>eomeximus,</em></strong></span> <span class='ocrx_word' id='word_1_332' title='bbox 666 4379 740 4447; x_wconf 87' lang='lat' dir='ltr'><strong><em>quod</em></strong></span> <span class='ocrx_word' id='word_1_333' title='bbox 753 4378 780 4431; x_wconf 88' lang='lat' dir='ltr'><strong><em>iu</em></strong></span> <span class='ocrx_word' id='word_1_334' title='bbox 794 4396 856 4431; x_wconf 88' lang='lat' dir='ltr'><strong><em>mss.</em></strong></span> <span class='ocrx_word' id='word_1_335' title='bbox 870 4383 1010 4449; x_wconf 77' lang='lat' dir='ltr'><strong><em>recitentur</em></strong></span> <span class='ocrx_word' id='word_1_336' title='bbox 1022 4376 1162 4445; x_wconf 84' lang='lat' dir='ltr'><strong><em>scriplum.</em></strong></span> <span class='ocrx_word' id='word_1_337' title='bbox 1188 4376 1218 4427; x_wconf 88' lang='lat' dir='ltr'><strong><em>ln</em></strong></span> <span class='ocrx_word' id='word_1_338' title='bbox 1231 4374 1267 4426; x_wconf 62' lang='lat' dir='ltr'><strong><em>H8</em></strong></span> <span class='ocrx_word' id='word_1_339' title='bbox 1280 4369 1389 4425; x_wconf 85' lang='lat' dir='ltr'><strong><em>librarii</em></strong></span> 
     </span>
     <span class='ocr_line' id='line_1_41' title="bbox 97 4459 1458 4533; baseline -0.012 -9"><span class='ocrx_word' id='word_1_340' title='bbox 97 4465 265 4528; x_wconf 68' lang='lat' dir='ltr'><strong><em>assimila</em></strong></span> <span class='ocrx_word' id='word_1_341' title='bbox 283 4463 513 4519; x_wconf 74' lang='lat' dir='ltr'><strong><em>acclamationem</em></strong></span> <span class='ocrx_word' id='word_1_342' title='bbox 531 4481 660 4518; x_wconf 89' lang='lat' dir='ltr'><strong><em>numerus</em></strong></span> <span class='ocrx_word' id='word_1_343' title='bbox 679 4465 865 4533; x_wconf 84' lang='lat' dir='ltr'><strong><em>periurbuius.</em></strong></span> <span class='ocrx_word' id='word_1_344' title='bbox 900 4463 974 4516; x_wconf 82' lang='lat' dir='ltr'><strong><em>Posi</em></strong></span> <span class='ocrx_word' id='word_1_345' title='bbox 996 4461 1116 4531; x_wconf 86' lang='lat' dir='ltr'><strong><em>spuiium</em></strong></span> <span class='ocrx_word' id='word_1_346' title='bbox 1138 4461 1270 4514; x_wconf 85' lang='lat' dir='ltr'><strong><em>liberum:</em></strong></span> <span class='ocrx_word' id='word_1_347' title='bbox 1294 4463 1320 4510; x_wconf 87' lang='lat' dir='ltr'><strong><em>d.</em></strong></span> <span class='ocrx_word' id='word_1_348' title='bbox 1338 4459 1387 4509; x_wconf 78' lang='lat' dir='ltr'><strong><em>at.</em></strong></span> <span class='ocrx_word' id='word_1_349' title='bbox 1446 4512 1458 4528; x_wconf 30' lang='grc' dir='ltr'>ἱ</span> 
     </span>
     <span class='ocr_line' id='line_1_42' title="bbox 97 4551 1388 4618; baseline -0.015 -8"><span class='ocrx_word' id='word_1_350' title='bbox 97 4562 138 4617; x_wconf 76' lang='lat' dir='ltr'><strong><em>Ui</em></strong></span> <span class='ocrx_word' id='word_1_351' title='bbox 157 4560 232 4610; x_wconf 72' lang='lat' dir='ltr'><strong><em>haee</em></strong></span> <span class='ocrx_word' id='word_1_352' title='bbox 250 4556 414 4605; x_wconf 69' lang='lat' dir='ltr'><strong><em>emendentur</em></strong></span> <span class='ocrx_word' id='word_1_353' title='bbox 432 4569 558 4618; x_wconf 73' lang='lat' dir='ltr'><strong><em>coponius.</em></strong></span> <span class='ocrx_word' id='word_1_354' title='bbox 578 4556 603 4603; x_wconf 77' lang='lat' dir='ltr'><strong><em>cl.</em></strong></span> <span class='ocrx_word' id='word_1_355' title='bbox 621 4553 688 4603; x_wconf 80' lang='lat' dir='ltr'><strong><em>t&#39;lt.</em></strong></span> <span class='ocrx_word' id='word_1_356' title='bbox 710 4554 894 4604; x_wconf 70' lang='lat' dir='ltr'><strong><em>narrarentur</em></strong></span> <span class='ocrx_word' id='word_1_357' title='bbox 912 4569 1037 4618; x_wconf 79' lang='lat' dir='ltr'><strong><em>reparans.</em></strong></span> <span class='ocrx_word' id='word_1_358' title='bbox 1067 4552 1100 4601; x_wconf 85' lang='lat' dir='ltr'><strong><em>tlt</em></strong></span> <span class='ocrx_word' id='word_1_359' title='bbox 1118 4551 1255 4614; x_wconf 84' lang='lat' dir='ltr'><strong><em>disciplina</em></strong></span> <span class='ocrx_word' id='word_1_360' title='bbox 1272 4552 1388 4596; x_wconf 85' lang='lat' dir='ltr'><strong><em>seruetur</em></strong></span> 
     </span>
     <span class='ocr_line' id='line_1_43' title="bbox 95 4632 1340 4715; baseline -0.01 -24"><span class='ocrx_word' id='word_1_361' title='bbox 95 4638 242 4715; x_wconf 64' lang='grc' dir='ltr'><strong><em>ημῇιιι</em></strong></span> <span class='ocrx_word' id='word_1_362' title='bbox 274 4641 302 4691; x_wconf 84' lang='lat' dir='ltr'><strong><em>d.</em></strong></span> <span class='ocrx_word' id='word_1_363' title='bbox 315 4637 382 4692; x_wconf 90' lang='lat' dir='ltr'><strong><em>VII.</em></strong></span> <span class='ocrx_word' id='word_1_364' title='bbox 403 4639 437 4690; x_wconf 79' lang='lat' dir='ltr'><strong><em>at</em></strong></span> <span class='ocrx_word' id='word_1_365' title='bbox 454 4655 564 4689; x_wconf 83' lang='lat' dir='ltr'><strong><em>caneres</em></strong></span> <span class='ocrx_word' id='word_1_366' title='bbox 576 4678 582 4691; x_wconf 90' lang='lat'><strong><em>.</em></strong></span> <span class='ocrx_word' id='word_1_367' title='bbox 592 4675 613 4689; x_wconf 91' lang='lat'><strong><em>..</em></strong></span> <span class='ocrx_word' id='word_1_368' title='bbox 632 4642 657 4692; x_wconf 88' lang='lat' dir='ltr'><strong><em>d.</em></strong></span> <span class='ocrx_word' id='word_1_369' title='bbox 670 4641 700 4689; x_wconf 76' lang='lat' dir='ltr'><strong><em>l&#39;.</em></strong></span> <span class='ocrx_word' id='word_1_370' title='bbox 716 4638 750 4689; x_wconf 83' lang='lat' dir='ltr'><strong><em>Ut</em></strong></span> <span class='ocrx_word' id='word_1_371' title='bbox 767 4640 896 4689; x_wconf 82' lang='lat' dir='ltr'><strong><em>urulinatio</em></strong></span> <span class='ocrx_word' id='word_1_372' title='bbox 909 4640 1050 4702; x_wconf 83' lang='lat' dir='ltr'><strong><em>apostolica</em></strong></span> <span class='ocrx_word' id='word_1_373' title='bbox 1061 4681 1066 4688; x_wconf 90' lang='lat'><strong><em>.</em></strong></span> <span class='ocrx_word' id='word_1_374' title='bbox 1078 4673 1097 4688; x_wconf 93' lang='lat'><strong><em>..</em></strong></span> <span class='ocrx_word' id='word_1_375' title='bbox 1116 4638 1141 4687; x_wconf 87' lang='lat' dir='ltr'><strong><em>d.</em></strong></span> <span class='ocrx_word' id='word_1_376' title='bbox 1152 4634 1218 4684; x_wconf 81' lang='lat' dir='ltr'><strong><em>VII.</em></strong></span> <span class='ocrx_word' id='word_1_377' title='bbox 1232 4632 1340 4695; x_wconf 73' lang='lat' dir='ltr'><strong><em>Exaudi</em></strong></span> 
     </span>
     <span class='ocr_line' id='line_1_44' title="bbox 94 4719 1090 4790; baseline -0.013 -7"><span class='ocrx_word' id='word_1_378' title='bbox 94 4736 127 4789; x_wconf 72' lang='lat' dir='ltr'><strong><em>d.</em></strong></span> <span class='ocrx_word' id='word_1_379' title='bbox 143 4728 175 4783; x_wconf 73' lang='lat' dir='ltr'><em>V</em></span> <span class='ocrx_word' id='word_1_380' title='bbox 174 4724 244 4781; x_wconf 86' lang='lat' dir='ltr'><strong><em>III.</em></strong></span> <span class='ocrx_word' id='word_1_381' title='bbox 265 4725 363 4790; x_wconf 68' lang='lat' dir='ltr'><strong><em>Dianas</em></strong></span> <span class='ocrx_word' id='word_1_382' title='bbox 380 4742 451 4790; x_wconf 83' lang='lat' dir='ltr'><strong><em>papa</em></strong></span> <span class='ocrx_word' id='word_1_383' title='bbox 469 4725 494 4773; x_wconf 84' lang='lat' dir='ltr'><strong><em>d.</em></strong></span> <span class='ocrx_word' id='word_1_384' title='bbox 512 4724 544 4774; x_wconf 81' lang='lat' dir='ltr'><strong><em>l&#39;.</em></strong></span> <span class='ocrx_word' id='word_1_385' title='bbox 566 4726 661 4789; x_wconf 80' lang='lat' dir='ltr'><strong><em>Dipnns</em></strong></span> <span class='ocrx_word' id='word_1_386' title='bbox 678 4727 769 4775; x_wconf 85' lang='lat' dir='ltr'><strong><em>doctor·</em></strong></span> <span class='ocrx_word' id='word_1_387' title='bbox 787 4726 811 4773; x_wconf 89' lang='lat' dir='ltr'><strong><em>d.</em></strong></span> <span class='ocrx_word' id='word_1_388' title='bbox 828 4724 904 4773; x_wconf 81' lang='lat' dir='ltr'><em>VIII</em></span> <span class='ocrx_word' id='word_1_389' title='bbox 921 4719 970 4786; x_wconf 73' lang='lat' dir='ltr'><strong><em>lil⁰</em></strong></span> <span class='ocrx_word' id='word_1_390' title='bbox 988 4725 1012 4772; x_wconf 85' lang='lat' dir='ltr'><strong><em>cl.</em></strong></span> <span class='ocrx_word' id='word_1_391' title='bbox 1028 4722 1090 4783; x_wconf 80' lang='lat' dir='ltr'><strong><em>IX).</em></strong></span> 
     </span>
    </p>
   </div>
   <div class='ocr_carea' id='block_1_8' title="bbox 0 0 1737 5678">
    <p class='ocr_par' dir='ltr' id='par_1_17' title="bbox 0 0 1737 5678">
     <span class='ocr_line' id='line_1_45' title="bbox 0 0 1737 5678; baseline 0 0"><span class='ocrx_word' id='word_1_392' title='bbox 0 0 1737 5678; x_wconf 95' lang='lat' dir='ltr'><strong><em> </em></strong></span> 
     </span>
    </p>
   </div>
  </div>
 </body>
</html>
