3412 5664
539 345 734 394 suessones
756 336 905 396 20-23.

597 517 780 619 Epistola
806 520 861 602 22.

399 668 553 736 Ennodii
575 670 619 735 ad
642 667 893 751 Symmachum
915 690 1052 755 popum.

10 802 55 852 Ε.
140 805 290 871 officioram
307 824 407 859 suorum
423 811 565 860 memoriam
581 826 720 868 reuocans,
744 812 908 862 Parthenium
924 828 1061 876 permetere
1075 814 1153 876 filiam
1171 784 1310 865 studiorum

320 895 461 944 litterarum
479 910 557 945 carcaa
575 895 676 946 Romam
691 903 819 960 petentem
836 898 952 961 pontifici
968 899 1132 950 commendat.

245 1026 475 1112 Symmacho
497 1048 622 1111 papae
645 1026 864 1093 Ennodius

179 1149 208 1210 l.
245 1147 330 1211 Dum
352 1147 460 1211 sedem
482 1147 691 1232 apostolicam
714 1170 849 1212 coronae
872 1151 996 1212 vestrae
1025 1170 1101 1212 cura
1123 1150 1306 1215 moderatur
1328 1156 1361 1215 et

77 1248 238 1313 eoelestis
270 1249 397 1335 imperii
430 1249 553 1333 apicem
585 1251 713 1336 regitis,
751 1250 916 1314 blanditur
949 1251 1146 1335 profectibus
1176 1257 1358 1337 parentum,

76 1350 176 1436 quod
197 1351 277 1415 meis
299 1353 490 1436 promissum
517 1355 646 1417 tenetur
673 1352 832 1437 officiis¹).
878 1352 974 1436 Spem
1002 1354 1072 1417 sine
1098 1353 1206 1419 labore
1235 1355 1360 1420 obtinet

78 1452 178 1538 apud
200 1457 403 1519 constantem
425 1454 529 1517 virum
550 1454 687 1518 fideliter
709 1454 893 1538 obsecutus3
916 1455 1049 1539 grandis
1072 1458 1122 1518 est
1136 1477 1254 1540 pompa
1269 1478 1359 1540 prae-

77 1555 221 1638 stantis,
245 1557 392 1640 quotiens
414 1555 498 1641 quod
519 1578 603 1619 unm
618 1557 744 1640 meruit,
768 1557 912 1641 pluribus
933 1560 1137 1641 repensatur:
1160 1558 1358 1642 superiorum

78 1656 242 1723 instituta
268 1661 449 1741 sectentur,
487 1680 544 1772 per
572 1680 649 1743 quos
672 1659 839 1743 generatio
860 1659 991 1743 recipit,
1021 1659 1103 1744 quod
1125 1681 1264 1744 persona
1286 1682 1359 1724 eon·

77 1758 219 1825 «fiderit.
258 1758 312 1825 Sic
333 1760 469 1824 Israelit'
445 1761 500 1824 tlci
524 1759 640 1824 delicta
661 1762 771 1846 populi
793 1764 924 1846 propter
947 1760 1050 1824 David
1072 1783 1176 1845 poena
1198 1783 1264 1826 non
1286 1762 1358 1826 teti-
1320 1765 1450 1887 tJea⁸36

77 1862 158 1949 git,
180 1861 256 1926 dum
278 1863 370 1947 genti
392 1862 549 1946 opitulata
571 1866 620 1926 est
641 1864 853 1946 praecessoris
868 1863 1056 1947 integritas,
1080 1866 1113 1926 et
1127 1862 1205 1926 fides
1220 1841 1423 1928 hominis³‘’

78 1966 148 2031 aut
168 1964 288 2048 eripuit
309 1964 348 2027 de
371 1986 475 2028 errore
497 1965 650 2078 populum
672 1966 759 2029 aut
746 1967 831 2049 Juvit
852 1965 887 2030 iu
909 1965 1026 2050 gratia.

174 2066 208 2132 2.
244 2064 469 2130 Parthenius
460 2067 521 2151 igit
524 2088 561 2129 ur
582 2067 799 2152 praesentium
813 2067 960 2152 portitor,
983 2087 1156 2151 germanae
1178 2066 1273 2151 filius,
1296 2067 1357 2132 hae

78 2168 129 2233 ssd
155 2189 305 2233 eoronam
326 2172 465 2233 vestram
487 2168 603 2232 fiducia
624 2169 789 2233 animante
811 2169 949 2234 directus
972 2171 1030 2252 est,
1061 2190 1155 2253 quem
1177 2169 1357 2234 sollicitudo

79 2269 235 2337 liberalis
256 2268 392 2333 Romam
414 2269 520 2355 coegit
542 2276 700 2353 expetere.
736 2270 856 2335 Sancta
877 2273 953 2334 sunt
975 2271 1081 2334 studia
1102 2270 1298 2354 litterarum,
1322 2271 1357 2335 in
1438 2286 1442 2299 ·

78 2371 206 2459 quibus
226 2373 304 2436 ante
324 2371 524 2436 incrementa
545 2372 679 2456 peritiae
701 2373 781 2436 vitia
795 2373 1010 2437 dediscuntur.
1044 2371 1115 2436 Hoc
1136 2364 1254 2436 itinere
1275 2394 1357 2453 cana

79 2474 128 2541 ad
153 2495 257 2538 annos
279 2473 416 2558 pueriles
443 2474 548 2539 solent
574 2474 683 2538 venire
712 2475 861 2558 consilia,
895 2475 970 2538 (lum
996 2473 1080 2558 quod
1108 2477 1197 2537 aetas
1224 2475 1355 2559 refugit,

79 2579 211 2641 norunt
231 2575 380 2640 instituta
402 2579 577 2660 praestare.
612 2576 729 2640 Fovete
752 2598 845 2661 ergo,
868 2575 1049 2661 veniendii)
1066 2596 1178 2639 causas
1193 2576 1357 2660 patefacta

80 2677 374 2763 consanguinitate
401 2676 567 2742 didicistis.
612 2678 748 2743 Habetis
776 2678 933 2761 obsidem,
964 2679 999 2741 in
1021 2698 1083 2762 quo
1105 2676 1242 2741 dilucide
1263 2679 1355 2742 meri-

78 2784 196 2845 torum
219 2779 304 2864 apud
331 2801 387 2844 vos
414 2801 555 2844 meorum
588 2780 725 2865 qualitas
754 2782 945 2845 innotescat.
1001 2780 1155 2861 Domine,
1185 2783 1220 2842 ut
1247 2802 1354 2864 supra,

78 2882 294 2947 salutationis
314 2884 527 2947 reverentiam
548 2882 770 2966 obsequiorum
791 2882 958 2946 devotione
980 2883 1152 2946 restituens
1175 2903 1297 2967 precor,
1320 2885 1357 2945 ut

78 2983 232 3071 perlator
253 2984 469 3068 praesentium
489 2984 628 3048 famulus
655 2989 760 3048 vester
786 2983 872 3049 felici
901 2988 986 3048 sorte
1008 2982 1170 3068 peregrini
1193 2984 1278 3067 apud
1302 3006 1356 3047 vos

78 3108 208 3152 nemen
231 3085 385 3171 excipiat:
407 3087 482 3171 quia
504 3086 587 3171 quod
610 3087 801 3150 attributum
823 3086 922 3150 luerit
939 3087 1085 3172 precibus
1101 3085 1190 3168 meis,
1215 3088 1355 3149 vestrum

77 3209 186 3273 supra
209 3188 299 3253 dotes
321 3209 394 3252 suas
416 3191 512 3253 ornat
532 3189 684 3254 officium.

592 3376 773 3480 Epistola
800 3376 857 3460 23.

392 3527 546 3597 linnodii
568 3530 613 3595 ad
636 3528 887 3612 Symmachum
909 3547 1046 3613 papam.

10 3680 63 3733 ω,
234 3668 355 3720 darenem
372 3670 476 3721 nobilem
493 3671 578 3721 studia
595 3671 710 3721 Romano
727 3672 895 3737 requirentem
911 3670 1026 3734 pontiflci
1044 3669 1206 3720 commendat.

241 3800 445 3868 Ennodius
468 3801 705 3887 Symmacho.

172 3920 257 3987 Rem
281 3923 496 3988 necessariam
522 3923 684 4008 providet,
718 3922 772 4009 qui
804 3923 965 4007 parenti¹)
998 3923 1139 3986 omnium
1167 3920 1295 3987 orbatos
1323 3925 1356 3987 et

78 4024 276 4113 peregrinos
296 4024 450 4091 insinuat.
485 4025 589 4091 Unica
612 4026 665 4090 via
686 4028 735 4089 est
757 4024 955 4110 apostolatus
977 4025 1075 4089 vestri
1090 4023 1249 4109 solatium,
1272 4048 1355 4110 quae

79 4218 119 4269 ΞΩ
156 4214 178 4281 ¹)
196 4210 296 4268 Officia
315 4212 365 4268 illa
386 4229 436 4268 sua
461 4212 541 4279 dicit,
568 4229 639 4281 quae
661 4213 689 4266 in
713 4229 797 4266 causa
819 4211 979 4281 Symmachi
999 4211 1181 4281 praestiterat
1198 4210 1256 4266 sive
1273 4212 1354 4266 iactis

78 4297 261 4369 mesonma
281 4297 422 4353 nmmum
445 4297 572 4368 expensis
595 4298 677 4366 (conf.
696 4297 906 4366 Ennod.'epist.
920 4297 967 4363 111,
980 4303 1020 4352 10.
1047 4296 1081 4363 V,
1095 4303 1135 4352 13.
1159 4296 1205 4364 VI,
1219 4303 1250 4351 16
1267 4298 1297 4351 et
1308 4299 1353 4363 33)

80 4382 146 4437 sive
164 4381 325 4453 conscripta
340 4382 439 4453 synodi
455 4382 481 4436 V
499 4383 638 4453 apologia.

152 4470 176 4538 ²)
195 4466 303 4524 schotti
320 4467 364 4523 ed.
383 4468 463 4523 addit
479 4475 562 4537 cnjus.

79 4558 119 4611 2³
155 4554 176 4621 ¹)
194 4552 256 4609 Hoc
271 4552 383 4608 nomine
400 4553 559 4625 pontificem
577 4550 761 4608 universalem
779 4553 910 4620 honorat,
935 4553 997 4622 jam
1018 4555 1084 4607 tunc
1106 4553 1179 4608 inter
1195 4553 1353 4622 temporum

78 4638 215 4694 moines
231 4630 290 4693 iere
307 4637 418 4693 unicum
435 4639 627 4693 fluctuantium
644 4640 811 4709 populorum
829 4641 857 4692 et
869 4638 1025 4692 studiorum
1035 4637 1193 4692 liberalium
1204 4636 1351 4706 refugitum

79 4722 176 4779 Sinni
192 4739 230 4779 ex
244 4722 320 4779 hisee
335 4714 438 4779 litteris
460 4724 603 4791 discimus,
629 4725 748 4779 ltomam
769 4726 830 4778 tum
847 4724 1027 4794 praeeipuam
1045 4722 1180 4791 ejusmodi
1197 4722 1352 4777 studiorum
1467 4742 1481 4765 e

79 4807 184 4865 adem
200 4809 361 4881 reputatam
379 4826 450 4878 esse,
476 4827 562 4879 quam
583 4810 704 4879 undique
723 4809 841 4878 juvenes
863 4808 971 4863 nobiles
993 4826 1089 4863 carum
1112 4826 1204 4863 rerum
1227 4807 1354 4863 sollertes

77 4894 232 4967 mons.
