3450 5678
238 293 300 358 856
677 307 705 354 s.
723 303 929 354 normanna
952 303 1066 351 raras

130 497 148 538 a
166 485 223 535 519.
238 466 323 548 sunt,
347 465 384 527 ut
405 484 464 526 nos
486 461 521 526 in
544 484 601 525 sua
623 460 748 526 malitia
771 461 933 544 caperent.
968 458 1089 536 Quibus
1105 461 1225 526 restitit
1240 462 1350 527 divina
1366 462 1520 527 Trinitas

236 590 294 653 per
316 567 438 630 vestras
460 568 589 628 sanctas
612 585 739 649 preces3
762 562 795 626 et
817 584 914 647 quum
936 562 1126 647 deprehensi
1148 565 1287 629 fuissent
1309 564 1345 629 in
1367 588 1430 629 sua
1449 588 1518 629 ma-

237 670 324 752 litia,
365 690 531 752 nunquam
563 666 726 751 potuimus
759 664 998 750 archiepiscopo
1027 667 1187 754 suorum²)
1217 669 1367 751 suadere,
1408 672 1447 731 ut
1476 668 1517 733 ad

238 775 323 837 viam
346 770 489 835 veritatis
513 769 607 834 etad
630 771 736 833 vestra
757 770 929 852 praecepta
951 767 1133 832 flecteretur
1141 770 1177 856 ³).
1213 769 1275 835 Sed
1297 771 1392 834 modo
1416 793 1519 856 quum

240 875 437 939 advenerunt
459 871 636 936 beatissimi
660 875 754 955 atque
777 869 970 934 sanctissimi
994 870 1114 935 domini
1130 872 1271 956 episcopi
1294 873 1344 937 rel
1360 873 1518 938 diacones

239 975 350 1041 directi
375 997 394 1038 a
416 976 530 1039 sancta
552 995 670 1038 corona
685 975 806 1056 vesstra,
830 976 1038 1036 occurrerunt
1055 973 1118 1037 illis
1135 972 1326 1058 Scampinus
1342 976 1518 1060 episcopus

239 1079 288 1142 vir
309 1077 512 1141 beatissimus
528 1076 642 1160 'l'rojus
666 1074 839 1139 cumomni
863 1074 979 1160 gaudio
1001 1078 1034 1138 et
1047 1075 1273 1141 luminaribus:
1297 1080 1340 1158 et,
1364 1083 1518 1163 porrecta

239 1180 348 1244 libello
371 1178 546 1242 secundum
568 1181 706 1242 vestram
729 1178 1003 1262 praeceptionem,
1027 1178 1138 1242 statim
1153 1179 1274 1264 recepti
1290 1184 1367 1245 sunt
1382 1181 1418 1246 in
1435 1204 1517 1265 pace

242 1281 377 1364 Christi,
402 1283 435 1345 et
456 1281 569 1345 missas
593 1281 835 1345 celebraverunt
858 1302 929 1345 cum
951 1280 1020 1364 ipso
1042 1280 1077 1344 in
1093 1279 1266 1366 Scampina
1288 1282 1434 1347 civitate.
1472 1284 1518 1348 Et

241 1384 386 1448 videntes
409 1382 697 1468 Lignidonenses⁴)
721 1383 804 1467 quod
826 1383 904 1447 feeit
926 1381 1133 1467 Scampinus,
1160 1384 1257 1448 simili
1280 1385 1373 1449 modo
1397 1390 1432 1450 et
1453 1386 1516 1471 ipsi

242 1488 343 1550 secuti
366 1488 451 1549 sunt.
496 1484 581 1549 Nam
603 1485 678 1549 dum
706 1486 785 1549 istas
813 1484 938 1548 litteras
967 1485 1202 1570 ordinaremus,
1232 1488 1422 1572 supervenit
1450 1512 1516 1552 ma·

242 1588 418 1674 gistrianus
447 1587 485 1651 de
514 1588 592 1651 urbe
622 1586 996 1671 Constantinopolitano,
1035 1588 1090 1672 qui
1122 1589 1302 1672 nurrtiavit,
1341 1591 1419 1675 quia
1447 1590 1516 1655 Deo

242 1688 381 1775 propitio
403 1689 550 1772 precibus
574 1690 694 1753 sanctis
710 1690 824 1754 vestris
847 1693 880 1753 et
895 1688 1245 1774 Constantinopolitani
1261 1693 1422 1758 miserunt
1440 1716 1515 1758 aaa·

242 1792 352 1857 thema
381 1791 515 1874 Acacio,
546 1794 578 1855 et
606 1814 678 1855 cum
708 1814 787 1876 pace
809 1790 935 1856 Pascha
963 1792 1213 1858 celebraverunt.
1259 1793 1335 1859 Jam
1363 1795 1441 1879 quid
1468 1819 1513 1861 se

243 1898 373 1980 quatur,
396 1897 502 1958 vestra
524 1893 711 1959 intercessio
734 1895 818 1979 apud
835 1893 939 1958 Deum
954 1895 1092 1978 laboret,
1117 1898 1153 1959 ut
1175 1897 1214 1959 nd
1236 1897 1418 1980 perfectum
1434 1900 1512 1964 servi

244 1998 327 2062 sedis
350 1995 543 2080 apostolicae
566 1997 775 2061 inveniamur.
811 1996 973 2081 Epistolas
996 2019 1086 2079 vcro,
1111 2019 1189 2082 quas
1205 1998 1454 2065 destinaverunt
1474 2002 1511 2066 ad

244 2122 349 2163 meam
370 2098 583 2163 humilitatem
605 2121 703 2183 supra
724 2099 893 2164 memorati
915 2099 972 2163 viri
996 2098 1172 2164 beatissimi
1189 2101 1378 2188 episcopii),
1401 2104 1509 2188 pietati

245 2204 370 2266 vestrae
388 2201 520 2285 junctas
543 2201 718 2266 transmisi.
764 2200 908 2285 Accepta
931 2202 981 2265 dic
1004 2225 1067 2287 qua
1089 2204 1231 2287 suprai).

752 2388 932 2492 Epistola
958 2389 1007 2473 64

855 2541 905 2580 seu

94 2631 129 2695 (a.
145 2630 233 2706 5¹⁹‚d
248 2637 428 2707 suggestio
450 2637 611 2694 Germani
632 2641 667 2694 at
688 2636 854 2694 iohannis
876 2637 1126 2707 cpiscoporum,
1155 2640 1281 2696 Felicis
1304 2646 1340 2697 et
1361 2641 1504 2699 Dioscuri

94 2697 234 2768 ²2Apnl')
555 2740 776 2795 diaconorum
797 2744 832 2796 ct
853 2741 976 2797 Blandi
997 2743 1200 2810 presbytcri.

281 2872 379 2934 Quanto
397 2889 449 2921 cam
467 2873 563 2921 bonore
581 2872 804 2936 t-'orrslanlinopoii
824 2876 947 2936 srrscepit,
976 2879 1069 2938 quanio
1092 2890 1145 2922 cam
1167 2875 1261 2938 ,qaadio
1286 2877 1345 2939 ipsa
1366 2877 1434 2938 seria
1455 2876 1476 2923 V
1507 2884 1567 2951 pili.

279 2959 387 3020 nrnjcris
405 2957 576 3007 hebdomadae
592 2959 726 3006 acciendum
746 2958 900 3007 Hormisdac
923 2964 1003 3008 caleam
1026 2958 1082 3007 duic
1105 2961 1227 3009 eeclesiae
1245 2975 1302 3024 pax
1320 2963 1424 3011 rerldiia
1439 2964 1474 3019 sir,

500 3050 640 3106 exponant.
676 3042 773 3092 Similia
791 3046 912 3093 ccclesiae
933 3044 1106 3092 Antiochense
1123 3047 1266 3108 precanda.

334 3177 361 3240 1.
396 3175 470 3240 Non
494 3177 646 3240 miramur
669 3175 866 3260 apostolatus
895 3176 991 3239 vestri
1014 3176 1162 3259 precibus
1191 3181 1308 3242 cuncta
1332 3180 1423 3244 nohis
1445 3200 1500 3264 pro

246 3301 340 3365 spera
368 3278 573 3362 successisse,
603 3279 757 3360 scientae,
791 3278 874 3361 quod
902 3277 1038 3362 amplius
1066 3282 1176 3343 nostro
1204 3280 1384 3345 ministerio
1411 3285 1500 3346 restra

253 3438 554 3445 ..—.-—-..-————

247 3517 389 3571 rationem
406 3515 622 3571 Praevalitanus.
657 3515 743 3585 Atqui
763 3534 796 3570 ex
819 3516 861 3569 his
882 3532 974 3585 papae
993 3515 1131 3570 voluntati
1149 3533 1183 3571 ac
1200 3517 1273 3571 votis
1292 3535 1326 3572 ex
1344 3518 1435 3573 animo
1453 3534 1500 3572 eon·

248 3604 393 3657 senserunt
416 3600 540 3672 episcopi
560 3600 723 3671 scampinus
743 3602 771 3655 et
788 3599 962 3669 Liguidensis
980 3618 1041 3654 cnm
1059 3602 1262 3657 Praevalitana.
1303 3604 1404 3658 Restrd
1424 3603 1500 3674 igitur.

248 3691 279 3740 ut
296 3687 320 3739 si
340 3704 395 3754 qna
417 3686 491 3741 fictio
514 3685 610 3747 suerit,
633 3685 662 3739 in
684 3685 806 3754 reliquos
829 3688 879 3739 aut
900 3685 928 3739 in
952 3703 1047 3740 eorurn
1070 3687 1191 3755 aliquem
1213 3688 1305 3742 cadat.
1346 3687 1500 3743 Nominatus

249 3789 313 3826 vero
332 3773 556 3842 archiepiscopus
574 3771 633 3841 ipse
646 3788 709 3825 mox
722 3772 847 3836 notatur,
867 3770 917 3832 cui,
937 3774 968 3824 ut
986 3789 1019 3825 cx
1037 3771 1129 3826 verbis
1142 3772 1222 3841 epist.
1237 3779 1269 3826 59
1282 3791 1308 3826 n.
1324 3780 1336 3826 1
1358 3774 1502 3842 conjectura

248 3859 303 3923 est,
322 3874 428 3911 morem
447 3857 565 3926 gerebat
583 3856 728 3926 episcopus
745 3854 935 3910 Aulonitanus.

316 3947 338 4010 ²)
356 3944 429 3996 Loco
452 3963 563 4004 errorum,
588 3943 663 4010 quod
681 3943 699 3995 b
717 3958 757 3995 ec
780 3943 987 4011 cupressorum,
1011 3959 1124 4010 graeco,
1148 3944 1179 3995 ut
1200 3959 1263 3997 mea
1284 3945 1446 4014 conjectura
1465 3948 1503 3999 ab

249 4029 392 4082 serebatur
411 4023 528 4089 asinas,
547 4028 600 4081 hoc
618 4028 660 4081 est
678 4039 774 4081 nostro.
809 4025 1040 4097 archiepiscopus
1058 4043 1106 4081 seu
1124 4029 1357 4098 metropolitanus
1376 4029 1450 4100 Epiri
1466 4044 1502 4082 uo·

249 4130 312 4179 vae,
332 4115 362 4166 ut
380 4112 504 4183 proximo
523 4112 720 4177 observabam,
740 4117 801 4166 erat
818 4111 1014 4181 Dyrrachium.

317 4202 337 4267 ³)
355 4199 423 4252 bec
440 4208 591 4255 verteretur.

316 4287 338 4353 ⁴)
357 4283 390 4338 G¹
414 4288 625 4352 chdidinenses‚·
643 4300 707 4337 mox
725 4284 743 4337 b
758 4299 792 4337 cc
809 4287 873 4337 banc
891 4290 946 4337 dum
965 4286 974 4350 (
975 4301 1026 4354 pro
1047 4289 1110 4337 Nam
1128 4288 1194 4352 dani)
1266 4292 1324 4341 Jam
1343 4295 1418 4357 quod.

317 4372 338 4437 ⁵)
356 4370 448 4424 Unum
466 4369 608 4439 conceptis
624 4368 716 4423 verbis
738 4368 903 4424 memoravit
922 4369 1049 4438 Trojum‚
1073 4370 1123 4424 sed
1139 4370 1389 4441 Lignidonensinm
1410 4372 1506 4427 nomine

249 4454 410 4525 episcopum
429 4452 629 4509 Theodoritum
649 4454 733 4509 ctiam
752 4470 981 4508 commemorasse
1000 4455 1152 4510 censendus
1170 4459 1221 4529 est.
1259 4458 1401 4528 Epistolas
1419 4478 1436 4513 a
1453 4457 1510 4511 duo·

250 4540 300 4592 bns
318 4540 371 4593 illis
389 4539 525 4610 episcopis
543 4539 579 4593 ad
597 4557 626 4592 ee
645 4540 742 4593 missas
760 4539 871 4594 ridetur
889 4539 933 4594 hic
951 4539 1081 4595 iudicare.

317 4629 337 4692 ί’)
356 4625 416 4679 Hoc
434 4627 477 4678 cst
494 4625 522 4678 in
540 4623 675 4694 superiori
694 4625 825 4694 epistola,
844 4625 871 4678 in
891 4643 946 4693 qua
963 4626 1022 4681 sola
1040 4644 1074 4681 cx
1091 4627 1218 4681 omnibus
1231 4627 1356 4699 epistolis
1374 4632 1440 4683 tunc
1451 4632 1510 4683 tem·

249 4709 324 4778 poris
343 4709 379 4763 ad
397 4709 574 4764 llonnisdam
593 4709 737 4765 destinatis
762 4710 819 4765 dics
838 4728 894 4779 qua
911 4715 1027 4782 accepta
1045 4713 1087 4767 est
1104 4715 1225 4767 notatur.
1263 4714 1335 4768 Hinc
1353 4715 1383 4768 et
1399 4711 1513 4783 superio·

250 4810 308 4848 rem
326 4793 472 4863 epistolam
490 4795 553 4849 huic
571 4795 695 4865 proxime
708 4795 848 4865 anteponi,
866 4814 922 4850 non
940 4803 971 4850 nt
988 4796 1064 4867 prius
1081 4797 1213 4869 postponi
1225 4799 1366 4865 debuisse,
1380 4798 1447 4852 mihi
1459 4814 1513 4868 per·

249 4895 360 4932 suasum
378 4881 428 4935 cst.
