3450 5678
671 336 865 386 scelerosas
887 328 936 386 12.
959 329 1009 389 13.
1426 322 1488 389 155
1581 349 1586 358 ·

176 493 337 572 essoris
357 491 420 557 mei
442 491 592 558 definivit
613 492 798 575 auctoritas,
822 493 904 559 nihil
929 495 1135 561 ecclesiarum
1154 495 1219 580 juri
1243 498 1370 577 no'ceat,
1394 495 1516 580 quoda·
1530 499 1580 549 tes

176 632 214 674 a
257 595 407 681 altman)
437 589 686 659 memoratorum
708 618 728 660 a
754 597 920 680 praedicto
948 599 1049 663 fratre
1071 600 1111 663 ad
1138 596 1371 663 excludendam
1394 599 1480 682 cupi·
1492 567 1584 617 ‘4⁶⁵'

176 701 348 780 litatem,
370 697 638 783 quemadmodum
647 698 684 782 ¹²)
707 698 881 783 perhibuit,
910 701 1095 766 ambitionis
1118 701 1243 766 alienae
1266 699 1409 784 proxime
1432 703 1481 764 est

176 806 374 895 episcopus
402 802 624 865 consecratus:
658 800 713 864 sed
742 804 883 867 statutae
912 804 1119 869 correctionis
1147 803 1251 867 forma
1280 806 1478 887 permaneat,

176 916 231 976 nt
274 903 313 968 ed
331 903 424 967 unius
446 902 604 966 antistitis
631 901 776 988 regimen
809 905 975 989 praedicta
1003 907 1074 971 loca
1096 908 1310 988 revertantur,
1341 904 1480 988 quaein

176 1012 292 1075 auos
318 1003 413 1069 dividi
439 1027 507 1070 non
536 1005 644 1071 decuit
671 1007 863 1073 sacerdotes.
908 1009 995 1074 Deus
1023 1030 1077 1073 vos
1106 1008 1280 1074 incolumes
1310 1006 1478 1090 custodiat,

176 1111 325 1176 fratres
346 1106 512 1173 carissimi.

715 1313 896 1419 Epistola
915 1315 970 1398 13.

1493 1447 1529 1512 (a.
1536 1450 1587 1501 463

328 1465 588 1551 Episcoporum
610 1465 933 1535 tarraconensium
956 1467 998 1551 ad
1022 1467 1192 1534 Hilarum
1215 1485 1353 1551 papam.
1490 1517 1594 1582 464.)

229 1624 272 1674 De
292 1624 402 1675 stom
421 1623 604 1689 Cataprmtano
621 1628 756 1690 episcopa,
782 1626 826 1690 qui
846 1627 991 1690 episcopam
1014 1628 1116 1690 popidis
1138 1641 1188 1676 aaa
1209 1623 1353 1689 petantitas
1375 1626 1444 1676 crdi-

227 1713 307 1759 mtt
340 1717 365 1760 et
387 1709 620 1773 Cacsaraaqmtaai
648 1712 764 1775 episcopi
788 1711 940 1776 presbytera
973 1727 1061 1762 manas
1091 1713 1221 1775 imposuit,
1249 1718 1444 1776 conqueruntur,
1541 1757 1544 1766 ,

230 1793 409 1862 nitoresque
431 1796 576 1855 comatum,
604 1796 667 1860 quid
688 1795 723 1846 tbi
741 1796 888 1860 faciendam
913 1804 958 1881 apt
980 1812 1029 1862 qao
1055 1797 1156 1848 ratione
1178 1796 1305 1861 ejusmodi
1329 1795 1447 1846 abusibus

719 1883 902 1932 occurrendum
919 1883 962 1933 sit.

359 2013 523 2079 Domino
544 2013 778 2078 beatissimo
806 2017 844 2078 et
872 2015 1097 2099 apostolica
1119 2015 1348 2080 reverentia
1371 2038 1391 2079 a
1412 2037 1481 2079 no·

449 2115 572 2181 bisin
595 2114 755 2181 Christo
778 2117 944 2182 colendo
967 2140 1094 2202 papae
1116 2117 1260 2182 Hilaro
1282 2117 1480 2182 Ascanius

448 2217 659 2303 episcopus
687 2222 725 2283 et
751 2219 929 2285 universi
956 2220 1136 2305 episcopi
1159 2218 1480 2286 Tarraconensis

450 2342 695 2404 provinclae.

299 2440 328 2530 l.
358 2438 493 2505 Etiamsi
515 2440 638 2526 nulla¹)
661 2443 802 2505 exstaret
823 2441 998 2506 necessitas
1021 2442 1257 2507 ecclesiasticae
1276 2440 1477 2525 disciplinae,

232 2541 417 2621 ernastum
440 2563 475 2606 re
498 2564 574 2607 vcra
596 2543 689 2618 nobis
711 2543 818 2607 fuerat
839 2543 917 2607 illud
939 2544 1144 2630 privilegium
1159 2544 1243 2608 sedis
1258 2547 1393 2627 vestrae,
1417 2567 1479 2628 qno

236 2644 364 2726 treceptis
388 2645 482 2730 regni
511 2645 653 2710 clavibus
680 2649 754 2730 post
786 2646 1052 2711 resurrectionem
1079 2645 1255 2711 Salvatoris
1287 2668 1344 2730 per
1375 2650 1478 2711 totum

241 2740 326 2809 urbem
350 2746 631 2812 beatissimi·Petri
653 2748 827 2833 singularis
853 2748 1050 2832 praedicatio
1077 2748 1297 2813 universorum
1320 2749 1478 2813 illumina-

244 2839 306 2908 tioni
322 2849 488 2935 prospexit:
512 2849 635 2934 cujus²)
658 2850 770 2915 vicarii
793 2851 993 2935 principatus
1015 2852 1099 2916 sicut
1121 2851 1250 2935 eminet,
1275 2850 1321 2914 ita
1336 2853 1477 2915 metucn-

247 2938 289 3005 dus
306 2952 568 3017 saturninus
591 2956 624 3016 et
646 2953 811 3017 amandus.
844 2953 983 3018 Proinde
997 2975 1057 3017 nos
1072 2954 1176 3018 Deum
1199 2953 1233 3017 in
1255 2952 1345 3017 vobis
1368 2953 1477 3037 primi·

248 3044 311 3131 Μ’)
328 3051 495 3138 adorantes,
526 3055 576 3121 cui
605 3055 675 3120 sine
697 3056 826 3141 querela
852 3055 988 3139 servitiS,
1013 3055 1053 3119 ad
1074 3054 1169 3120 fidem
1197 3054 1387 3120 recurrimus
1409 3054 1477 3141 in⁴)

252 3278 311 3337 titt
324 3305 395 3363 marg.
415 3298 551 3360 Nieiensis,
576 3294 601 3346 c⁵
614 3296 649 3348 θ’·
669 3298 811 3356 Nicaenats,
830 3295 865 3347 A*
886 3298 1052 3357 Ntrtiaearis3
1077 3292 1218 3359 sequimur
1235 3293 1270 3345 Κ3
1285 3294 1301 3362 β
1317 3296 1347 3347 Γ.
1377 3292 1478 3347 Leonis
1567 3284 1569 3288 Α

254 3361 343 3428 samso
356 3377 394 3434 hic
410 3381 568 3435 memorata
585 3378 766 3445 desideratur,
785 3378 837 3433 nisi
855 3381 927 3434 forte
944 3378 992 3432 illa
1010 3377 1148 3447 generalis
1167 3377 1246 3446 epist.
1262 3383 1291 3431 10
1309 3396 1335 3430 n.
1349 3382 1373 3430 e.

299 3453 323 3515 ¹¹)
337 3462 397 3517 clc'¹
415 3471 441 3519 in
459 3471 545 3519 attera
561 3476 760 3526 memoratarum,
780 3464 827 3518 alii
845 3464 913 3518 editi
931 3471 956 3517 in
975 3471 1090 3518 ulterram.
1117 3462 1330 3516 Restituendum
1349 3462 1476 3517 duximus

253 3534 344 3596 beaw
357 3561 539 3605 sarmatorum
561 3549 618 3603 scil.
638 3550 770 3616 locorum,
794 3551 825 3603 ut
843 3549 978 3604 suadebat
997 3549 1071 3616 quod
1090 3565 1154 3601 mox
1172 3547 1330 3616 subjicitur:
1354 3553 1477 3603 adaniae

252 3623 341 3680 “illst
356 3641 484 3699 abacta
505 3640 563 3690 loca
585 3640 695 3703 reptmea
718 3644 888 3695 revertantur,
932 3635 1020 3704 Hujus
1043 3635 1136 3688 autem
1166 3632 1270 3687 decreti
1293 3633 1476 3688 exsecutionis

254 3697 376 3794 tensam
387 3720 542 3789 exemplum
555 3718 687 3774 exhibent
698 3718 939 3773 AurelianensisV
958 3717 1065 3772 concilii
1078 3717 1302 3788 subscriptiones,
1320 3717 1476 3787 intorques

254 3783 335 3851 mitt
350 3807 428 3860 Ae'ttur
443 3808 582 3874 presbyter
599 3810 712 3861 directas
730 3825 746 3858 a
764 3810 855 3859 domno
873 3825 926 3859 meo
940 3808 1036 3872 Mapao
1055 3810 1176 3873 episcopo
1191 3808 1313 3858 ecclesiae
1327 3808 1477 3858 Cometensis

253 3878 274 3920 ⁶¹
285 3876 372 3941 littaris
385 3895 532 3959 subscripsi.

302 3961 457 4030 ¹¹l1b0⁵c¹¹
478 3992 540 4029 cum
558 3993 621 4029 mss.
657 3976 694 4029 At
712 3978 737 4031 a'
759 3981 888 4045 prestariam
906 3980 1002 4029 modam
1018 3978 1156 4044 probibuit.
1197 3975 1241 4028 lta
1258 3973 1384 4028 decernit
1401 3974 1476 4029 Hila-

251 4054 294 4103 Μ’
305 4043 346 4106 (Ῑῦο
360 4056 413 4115 loca
429 4061 465 4116 ad
485 4078 570 4114 unum
588 4061 679 4115 redire
698 4060 866 4126 antistitem,
889 4062 921 4114 ut
938 4060 1019 4114 simul
1038 4061 1149 4114 excuset
1167 4059 1332 4127 Ingenuum,
1356 4060 1429 4128 quod
1447 4061 1475 4113 in

250 4126 321 4183 “lm
338 4139 411 4201 tltero
428 4145 497 4214 (scil
511 4145 635 4214 Nicensi)
659 4147 819 4218 episcopum
841 4145 1022 4213 consecrarit,
1049 4163 1084 4200 ne
1107 4144 1214 4201 alienae
1238 4143 1384 4200 ambitioni
1407 4145 1473 4211 (scil.

251 4206 346 4287 Amniil
360 4231 525 4287 ouationem
543 4231 631 4286 daret.

253 4374 259 4385 ,
302 4300 317 4363 ¹)
330 4304 354 4363 ln
367 4319 389 4369 s
405 4316 512 4372 usarii
531 4317 680 4372 assensa
698 4318 778 4374 <iesse
796 4324 872 4372 aazia.
899 4313 1005 4371 aetnae
1018 4317 1111 4386 pluras
1124 4334 1189 4370 mss.
1203 4327 1286 4371 aaa
1298 4317 1338 4383 <a
1349 4315 1475 4370 simine

251 4377 307 4435 ΜΒ
318 4397 429 4469 timu),
458 4401 496 4455 Il⁸
509 4405 535 4456 α’
560 4403 588 4457 et
611 4402 666 4458 duo
689 4421 752 4469 mss,
773 4407 854 4471 (uirus
873 4401 994 4456 secunda
1011 4408 1106 4465 manu)
1125 4409 1246 4469 instaret,
1276 4401 1324 4456 olii
1346 4411 1472 4455 exstaret.

250 4459 278 4515 F
290 4475 339 4527 *ΨΘ
350 4493 423 4541 staret
439 4492 606 4551 meracitatis,
629 4487 667 4541 H⁸
684 4493 742 4542 dant
759 4495 783 4543 si
854 4500 945 4546 staret.
981 4487 1088 4542 Deinde
1106 4488 1139 4541 F*
1158 4493 1226 4558 qaod
1242 4492 1374 4555 susceptis.
1398 4501 1471 4538 mox-

249 4561 291 4613 qs
303 4550 368 4619 trs·
381 4577 567 4628 teramnanae.
878 4565 882 4573 ’

302 4638 389 4718 leis„
405 4659 470 4723 (scil.
485 4657 572 4726 Petri)
590 4665 695 4713 cicant:
712 4657 909 4730 intelligendus
921 4661 1063 4716 Romanus
1080 4658 1214 4729 pontifex.
1243 4655 1319 4711 Petri
1332 4654 1404 4709 enirn
1418 4674 1474 4710 suc-

249 4734 341 4784 oe⁸⁰¹⁸⁸
352 4736 401 4805 jem
417 4742 517 4813 priscis
535 4744 709 4814 temporibus
727 4745 852 4813 ejusdem
870 4745 965 4799 sicarii
983 4745 1076 4799 vocari
1095 4743 1303 4798 consueverunt.

302 4808 316 4872 ’ῥ’
330 4814 363 4876 lit
376 4845 432 4882 mse.
455 4828 499 4895 (Ρ1
511 4827 548 4881 Η7
560 4828 616 4894 Hll,
633 4829 671 4882 h¹.
709 4830 746 4884 At
764 4832 790 4883 c⁵
803 4834 828 4884 c⁷
846 4837 954 4900 penitas.

301 4893 317 4961 ⁴)
329 4899 362 4962 lla
374 4914 413 4968 ΑΙ.
448 4913 481 4969 ln
495 4912 560 4971 aliis
577 4913 656 4970 deest
673 4920 707 4968 tn.
