<?xml version="1.0" encoding="UTF-8"?>
<!DOCTYPE html PUBLIC "-//W3C//DTD XHTML 1.0 Transitional//EN"
    "http://www.w3.org/TR/xhtml1/DTD/xhtml1-transitional.dtd">
<html xmlns="http://www.w3.org/1999/xhtml" xml:lang="en" lang="en">
 <head>
  <title>
</title>
<meta http-equiv="Content-Type" content="text/html;charset=utf-8" />
  <meta name='ocr-system' content='tesseract 3.04.00' />
  <meta name='ocr-capabilities' content='ocr_page ocr_carea ocr_par ocr_line ocrx_word'/>
</head>
<body>
  <div class='ocr_page' id='page_1' title='image "./epistolaeromano00cousgoog/epistolaeromano00cousgoog_0023.png"; bbox 0 0 3412 5664; ppageno 0'>
   <div class='ocr_carea' id='block_1_1' title="bbox 228 330 1060 381">
    <p class='ocr_par' dir='ltr' id='par_1_1' title="bbox 228 330 1060 381">
     <span class='ocr_line' id='line_1_1' title="bbox 228 330 1060 381; baseline -0.006 0"><span class='ocrx_word' id='word_1_1' title='bbox 228 334 318 381; x_wconf 80' lang='lat' dir='ltr'><strong>XVIII</strong></span> <span class='ocrx_word' id='word_1_2' title='bbox 666 331 862 378; x_wconf 72' lang='lat' dir='ltr'>Pusararlo</span> <span class='ocrx_word' id='word_1_3' title='bbox 885 330 1060 379; x_wconf 69' lang='lat' dir='ltr'>unisonus.</span> 
     </span>
    </p>
   </div>
   <div class='ocr_carea' id='block_1_2' title="bbox 227 489 1500 1175">
    <p class='ocr_par' dir='ltr' id='par_1_2' title="bbox 227 489 1500 1175">
     <span class='ocr_line' id='line_1_2' title="bbox 228 489 1497 586; baseline -0.001 -23"><span class='ocrx_word' id='word_1_4' title='bbox 228 492 344 564; x_wconf 88' lang='lat' dir='ltr'>ritate</span> <span class='ocrx_word' id='word_1_5' title='bbox 376 491 604 586; x_wconf 72' lang='lat' dir='ltr'>singidorum</span> <span class='ocrx_word' id='word_1_6' title='bbox 640 489 853 563; x_wconf 88' lang='lat' dir='ltr'>earumdem</span> <span class='ocrx_word' id='word_1_7' title='bbox 885 489 1052 582; x_wconf 88' lang='lat' dir='ltr'>capitum</span> <span class='ocrx_word' id='word_1_8' title='bbox 1083 489 1173 560; x_wconf 90' lang='lat' dir='ltr'>nihil</span> <span class='ocrx_word' id='word_1_9' title='bbox 1207 489 1343 576; x_wconf 88' lang='lat' dir='ltr'>dicam;</span> <span class='ocrx_word' id='word_1_10' title='bbox 1378 491 1497 562; x_wconf 91' lang='lat' dir='ltr'>solum</span> 
     </span>
     <span class='ocr_line' id='line_1_3' title="bbox 228 608 1498 704; baseline -0.002 -22"><span class='ocrx_word' id='word_1_11' title='bbox 228 632 293 704; x_wconf 92' lang='lat' dir='ltr'>pro</span> <span class='ocrx_word' id='word_1_12' title='bbox 321 609 510 683; x_wconf 84' lang='lat' dir='ltr'>efficiendo</span> <span class='ocrx_word' id='word_1_13' title='bbox 536 612 574 681; x_wconf 92' lang='lat' dir='ltr'>et</span> <span class='ocrx_word' id='word_1_14' title='bbox 600 608 820 681; x_wconf 86' lang='lat' dir='ltr'>stabiliendo</span> <span class='ocrx_word' id='word_1_15' title='bbox 846 611 973 681; x_wconf 85' lang='lat' dir='ltr'>textus</span> <span class='ocrx_word' id='word_1_16' title='bbox 999 608 1241 682; x_wconf 89' lang='lat' dir='ltr'>fundamento</span> <span class='ocrx_word' id='word_1_17' title='bbox 1267 608 1399 682; x_wconf 58' lang='lat' dir='ltr'>critico*</span> <span class='ocrx_word' id='word_1_18' title='bbox 1422 610 1498 703; x_wconf 92' lang='lat' dir='ltr'>epi·</span> 
     </span>
     <span class='ocr_line' id='line_1_4' title="bbox 228 726 1500 822; baseline 0 -22"><span class='ocrx_word' id='word_1_19' title='bbox 228 729 408 801; x_wconf 86' lang='lat' dir='ltr'>stolarum</span> <span class='ocrx_word' id='word_1_20' title='bbox 440 727 713 822; x_wconf 90' lang='lat' dir='ltr'>pontificiarum</span> <span class='ocrx_word' id='word_1_21' title='bbox 739 726 878 801; x_wconf 89' lang='lat' dir='ltr'>codices</span> <span class='ocrx_word' id='word_1_22' title='bbox 905 727 1105 800; x_wconf 88' lang='lat' dir='ltr'>secundum</span> <span class='ocrx_word' id='word_1_23' title='bbox 1136 727 1403 820; x_wconf 74' lang='lat' dir='ltr'>antiquitatem</span> <span class='ocrx_word' id='word_1_24' title='bbox 1429 731 1500 800; x_wconf 88' lang='lat' dir='ltr'>aut</span> 
     </span>
     <span class='ocr_line' id='line_1_5' title="bbox 229 843 1500 940; baseline 0 -22"><span class='ocrx_word' id='word_1_25' title='bbox 229 846 390 920; x_wconf 83' lang='lat' dir='ltr'>familias</span> <span class='ocrx_word' id='word_1_26' title='bbox 415 870 501 919; x_wconf 86' lang='lat' dir='ltr'>suas</span> <span class='ocrx_word' id='word_1_27' title='bbox 525 846 696 918; x_wconf 89' lang='lat' dir='ltr'>brevibus</span> <span class='ocrx_word' id='word_1_28' title='bbox 719 845 961 940; x_wconf 82' lang='lat' dir='ltr'>perlustrabo.</span> <span class='ocrx_word' id='word_1_29' title='bbox 1006 843 1244 940; x_wconf 85' lang='lat' dir='ltr'>Summopere</span> <span class='ocrx_word' id='word_1_30' title='bbox 1262 847 1374 935; x_wconf 87' lang='lat' dir='ltr'>doleo,</span> <span class='ocrx_word' id='word_1_31' title='bbox 1400 846 1500 940; x_wconf 91' lang='lat' dir='ltr'>quod</span> 
     </span>
     <span class='ocr_line' id='line_1_6' title="bbox 228 963 1500 1058; baseline -0.002 -20"><span class='ocrx_word' id='word_1_32' title='bbox 228 965 353 1038; x_wconf 89' lang='lat' dir='ltr'>studia</span> <span class='ocrx_word' id='word_1_33' title='bbox 392 965 436 1038; x_wconf 88' lang='lat' dir='ltr'>de</span> <span class='ocrx_word' id='word_1_34' title='bbox 473 966 541 1037; x_wconf 91' lang='lat' dir='ltr'>hac</span> <span class='ocrx_word' id='word_1_35' title='bbox 576 964 705 1037; x_wconf 88' lang='lat' dir='ltr'>eadem</span> <span class='ocrx_word' id='word_1_36' title='bbox 736 988 776 1037; x_wconf 92' lang='lat' dir='ltr'>re</span> <span class='ocrx_word' id='word_1_37' title='bbox 808 965 1063 1037; x_wconf 86' lang='lat' dir='ltr'>sollertissima</span> <span class='ocrx_word' id='word_1_38' title='bbox 1101 965 1189 1038; x_wconf 90' lang='lat' dir='ltr'>clar.</span> <span class='ocrx_word' id='word_1_39' title='bbox 1223 963 1285 1037; x_wconf 89' lang='lat' dir='ltr'>Dr.</span> <span class='ocrx_word' id='word_1_40' title='bbox 1306 964 1500 1058; x_wconf 20' lang='lat' dir='ltr'>&#39;Friderici</span> 
     </span>
     <span class='ocr_line' id='line_1_7' title="bbox 227 1065 1500 1175; baseline -0.002 -19"><span class='ocrx_word' id='word_1_41' title='bbox 227 1083 399 1156; x_wconf 82' lang='lat' dir='ltr'>Maassen</span> <span class='ocrx_word' id='word_1_42' title='bbox 425 1085 651 1173; x_wconf 71' lang='lat' dir='ltr'>(Bibliotheca</span> <span class='ocrx_word' id='word_1_43' title='bbox 676 1085 789 1156; x_wconf 78' lang='lat' dir='ltr'>latinu</span> <span class='ocrx_word' id='word_1_44' title='bbox 808 1087 905 1172; x_wconf 80' lang='lat' dir='ltr'>juris</span> <span class='ocrx_word' id='word_1_45' title='bbox 928 1065 1085 1156; x_wconf 45' lang='lat' dir='ltr'>cooroor&#39;ici</span> <span class='ocrx_word' id='word_1_46' title='bbox 1103 1087 1341 1175; x_wconf 64' lang='lat' dir='ltr'>ricoarae-ripa</span> <span class='ocrx_word' id='word_1_47' title='bbox 1365 1084 1403 1155; x_wconf 91' lang='lat' dir='ltr'>in</span> <span class='ocrx_word' id='word_1_48' title='bbox 1422 1084 1500 1155; x_wconf 75' lang='lat' dir='ltr'>Aa·</span> 
     </span>
    </p>
   </div>
   <div class='ocr_carea' id='block_1_3' title="bbox 229 1179 1533 1416">
    <p class='ocr_par' dir='ltr' id='par_1_3' title="bbox 229 1179 1533 1416">
     <span class='ocr_line' id='line_1_8' title="bbox 230 1179 1499 1294; baseline -0.002 -18"><span class='ocrx_word' id='word_1_49' title='bbox 230 1179 299 1276; x_wconf 71' lang='lat' dir='ltr'>har.</span> <span class='ocrx_word' id='word_1_50' title='bbox 327 1202 436 1274; x_wconf 84' lang='lat' dir='ltr'>Acod.</span> <span class='ocrx_word' id='word_1_51' title='bbox 466 1204 559 1274; x_wconf 80' lang='lat' dir='ltr'>Coos.</span> <span class='ocrx_word' id='word_1_52' title='bbox 594 1204 733 1275; x_wconf 80' lang='lat' dir='ltr'>Vindoh.</span> <span class='ocrx_word' id='word_1_53' title='bbox 760 1204 856 1274; x_wconf 78' lang='lat' dir='ltr'>class,</span> <span class='ocrx_word' id='word_1_54' title='bbox 883 1204 960 1275; x_wconf 75' lang='lat' dir='ltr'>hist.</span> <span class='ocrx_word' id='word_1_55' title='bbox 981 1204 1069 1294; x_wconf 80' lang='lat' dir='ltr'>phil.</span> <span class='ocrx_word' id='word_1_56' title='bbox 1095 1207 1124 1274; x_wconf 94' lang='lat' dir='ltr'>t.</span> <span class='ocrx_word' id='word_1_57' title='bbox 1152 1201 1235 1273; x_wconf 86' lang='lat' dir='ltr'><strong>LIII</strong></span> <span class='ocrx_word' id='word_1_58' title='bbox 1259 1206 1297 1274; x_wconf 92' lang='lat' dir='ltr'>et</span> <span class='ocrx_word' id='word_1_59' title='bbox 1315 1200 1410 1294; x_wconf 86' lang='lat' dir='ltr'><strong>LIV)</strong></span> <span class='ocrx_word' id='word_1_60' title='bbox 1437 1202 1499 1274; x_wconf 91' lang='lat' dir='ltr'>de-</span> 
     </span>
     <span class='ocr_line' id='line_1_9' title="bbox 229 1321 1533 1416; baseline -0.003 -20"><span class='ocrx_word' id='word_1_61' title='bbox 229 1347 333 1396; x_wconf 92' lang='lat' dir='ltr'>mum</span> <span class='ocrx_word' id='word_1_62' title='bbox 359 1322 528 1394; x_wconf 88' lang='lat' dir='ltr'>absoluto</span> <span class='ocrx_word' id='word_1_63' title='bbox 553 1322 621 1394; x_wconf 94' lang='lat' dir='ltr'>hoc</span> <span class='ocrx_word' id='word_1_64' title='bbox 638 1344 747 1415; x_wconf 89' lang='lat' dir='ltr'>opere</span> <span class='ocrx_word' id='word_1_65' title='bbox 765 1324 803 1393; x_wconf 91' lang='lat' dir='ltr'>et</span> <span class='ocrx_word' id='word_1_66' title='bbox 820 1321 889 1393; x_wconf 90' lang='lat' dir='ltr'>sub</span> <span class='ocrx_word' id='word_1_67' title='bbox 915 1322 1016 1416; x_wconf 85' lang='lat' dir='ltr'>prelo</span> <span class='ocrx_word' id='word_1_68' title='bbox 1033 1321 1238 1394; x_wconf 90' lang='lat' dir='ltr'>constituto</span> <span class='ocrx_word' id='word_1_69' title='bbox 1255 1321 1303 1392; x_wconf 90' lang='lat' dir='ltr'>ad</span> <span class='ocrx_word' id='word_1_70' title='bbox 1320 1321 1500 1393; x_wconf 84' lang='lat' dir='ltr'>notitiam</span> <span class='ocrx_word' id='word_1_71' title='bbox 1527 1354 1533 1366; x_wconf 76' lang='lat'>.</span> 
     </span>
    </p>
   </div>
   <div class='ocr_carea' id='block_1_4' title="bbox 124 1439 1501 1535">
    <p class='ocr_par' dir='ltr' id='par_1_4' title="bbox 124 1439 1501 1535">
     <span class='ocr_line' id='line_1_10' title="bbox 124 1439 1501 1535; baseline -0.001 -21"><span class='ocrx_word' id='word_1_72' title='bbox 124 1445 127 1450; x_wconf 81' lang='grc'><strong>’</strong></span> <span class='ocrx_word' id='word_1_73' title='bbox 230 1465 353 1515; x_wconf 89' lang='lat' dir='ltr'>meam</span> <span class='ocrx_word' id='word_1_74' title='bbox 392 1441 637 1535; x_wconf 89' lang='lat' dir='ltr'>pervenerint.</span> <span class='ocrx_word' id='word_1_75' title='bbox 697 1440 816 1524; x_wconf 80' lang='lat' dir='ltr'>Quare</span> <span class='ocrx_word' id='word_1_76' title='bbox 849 1440 920 1512; x_wconf 91' lang='lat' dir='ltr'>etsi</span> <span class='ocrx_word' id='word_1_77' title='bbox 952 1439 1209 1513; x_wconf 85' lang='lat' dir='ltr'>candidissime</span> <span class='ocrx_word' id='word_1_78' title='bbox 1234 1463 1379 1513; x_wconf 92' lang='lat' dir='ltr'>mecum</span> <span class='ocrx_word' id='word_1_79' title='bbox 1412 1463 1501 1513; x_wconf 83' lang='lat' dir='ltr'>mox</span> 
     </span>
    </p>
   </div>
   <div class='ocr_carea' id='block_1_5' title="bbox 225 1558 1500 4986">
    <p class='ocr_par' dir='ltr' id='par_1_5' title="bbox 229 1558 1500 2130">
     <span class='ocr_line' id='line_1_11' title="bbox 229 1558 1499 1651; baseline -0.003 -17"><span class='ocrx_word' id='word_1_80' title='bbox 229 1560 516 1634; x_wconf 87' lang='lat' dir='ltr'>communicavit</span> <span class='ocrx_word' id='word_1_81' title='bbox 542 1560 599 1631; x_wconf 84' lang='lat' dir='ltr'>vir</span> <span class='ocrx_word' id='word_1_82' title='bbox 624 1559 931 1647; x_wconf 86' lang='lat' dir='ltr'>humanissimus,</span> <span class='ocrx_word' id='word_1_83' title='bbox 965 1561 1092 1632; x_wconf 90' lang='lat' dir='ltr'>tamen</span> <span class='ocrx_word' id='word_1_84' title='bbox 1117 1562 1162 1629; x_wconf 90' lang='lat' dir='ltr'>ut</span> <span class='ocrx_word' id='word_1_85' title='bbox 1181 1558 1327 1651; x_wconf 86' lang='lat' dir='ltr'>justam</span> <span class='ocrx_word' id='word_1_86' title='bbox 1353 1558 1499 1631; x_wconf 86' lang='lat' dir='ltr'>utilita-</span> 
     </span>
     <span class='ocr_line' id='line_1_12' title="bbox 229 1678 1499 1774; baseline -0.002 -21"><span class='ocrx_word' id='word_1_87' title='bbox 229 1683 308 1753; x_wconf 90' lang='lat' dir='ltr'>tem</span> <span class='ocrx_word' id='word_1_88' title='bbox 335 1680 418 1752; x_wconf 90' lang='lat' dir='ltr'>inde</span> <span class='ocrx_word' id='word_1_89' title='bbox 445 1679 681 1774; x_wconf 78' lang='lat' dir='ltr'>perciperem,</span> <span class='ocrx_word' id='word_1_90' title='bbox 705 1678 786 1773; x_wconf 89' lang='lat' dir='ltr'>jam</span> <span class='ocrx_word' id='word_1_91' title='bbox 812 1678 940 1751; x_wconf 90' lang='lat' dir='ltr'>deerat</span> <span class='ocrx_word' id='word_1_92' title='bbox 965 1681 1123 1772; x_wconf 88' lang='lat' dir='ltr'>tempus,</span> <span class='ocrx_word' id='word_1_93' title='bbox 1152 1700 1219 1751; x_wconf 88' lang='lat' dir='ltr'>nec</span> <span class='ocrx_word' id='word_1_94' title='bbox 1235 1678 1307 1749; x_wconf 88' lang='lat' dir='ltr'>nisi</span> <span class='ocrx_word' id='word_1_95' title='bbox 1334 1678 1375 1749; x_wconf 93' lang='lat' dir='ltr'>in</span> <span class='ocrx_word' id='word_1_96' title='bbox 1391 1699 1499 1771; x_wconf 87' lang='lat' dir='ltr'>prae·</span> 
     </span>
     <span class='ocr_line' id='line_1_13' title="bbox 229 1796 1500 1892; baseline -0.002 -22"><span class='ocrx_word' id='word_1_97' title='bbox 229 1798 370 1872; x_wconf 81' lang='lat' dir='ltr'>latione</span> <span class='ocrx_word' id='word_1_98' title='bbox 393 1798 573 1892; x_wconf 86' lang='lat' dir='ltr'>quasdam</span> <span class='ocrx_word' id='word_1_99' title='bbox 591 1800 699 1869; x_wconf 90' lang='lat' dir='ltr'>notas</span> <span class='ocrx_word' id='word_1_100' title='bbox 717 1797 875 1891; x_wconf 86' lang='lat' dir='ltr'>adjicere</span> <span class='ocrx_word' id='word_1_101' title='bbox 892 1797 1007 1890; x_wconf 90' lang='lat' dir='ltr'>potui,</span> <span class='ocrx_word' id='word_1_102' title='bbox 1036 1797 1132 1871; x_wconf 87' lang='lat' dir='ltr'>unde</span> <span class='ocrx_word' id='word_1_103' title='bbox 1150 1796 1289 1870; x_wconf 86' lang='lat' dir='ltr'>codices</span> <span class='ocrx_word' id='word_1_104' title='bbox 1306 1796 1357 1868; x_wconf 91' lang='lat' dir='ltr'>ibi</span> <span class='ocrx_word' id='word_1_105' title='bbox 1374 1819 1500 1870; x_wconf 90' lang='lat' dir='ltr'>recen·</span> 
     </span>
     <span class='ocr_line' id='line_1_14' title="bbox 229 1915 1499 2012; baseline -0.001 -24"><span class='ocrx_word' id='word_1_106' title='bbox 229 1918 544 2012; x_wconf 86' lang='lat' dir='ltr'>siti&#39;aliquatenus</span> <span class='ocrx_word' id='word_1_107' title='bbox 569 1916 856 1989; x_wconf 85' lang='lat' dir='ltr'>illustrarentur.</span> <span class='ocrx_word' id='word_1_108' title='bbox 890 1915 1038 1989; x_wconf 81' lang='lat' dir='ltr'>Plenius</span> <span class='ocrx_word' id='word_1_109' title='bbox 1057 1916 1097 1988; x_wconf 89' lang='lat' dir='ltr'>in</span> <span class='ocrx_word' id='word_1_110' title='bbox 1117 1916 1322 2004; x_wconf 75' lang='lat' dir='ltr'>hamram,</span> <span class='ocrx_word' id='word_1_111' title='bbox 1350 1916 1382 1988; x_wconf 90' lang='lat' dir='ltr'>si</span> <span class='ocrx_word' id='word_1_112' title='bbox 1398 1915 1499 1988; x_wconf 89' lang='lat' dir='ltr'>Deus</span> 
     </span>
     <span class='ocr_line' id='line_1_15' title="bbox 229 2032 1497 2130; baseline -0.002 -22"><span class='ocrx_word' id='word_1_113' title='bbox 229 2036 396 2125; x_wconf 89' lang='lat' dir='ltr'>voluerit,</span> <span class='ocrx_word' id='word_1_114' title='bbox 411 2038 493 2108; x_wconf 89' lang='lat' dir='ltr'>toto</span> <span class='ocrx_word' id='word_1_115' title='bbox 507 2058 656 2130; x_wconf 90' lang='lat' dir='ltr'>corpore</span> <span class='ocrx_word' id='word_1_116' title='bbox 670 2035 912 2130; x_wconf 87' lang='lat' dir='ltr'>epistolarum</span> <span class='ocrx_word' id='word_1_117' title='bbox 926 2035 1095 2108; x_wconf 88' lang='lat' dir='ltr'>absoluto</span> <span class='ocrx_word' id='word_1_118' title='bbox 1107 2057 1258 2129; x_wconf 89' lang='lat' dir='ltr'>operam</span> <span class='ocrx_word' id='word_1_119' title='bbox 1270 2032 1497 2107; x_wconf 83' lang='lat' dir='ltr'>convertam.</span> 
     </span>
    </p>

    <p class='ocr_par' dir='ltr' id='par_1_6' title="bbox 227 2151 1499 4248">
     <span class='ocr_line' id='line_1_16' title="bbox 333 2151 1497 2248; baseline 0 -24"><span class='ocrx_word' id='word_1_120' title='bbox 333 2156 366 2226; x_wconf 81' lang='lat'>2.</span> <span class='ocrx_word' id='word_1_121' title='bbox 400 2153 687 2248; x_wconf 64' lang='lat' dir='ltr'>antiquissimus</span> <span class='ocrx_word' id='word_1_122' title='bbox 714 2154 831 2248; x_wconf 88' lang='lat' dir='ltr'>igitur</span> <span class='ocrx_word' id='word_1_123' title='bbox 855 2153 1064 2247; x_wconf 85' lang='lat' dir='ltr'>hujusmodi</span> <span class='ocrx_word' id='word_1_124' title='bbox 1090 2154 1202 2227; x_wconf 84' lang='lat' dir='ltr'>codex</span> <span class='ocrx_word' id='word_1_125' title='bbox 1227 2155 1284 2225; x_wconf 87' lang='lat' dir='ltr'>est</span> <span class='ocrx_word' id='word_1_126' title='bbox 1309 2153 1370 2225; x_wconf 89' lang='lat' dir='ltr'>ille</span> <span class='ocrx_word' id='word_1_127' title='bbox 1396 2151 1497 2224; x_wconf 85' lang='lat' dir='ltr'>Cor-</span> 
     </span>
     <span class='ocr_line' id='line_1_17' title="bbox 229 2271 1499 2365; baseline -0.001 -21"><span class='ocrx_word' id='word_1_128' title='bbox 229 2272 431 2365; x_wconf 89' lang='lat' dir='ltr'>bejensis</span> <span class='ocrx_word' id='word_1_129' title='bbox 458 2271 613 2360; x_wconf 84' lang='lat' dir='ltr'><strong>XXVI,</strong></span> <span class='ocrx_word' id='word_1_130' title='bbox 648 2273 778 2346; x_wconf 88' lang='lat' dir='ltr'>deinde</span> <span class='ocrx_word' id='word_1_131' title='bbox 804 2271 839 2344; x_wconf 84' lang='lat' dir='ltr'>S.</span> <span class='ocrx_word' id='word_1_132' title='bbox 860 2272 1070 2345; x_wconf 82' lang='lat' dir='ltr'>Germani</span> <span class='ocrx_word' id='word_1_133' title='bbox 1096 2272 1290 2346; x_wconf 89' lang='lat' dir='ltr'>aPratis</span> <span class='ocrx_word' id='word_1_134' title='bbox 1310 2274 1410 2360; x_wconf 85' lang='grc'><strong>936,</strong></span> <span class='ocrx_word' id='word_1_135' title='bbox 1439 2271 1499 2344; x_wconf 89' lang='lat' dir='ltr'>vel</span> 
     </span>
     <span class='ocr_line' id='line_1_18' title="bbox 229 2390 1498 2488; baseline -0.001 -24"><span class='ocrx_word' id='word_1_136' title='bbox 229 2390 507 2465; x_wconf 88' lang='lat' dir='ltr'>Parisiensis</span> <span class='ocrx_word' id='word_1_137' title='bbox 545 2391 622 2464; x_wconf 91' lang='lat' dir='ltr'>lat.</span> <span class='ocrx_word' id='word_1_138' title='bbox 662 2393 825 2480; x_wconf 80' lang='grc'><strong>12091,</strong></span> <span class='ocrx_word' id='word_1_139' title='bbox 866 2415 976 2488; x_wconf 90' lang='lat' dir='ltr'>quem</span> <span class='ocrx_word' id='word_1_140' title='bbox 1009 2394 1048 2465; x_wconf 86' lang='lat' dir='ltr'>et</span> <span class='ocrx_word' id='word_1_141' title='bbox 1080 2393 1337 2465; x_wconf 77' lang='lat' dir='ltr'>characterum</span> <span class='ocrx_word' id='word_1_142' title='bbox 1376 2391 1498 2463; x_wconf 87' lang='lat' dir='ltr'>forma</span> 
     </span>
     <span class='ocr_line' id='line_1_19' title="bbox 229 2510 1497 2615; baseline -0.003 -32"><span class='ocrx_word' id='word_1_143' title='bbox 229 2510 336 2601; x_wconf 84' lang='lat' dir='ltr'>(conf.</span> <span class='ocrx_word' id='word_1_144' title='bbox 356 2511 542 2606; x_wconf 83' lang='lat' dir='ltr'>specimen</span> <span class='ocrx_word' id='word_1_145' title='bbox 567 2511 607 2582; x_wconf 93' lang='lat' dir='ltr'>in</span> <span class='ocrx_word' id='word_1_146' title='bbox 624 2510 799 2584; x_wconf 88' lang='lat' dir='ltr'>Mabillon</span> <span class='ocrx_word' id='word_1_147' title='bbox 825 2514 867 2583; x_wconf 85' lang='lat' dir='ltr'>de</span> <span class='ocrx_word' id='word_1_148' title='bbox 893 2535 931 2615; x_wconf 80' lang='lat' dir='ltr'>re</span> <span class='ocrx_word' id='word_1_149' title='bbox 956 2513 1178 2603; x_wconf 72' lang='lat' dir='ltr'>diplomatico</span> <span class='ocrx_word' id='word_1_150' title='bbox 1204 2534 1288 2605; x_wconf 89' lang='lat' dir='ltr'>pag.</span> <span class='ocrx_word' id='word_1_151' title='bbox 1308 2510 1380 2581; x_wconf 77' lang='lat'>357</span> <span class='ocrx_word' id='word_1_152' title='bbox 1401 2533 1436 2581; x_wconf 93' lang='lat' dir='ltr'>n.</span> <span class='ocrx_word' id='word_1_153' title='bbox 1459 2510 1497 2600; x_wconf 83' lang='lat'>2)</span> 
     </span>
     <span class='ocr_line' id='line_1_20' title="bbox 229 2628 1498 2726; baseline 0.001 -26"><span class='ocrx_word' id='word_1_154' title='bbox 229 2630 268 2700; x_wconf 93' lang='lat' dir='ltr'>et</span> <span class='ocrx_word' id='word_1_155' title='bbox 294 2630 483 2726; x_wconf 86' lang='lat' dir='ltr'>catalogus</span> <span class='ocrx_word' id='word_1_156' title='bbox 510 2629 725 2724; x_wconf 85' lang='lat' dir='ltr'>pontificum</span> <span class='ocrx_word' id='word_1_157' title='bbox 751 2631 791 2702; x_wconf 88' lang='lat' dir='ltr'>in</span> <span class='ocrx_word' id='word_1_158' title='bbox 808 2628 935 2725; x_wconf 85' lang='lat' dir='ltr'>Vigilii</span> <span class='ocrx_word' id='word_1_159' title='bbox 958 2652 1056 2702; x_wconf 91' lang='lat' dir='ltr'>anno</span> <span class='ocrx_word' id='word_1_160' title='bbox 1074 2628 1157 2700; x_wconf 88' lang='lat' dir='ltr'><strong>XIV</strong></span> <span class='ocrx_word' id='word_1_161' title='bbox 1183 2629 1350 2702; x_wconf 70' lang='lat' dir='ltr'>desinens</span> <span class='ocrx_word' id='word_1_162' title='bbox 1376 2628 1498 2701; x_wconf 87' lang='lat' dir='ltr'>medio</span> 
     </span>
     <span class='ocr_line' id='line_1_21' title="bbox 228 2746 1496 2838; baseline 0.001 -19"><span class='ocrx_word' id='word_1_163' title='bbox 228 2748 374 2821; x_wconf 89' lang='lat' dir='ltr'>saeculo</span> <span class='ocrx_word' id='word_1_164' title='bbox 402 2747 451 2819; x_wconf 92' lang='lat' dir='ltr'>Vl</span> <span class='ocrx_word' id='word_1_165' title='bbox 483 2750 567 2838; x_wconf 88' lang='lat' dir='ltr'>(seo.</span> <span class='ocrx_word' id='word_1_166' title='bbox 593 2748 764 2822; x_wconf 87' lang='lat' dir='ltr'>Maassen</span> <span class='ocrx_word' id='word_1_167' title='bbox 790 2750 812 2821; x_wconf 93' lang='lat' dir='ltr'>l.</span> <span class='ocrx_word' id='word_1_168' title='bbox 829 2772 858 2822; x_wconf 92' lang='lat' dir='ltr'>c.</span> <span class='ocrx_word' id='word_1_169' title='bbox 884 2746 975 2837; x_wconf 87' lang='lat' dir='ltr'><strong>LIV,</strong></span> <span class='ocrx_word' id='word_1_170' title='bbox 993 2751 1064 2820; x_wconf 76' lang='lat'>268</span> <span class='ocrx_word' id='word_1_171' title='bbox 1091 2771 1175 2820; x_wconf 77' lang='lat' dir='ltr'>saec.</span> <span class='ocrx_word' id='word_1_172' title='bbox 1197 2750 1293 2838; x_wconf 86' lang='lat' dir='ltr'>VH)</span> <span class='ocrx_word' id='word_1_173' title='bbox 1319 2747 1496 2821; x_wconf 88' lang='lat' dir='ltr'>vindicat.</span> 
     </span>
     <span class='ocr_line' id='line_1_22' title="bbox 229 2864 1497 2961; baseline 0.001 -24"><span class='ocrx_word' id='word_1_174' title='bbox 229 2864 435 2940; x_wconf 91' lang='lat' dir='ltr'>Pleniorem</span> <span class='ocrx_word' id='word_1_175' title='bbox 474 2867 552 2961; x_wconf 88' lang='lat' dir='ltr'>ejus</span> <span class='ocrx_word' id='word_1_176' title='bbox 590 2868 767 2940; x_wconf 88' lang='lat' dir='ltr'>notitiam</span> <span class='ocrx_word' id='word_1_177' title='bbox 806 2867 1090 2940; x_wconf 84' lang='lat' dir='ltr'>Montfaloonius</span> <span class='ocrx_word' id='word_1_178' title='bbox 1122 2868 1333 2939; x_wconf 76' lang='lat' dir='ltr'>Bibliotheca</span> <span class='ocrx_word' id='word_1_179' title='bbox 1365 2867 1497 2938; x_wconf 75' lang='lat' dir='ltr'>Bitho</span> 
     </span>
     <span class='ocr_line' id='line_1_23' title="bbox 229 2984 1496 3082; baseline -0.001 -25"><span class='ocrx_word' id='word_1_180' title='bbox 229 2985 404 3058; x_wconf 79' lang='lat' dir='ltr'>lhecoraoa</span> <span class='ocrx_word' id='word_1_181' title='bbox 429 2987 611 3059; x_wconf 77' lang='lat' dir='ltr'>Monoscr.</span> <span class='ocrx_word' id='word_1_182' title='bbox 638 2989 728 3059; x_wconf 81' lang='lat' dir='ltr'>tom.</span> <span class='ocrx_word' id='word_1_183' title='bbox 755 2984 791 3057; x_wconf 89' lang='lat' dir='ltr'>l]</span> <span class='ocrx_word' id='word_1_184' title='bbox 816 3010 900 3082; x_wconf 90' lang='lat' dir='ltr'>pag.</span> <span class='ocrx_word' id='word_1_185' title='bbox 929 2988 1042 3074; x_wconf 79' lang='lat'>1124,</span> <span class='ocrx_word' id='word_1_186' title='bbox 1071 2984 1309 3058; x_wconf 81' lang='lat' dir='ltr'>Constantius</span> <span class='ocrx_word' id='word_1_187' title='bbox 1337 2986 1496 3076; x_wconf 65' lang='lat' dir='ltr'>Praefert.</span> 
     </span>
     <span class='ocr_line' id='line_1_24' title="bbox 228 3094 1497 3196; baseline 0.001 -21"><span class='ocrx_word' id='word_1_188' title='bbox 228 3108 268 3176; x_wconf 78' lang='lat' dir='ltr'>in</span> <span class='ocrx_word' id='word_1_189' title='bbox 296 3105 410 3196; x_wconf 79' lang='lat' dir='ltr'>Epist.</span> <span class='ocrx_word' id='word_1_190' title='bbox 438 3107 537 3178; x_wconf 81' lang='lat' dir='ltr'>Rom.</span> <span class='ocrx_word' id='word_1_191' title='bbox 564 3094 712 3196; x_wconf 65' lang='lat' dir='ltr'>Pontifi&#39;</span> <span class='ocrx_word' id='word_1_192' title='bbox 732 3130 767 3177; x_wconf 94' lang='lat' dir='ltr'>n.</span> <span class='ocrx_word' id='word_1_193' title='bbox 797 3109 842 3178; x_wconf 86' lang='grc'>61</span> <span class='ocrx_word' id='word_1_194' title='bbox 856 3108 977 3194; x_wconf 84' lang='grc'><strong>-69,</strong></span> <span class='ocrx_word' id='word_1_195' title='bbox 1012 3104 1226 3177; x_wconf 85' lang='lat' dir='ltr'>Sirmondus</span> <span class='ocrx_word' id='word_1_196' title='bbox 1259 3108 1297 3177; x_wconf 87' lang='lat' dir='ltr'>et</span> <span class='ocrx_word' id='word_1_197' title='bbox 1329 3103 1497 3176; x_wconf 87' lang='lat' dir='ltr'>Labatus</span> 
     </span>
     <span class='ocr_line' id='line_1_25' title="bbox 229 3221 1494 3319; baseline 0 -26"><span class='ocrx_word' id='word_1_198' title='bbox 229 3223 350 3313; x_wconf 76' lang='lat' dir='ltr'>Procf.</span> <span class='ocrx_word' id='word_1_199' title='bbox 376 3227 416 3295; x_wconf 78' lang='lat' dir='ltr'>ia</span> <span class='ocrx_word' id='word_1_200' title='bbox 445 3225 570 3296; x_wconf 73' lang='lat' dir='ltr'>Coacr&#39;l.</span> <span class='ocrx_word' id='word_1_201' title='bbox 602 3226 708 3312; x_wconf 80' lang='lat' dir='ltr'>Gall,</span> <span class='ocrx_word' id='word_1_202' title='bbox 744 3227 853 3297; x_wconf 86' lang='lat' dir='ltr'>etex</span> <span class='ocrx_word' id='word_1_203' title='bbox 882 3225 939 3296; x_wconf 88' lang='lat' dir='ltr'>his</span> <span class='ocrx_word' id='word_1_204' title='bbox 965 3224 1155 3319; x_wconf 86' lang='lat' dir='ltr'>Ballerinii</span> <span class='ocrx_word' id='word_1_205' title='bbox 1180 3226 1203 3295; x_wconf 89' lang='lat' dir='ltr'>l.</span> <span class='ocrx_word' id='word_1_206' title='bbox 1232 3247 1261 3296; x_wconf 93' lang='lat' dir='ltr'>c.</span> <span class='ocrx_word' id='word_1_207' title='bbox 1289 3247 1324 3317; x_wconf 92' lang='lat' dir='ltr'>p.</span> <span class='ocrx_word' id='word_1_208' title='bbox 1351 3221 1386 3293; x_wconf 91' lang='grc' dir='ltr'>Π</span> <span class='ocrx_word' id='word_1_209' title='bbox 1413 3246 1443 3296; x_wconf 87' lang='lat' dir='ltr'>c.</span> <span class='ocrx_word' id='word_1_210' title='bbox 1472 3225 1494 3293; x_wconf 81' lang='lat'>5</span> 
     </span>
     <span class='ocr_line' id='line_1_26' title="bbox 228 3341 1496 3436; baseline 0.002 -25"><span class='ocrx_word' id='word_1_211' title='bbox 228 3341 493 3432; x_wconf 81' lang='lat' dir='ltr'>praebuenmt3</span> <span class='ocrx_word' id='word_1_212' title='bbox 528 3342 683 3436; x_wconf 88' lang='lat' dir='ltr'>denique</span> <span class='ocrx_word' id='word_1_213' title='bbox 710 3343 893 3427; x_wconf 89' lang='lat' dir='ltr'>Maassen‚</span> <span class='ocrx_word' id='word_1_214' title='bbox 928 3344 992 3436; x_wconf 90' lang='lat' dir='ltr'>qui</span> <span class='ocrx_word' id='word_1_215' title='bbox 1015 3366 1100 3415; x_wconf 90' lang='lat' dir='ltr'>eum</span> <span class='ocrx_word' id='word_1_216' title='bbox 1124 3342 1269 3415; x_wconf 88' lang='lat' dir='ltr'>saeculo</span> <span class='ocrx_word' id='word_1_217' title='bbox 1292 3341 1361 3413; x_wconf 89' lang='lat' dir='ltr'>VII</span> <span class='ocrx_word' id='word_1_218' title='bbox 1393 3343 1496 3414; x_wconf 89' lang='lat' dir='ltr'>adse·</span> 
     </span>
     <span class='ocr_line' id='line_1_27' title="bbox 228 3458 1494 3556; baseline 0.002 -27"><span class='ocrx_word' id='word_1_219' title='bbox 228 3459 315 3547; x_wconf 88' lang='lat' dir='ltr'>ruit,</span> <span class='ocrx_word' id='word_1_220' title='bbox 343 3459 366 3530; x_wconf 95' lang='lat' dir='ltr'>l.</span> <span class='ocrx_word' id='word_1_221' title='bbox 382 3482 411 3532; x_wconf 92' lang='lat' dir='ltr'>c.</span> <span class='ocrx_word' id='word_1_222' title='bbox 430 3458 511 3529; x_wconf 87' lang='lat' dir='ltr'><strong>LIV</strong></span> <span class='ocrx_word' id='word_1_223' title='bbox 530 3483 613 3554; x_wconf 88' lang='lat' dir='ltr'>pag.</span> <span class='ocrx_word' id='word_1_224' title='bbox 631 3463 703 3532; x_wconf 77' lang='lat'>268</span> <span class='ocrx_word' id='word_1_225' title='bbox 718 3485 764 3533; x_wconf 85' lang='lat' dir='ltr'>ss.</span> <span class='ocrx_word' id='word_1_226' title='bbox 792 3465 1008 3534; x_wconf 90' lang='lat' dir='ltr'>accuratum</span> <span class='ocrx_word' id='word_1_227' title='bbox 1035 3462 1113 3554; x_wconf 76' lang='lat' dir='ltr'>ejus</span> <span class='ocrx_word' id='word_1_228' title='bbox 1141 3461 1298 3534; x_wconf 90' lang='lat' dir='ltr'>indicem</span> <span class='ocrx_word' id='word_1_229' title='bbox 1323 3461 1494 3556; x_wconf 91' lang='lat' dir='ltr'>protulit;</span> 
     </span>
     <span class='ocr_line' id='line_1_28' title="bbox 228 3578 1496 3677; baseline 0.002 -27"><span class='ocrx_word' id='word_1_230' title='bbox 228 3578 336 3668; x_wconf 81' lang='lat' dir='ltr'>(conl.</span> <span class='ocrx_word' id='word_1_231' title='bbox 365 3578 481 3650; x_wconf 88' lang='lat' dir='ltr'>etiam</span> <span class='ocrx_word' id='word_1_232' title='bbox 514 3578 655 3652; x_wconf 89' lang='lat' dir='ltr'>Haenel</span> <span class='ocrx_word' id='word_1_233' title='bbox 690 3580 776 3652; x_wconf 84' lang='lat' dir='ltr'>Non.</span> <span class='ocrx_word' id='word_1_234' title='bbox 803 3590 904 3654; x_wconf 80' lang='lat' dir='ltr'>coast.</span> <span class='ocrx_word' id='word_1_235' title='bbox 931 3604 1014 3676; x_wconf 88' lang='lat' dir='ltr'>pag.</span> <span class='ocrx_word' id='word_1_236' title='bbox 1043 3582 1222 3677; x_wconf 64' lang='lat' dir='ltr'>418sq.).⁶</span> <span class='ocrx_word' id='word_1_237' title='bbox 1257 3578 1496 3653; x_wconf 82' lang='lat' dir='ltr'>Constantius</span> 
     </span>
     <span class='ocr_line' id='line_1_29' title="bbox 228 3696 1494 3794; baseline 0.003 -26"><span class='ocrx_word' id='word_1_238' title='bbox 228 3700 267 3768; x_wconf 89' lang='lat' dir='ltr'>et</span> <span class='ocrx_word' id='word_1_239' title='bbox 293 3696 472 3790; x_wconf 88' lang='lat' dir='ltr'>praedicti</span> <span class='ocrx_word' id='word_1_240' title='bbox 498 3698 733 3771; x_wconf 88' lang='lat' dir='ltr'>conciliorum</span> <span class='ocrx_word' id='word_1_241' title='bbox 754 3698 894 3773; x_wconf 80' lang='lat' dir='ltr'>Galliae</span> <span class='ocrx_word' id='word_1_242' title='bbox 920 3700 1077 3774; x_wconf 81' lang='lat' dir='ltr'>editores</span> <span class='ocrx_word' id='word_1_243' title='bbox 1105 3700 1374 3794; x_wconf 85' lang='lat' dir='ltr'>amplissimum</span> <span class='ocrx_word' id='word_1_244' title='bbox 1400 3699 1494 3793; x_wconf 84' lang='lat' dir='ltr'>ejus·</span> 
     </span>
     <span class='ocr_line' id='line_1_30' title="bbox 228 3815 1495 3914; baseline 0.002 -26"><span class='ocrx_word' id='word_1_245' title='bbox 228 3815 312 3889; x_wconf 88' lang='lat' dir='ltr'>dem</span> <span class='ocrx_word' id='word_1_246' title='bbox 338 3839 447 3888; x_wconf 89' lang='lat' dir='ltr'>usum</span> <span class='ocrx_word' id='word_1_247' title='bbox 473 3816 650 3890; x_wconf 88' lang='lat' dir='ltr'>fecerunt.</span> <span class='ocrx_word' id='word_1_248' title='bbox 704 3818 876 3892; x_wconf 84' lang='lat' dir='ltr'>Ceterum</span> <span class='ocrx_word' id='word_1_249' title='bbox 902 3823 1050 3914; x_wconf 90' lang='lat' dir='ltr'>praeter</span> <span class='ocrx_word' id='word_1_250' title='bbox 1075 3817 1196 3891; x_wconf 81' lang='lat' dir='ltr'>Hilari</span> <span class='ocrx_word' id='word_1_251' title='bbox 1223 3818 1270 3891; x_wconf 89' lang='lat' dir='ltr'>ad</span> <span class='ocrx_word' id='word_1_252' title='bbox 1296 3817 1495 3890; x_wconf 90' lang='lat' dir='ltr'>Leontium</span> 
     </span>
     <span class='ocr_line' id='line_1_31' title="bbox 229 3931 1496 4033; baseline 0.002 -28"><span class='ocrx_word' id='word_1_253' title='bbox 229 3936 267 4006; x_wconf 91' lang='lat' dir='ltr'>et</span> <span class='ocrx_word' id='word_1_254' title='bbox 285 3931 498 4029; x_wconf 86' lang='lat' dir='ltr'>Symmachi</span> <span class='ocrx_word' id='word_1_255' title='bbox 516 3937 564 4009; x_wconf 89' lang='lat' dir='ltr'>ad</span> <span class='ocrx_word' id='word_1_256' title='bbox 581 3935 795 4011; x_wconf 82' lang='lat' dir='ltr'>Caesarium</span> <span class='ocrx_word' id='word_1_257' title='bbox 813 3939 932 4011; x_wconf 87' lang='lat' dir='ltr'>nullas</span> <span class='ocrx_word' id='word_1_258' title='bbox 950 3939 1095 4011; x_wconf 90' lang='lat' dir='ltr'>litteras</span> <span class='ocrx_word' id='word_1_259' title='bbox 1113 3937 1321 4033; x_wconf 89' lang='lat' dir='ltr'>pontificias</span> <span class='ocrx_word' id='word_1_260' title='bbox 1339 3937 1459 4011; x_wconf 87' lang='lat' dir='ltr'>Leone</span> <span class='ocrx_word' id='word_1_261' title='bbox 1477 3936 1496 4008; x_wconf 90' lang='grc' dir='ltr'>Ι</span> 
     </span>
     <span class='ocr_line' id='line_1_32' title="bbox 227 4054 1495 4152; baseline 0.003 -27"><span class='ocrx_word' id='word_1_262' title='bbox 227 4054 447 4127; x_wconf 90' lang='lat' dir='ltr'>recentiores</span> <span class='ocrx_word' id='word_1_263' title='bbox 464 4056 712 4149; x_wconf 85' lang='lat' dir='ltr'>amplectitur,</span> <span class='ocrx_word' id='word_1_264' title='bbox 730 4080 845 4150; x_wconf 87' lang='lat' dir='ltr'>quare</span> <span class='ocrx_word' id='word_1_265' title='bbox 862 4081 928 4152; x_wconf 89' lang='lat' dir='ltr'>pro</span> <span class='ocrx_word' id='word_1_266' title='bbox 944 4059 1014 4132; x_wconf 89' lang='lat' dir='ltr'>hac</span> <span class='ocrx_word' id='word_1_267' title='bbox 1027 4063 1180 4132; x_wconf 89' lang='lat' dir='ltr'>nostrae</span> <span class='ocrx_word' id='word_1_268' title='bbox 1198 4058 1369 4130; x_wconf 88' lang='lat' dir='ltr'>editionis</span> <span class='ocrx_word' id='word_1_269' title='bbox 1387 4061 1495 4151; x_wconf 89' lang='lat' dir='ltr'>parte</span> 
     </span>
     <span class='ocr_line' id='line_1_33' title="bbox 228 4172 510 4248; baseline 0.011 -4"><span class='ocrx_word' id='word_1_270' title='bbox 228 4172 290 4244; x_wconf 86' lang='lat' dir='ltr'>vix</span> <span class='ocrx_word' id='word_1_271' title='bbox 316 4175 510 4248; x_wconf 83' lang='lat' dir='ltr'>concmrit.</span> 
     </span>
    </p>

    <p class='ocr_par' dir='ltr' id='par_1_7' title="bbox 225 4291 1495 4986">
     <span class='ocr_line' id='line_1_34' title="bbox 280 4291 1492 4391; baseline 0.006 -27"><span class='ocrx_word' id='word_1_272' title='bbox 280 4330 286 4353; x_wconf 61' lang='grc' dir='ltr'>ι</span> <span class='ocrx_word' id='word_1_273' title='bbox 330 4294 364 4364; x_wconf 86' lang='grc'>3.</span> <span class='ocrx_word' id='word_1_274' title='bbox 399 4291 478 4367; x_wconf 91' lang='lat' dir='ltr'>Hoc</span> <span class='ocrx_word' id='word_1_275' title='bbox 504 4293 669 4388; x_wconf 89' lang='lat' dir='ltr'>quidem,</span> <span class='ocrx_word' id='word_1_276' title='bbox 703 4296 736 4367; x_wconf 90' lang='lat' dir='ltr'>si</span> <span class='ocrx_word' id='word_1_277' title='bbox 762 4296 903 4369; x_wconf 87' lang='lat' dir='ltr'>fontem</span> <span class='ocrx_word' id='word_1_278' title='bbox 928 4297 1025 4369; x_wconf 87' lang='lat' dir='ltr'>unde</span> <span class='ocrx_word' id='word_1_279' title='bbox 1056 4295 1233 4391; x_wconf 86' lang='lat' dir='ltr'>prodierit</span> <span class='ocrx_word' id='word_1_280' title='bbox 1258 4297 1492 4391; x_wconf 77' lang='lat' dir='ltr'>spectaveria</span> 
     </span>
     <span class='ocr_line' id='line_1_35' title="bbox 227 4410 1494 4510; baseline 0.004 -27"><span class='ocrx_word' id='word_1_281' title='bbox 227 4410 303 4484; x_wconf 87' lang='lat' dir='ltr'>fere</span> <span class='ocrx_word' id='word_1_282' title='bbox 329 4413 512 4486; x_wconf 87' lang='lat' dir='ltr'>vetustior</span> <span class='ocrx_word' id='word_1_283' title='bbox 528 4417 585 4487; x_wconf 88' lang='lat' dir='ltr'>est</span> <span class='ocrx_word' id='word_1_284' title='bbox 603 4412 860 4488; x_wconf 87' lang='lat' dir='ltr'>Vaticanus</span> <span class='ocrx_word' id='word_1_285' title='bbox 886 4414 1087 4510; x_wconf 87' lang='lat' dir='ltr'>Reginae</span> <span class='ocrx_word' id='word_1_286' title='bbox 1109 4417 1242 4504; x_wconf 77' lang='grc'><strong>1991,</strong></span> <span class='ocrx_word' id='word_1_287' title='bbox 1272 4415 1391 4488; x_wconf 86' lang='lat' dir='ltr'>forma</span> <span class='ocrx_word' id='word_1_288' title='bbox 1418 4416 1494 4489; x_wconf 88' lang='lat' dir='ltr'>fere</span> 
     </span>
     <span class='ocr_line' id='line_1_36' title="bbox 225 4530 1494 4630; baseline 0.005 -29"><span class='ocrx_word' id='word_1_289' title='bbox 225 4530 411 4623; x_wconf 89' lang='lat' dir='ltr'>quadrata</span> <span class='ocrx_word' id='word_1_290' title='bbox 442 4531 612 4605; x_wconf 84' lang='lat' dir='ltr'>loliorum</span> <span class='ocrx_word' id='word_1_291' title='bbox 642 4537 724 4606; x_wconf 77' lang='grc'><strong>161.</strong></span> <span class='ocrx_word' id='word_1_292' title='bbox 778 4531 847 4618; x_wconf 84' lang='lat' dir='ltr'>Qui</span> <span class='ocrx_word' id='word_1_293' title='bbox 879 4537 918 4608; x_wconf 87' lang='lat' dir='ltr'>et</span> <span class='ocrx_word' id='word_1_294' title='bbox 944 4539 1268 4608; x_wconf 90' lang='lat' dir='ltr'>monumentorum</span> <span class='ocrx_word' id='word_1_295' title='bbox 1301 4535 1494 4630; x_wconf 85' lang='lat' dir='ltr'>genuitate</span> 
     </span>
     <span class='ocr_line' id='line_1_37' title="bbox 226 4650 1494 4746; baseline 0.002 -23"><span class='ocrx_word' id='word_1_296' title='bbox 226 4654 265 4723; x_wconf 94' lang='lat' dir='ltr'>et</span> <span class='ocrx_word' id='word_1_297' title='bbox 291 4650 460 4746; x_wconf 88' lang='lat' dir='ltr'>catalogo</span> <span class='ocrx_word' id='word_1_298' title='bbox 486 4651 702 4746; x_wconf 90' lang='lat' dir='ltr'>pontificum</span> <span class='ocrx_word' id='word_1_299' title='bbox 735 4652 774 4723; x_wconf 90' lang='lat' dir='ltr'>in</span> <span class='ocrx_word' id='word_1_300' title='bbox 801 4650 997 4725; x_wconf 91' lang='lat' dir='ltr'>Hormisda</span> <span class='ocrx_word' id='word_1_301' title='bbox 1022 4654 1212 4728; x_wconf 88' lang='lat' dir='ltr'>desinente</span> <span class='ocrx_word' id='word_1_302' title='bbox 1238 4654 1389 4727; x_wconf 88' lang='lat' dir='ltr'>initium</span> <span class='ocrx_word' id='word_1_303' title='bbox 1415 4677 1494 4726; x_wconf 89' lang='lat' dir='ltr'>sae-</span> 
     </span>
     <span class='ocr_line' id='line_1_38' title="bbox 226 4767 1494 4868; baseline 0.002 -26"><span class='ocrx_word' id='word_1_304' title='bbox 226 4769 299 4842; x_wconf 78' lang='lat' dir='ltr'>crdi</span> <span class='ocrx_word' id='word_1_305' title='bbox 315 4767 367 4840; x_wconf 88' lang='lat' dir='ltr'><strong>VI</strong></span> <span class='ocrx_word' id='word_1_306' title='bbox 382 4793 471 4864; x_wconf 90' lang='lat' dir='ltr'>prae</span> <span class='ocrx_word' id='word_1_307' title='bbox 488 4793 527 4844; x_wconf 91' lang='lat' dir='ltr'>se</span> <span class='ocrx_word' id='word_1_308' title='bbox 545 4770 630 4859; x_wconf 85' lang='lat' dir='ltr'>lert,</span> <span class='ocrx_word' id='word_1_309' title='bbox 647 4794 762 4865; x_wconf 89' lang='lat' dir='ltr'>quare</span> <span class='ocrx_word' id='word_1_310' title='bbox 780 4795 803 4843; x_wconf 91' lang='lat' dir='ltr'>a</span> <span class='ocrx_word' id='word_1_311' title='bbox 820 4770 1027 4844; x_wconf 86' lang='lat' dir='ltr'>Balleriniis</span> <span class='ocrx_word' id='word_1_312' title='bbox 1043 4772 1068 4844; x_wconf 91' lang='lat' dir='ltr'>l.</span> <span class='ocrx_word' id='word_1_313' title='bbox 1087 4796 1116 4846; x_wconf 91' lang='lat' dir='ltr'>c.</span> <span class='ocrx_word' id='word_1_314' title='bbox 1136 4798 1171 4868; x_wconf 90' lang='lat' dir='ltr'>p.</span> <span class='ocrx_word' id='word_1_315' title='bbox 1190 4772 1226 4845; x_wconf 89' lang='lat' dir='ltr'>l]</span> <span class='ocrx_word' id='word_1_316' title='bbox 1243 4797 1272 4847; x_wconf 89' lang='lat' dir='ltr'>c.</span> <span class='ocrx_word' id='word_1_317' title='bbox 1288 4776 1312 4845; x_wconf 74' lang='lat'>4</span> <span class='ocrx_word' id='word_1_318' title='bbox 1329 4773 1494 4846; x_wconf 90' lang='lat' dir='ltr'>omnium</span> 
     </span>
     <span class='ocr_line' id='line_1_39' title="bbox 225 4888 1495 4986; baseline 0.002 -24"><span class='ocrx_word' id='word_1_319' title='bbox 225 4888 567 4983; x_wconf 81' lang='lat' dir='ltr'>praestantissimus</span> <span class='ocrx_word' id='word_1_320' title='bbox 593 4891 712 4984; x_wconf 89' lang='lat' dir='ltr'>primo</span> <span class='ocrx_word' id='word_1_321' title='bbox 736 4890 814 4964; x_wconf 90' lang='lat' dir='ltr'>loco</span> <span class='ocrx_word' id='word_1_322' title='bbox 840 4891 1000 4984; x_wconf 92' lang='lat' dir='ltr'>ponitur.</span> <span class='ocrx_word' id='word_1_323' title='bbox 1045 4889 1183 4965; x_wconf 88' lang='lat' dir='ltr'>Verum</span> <span class='ocrx_word' id='word_1_324' title='bbox 1201 4893 1279 4986; x_wconf 88' lang='lat' dir='ltr'>ejus</span> <span class='ocrx_word' id='word_1_325' title='bbox 1297 4894 1402 4965; x_wconf 86' lang='lat' dir='ltr'>aetas</span> <span class='ocrx_word' id='word_1_326' title='bbox 1420 4915 1495 4964; x_wconf 89' lang='lat' dir='ltr'>non</span> 
     </span>
    </p>
   </div>
   <div class='ocr_carea' id='block_1_6' title="bbox 0 0 1710 5664">
    <p class='ocr_par' dir='ltr' id='par_1_8' title="bbox 0 0 1710 5664">
     <span class='ocr_line' id='line_1_40' title="bbox 0 0 1710 5664; baseline 0 0"><span class='ocrx_word' id='word_1_327' title='bbox 0 0 1710 5664; x_wconf 95' lang='lat' dir='ltr'> </span> 
     </span>
    </p>
   </div>
  </div>
 </body>
</html>
