3450 5678
673 340 869 390 arrsronsa
891 331 942 389 35.
967 331 1018 389 36.
1415 326 1478 391 811

214 495 328 560 beatus
350 493 512 580 apostolus
526 493 641 560 Petrus
662 495 776 559 melius
797 494 862 560 illis
884 513 953 560 esse
967 494 1209 580 praedicarent,
1231 496 1349 560 utnon
1364 516 1480 581 cogno
1492 509 1586 561 aare.

216 599 343 663 suerent
355 597 441 662 viam
460 597 617 681 justitiae,
641 620 737 683 quam
753 601 982 683 cognoscentes
996 600 1170 663 retrorsum
1183 596 1306 663 reflecti
1328 620 1348 662 a
1361 597 1483 663 tradito
1493 573 1593 698 221³}ss

215 699 276 765 sibi
303 703 416 764 sancto
444 699 607 764 mandato.
656 700 696 766 In
725 703 836 784 aperto
864 703 928 783 cst,
956 722 1019 785 qua
1040 699 1221 784 pertinacia
1241 699 1380 764 traditae
1408 699 1483 765 fidei
1527 683 1534 711 ’

215 802 330 867 debeat
352 801 535 867 constantia
558 802 726 885 custodiri,
760 803 786 867 si
814 802 1012 868 tolerabilius
1039 804 1088 866 est
1115 801 1150 866 in
1172 822 1277 867 errore
1298 802 1481 887 persistere,

215 925 311 989 quam
333 903 647 988 coinquinationibus
667 926 808 989 rursum,
831 925 911 989 quas
932 904 1004 989 quis
1025 904 1158 990 fugerit,
1181 903 1350 989 implicari.
1395 903 1482 969 Data

214 1005 317 1097 pridie
332 1004 407 1070 Idus
422 1006 556 1091 Aprilis,
579 1007 723 1093 Agapito
737 1007 806 1072 viro
827 1006 1004 1073 clarissimo
1024 1007 1164 1091 consule,
1188 1006 1279 1094 perl)
1301 1005 1483 1073 Pullionem

215 1107 456 1176 subdiaconum.
1488 1123 1489 1128 ¹

715 1279 897 1383 Epistola
923 1279 983 1364 36.

215 1434 426 1502 hormisdae
449 1449 560 1519 papae
581 1432 625 1499 ad
647 1431 872 1500 Dorotheum
894 1434 1099 1518 episcopum
1118 1434 1479 1503 Thessalonicensem.
1493 1464 1517 1503 a.
1531 1453 1581 1502 arr
1593 1447 1619 1526 e.

168 1578 204 1629 la.
434 1576 475 1626 Ne
491 1574 631 1627 dolensem
647 1572 851 1640 Nicopolitana
867 1576 936 1626 ultra
950 1574 1083 1638 facessere
1097 1561 1255 1641 praesuret.
1493 1523 1524 1571 12
1533 1515 1620 1586 Αἰπὺ

367 1707 578 1775 Hormisda
601 1709 809 1794 episcopus
831 1707 1032 1774 Dorotheo
1062 1709 1248 1795 episcopo
1269 1708 1481 1775 Thessalo·

460 1810 628 1875 nicensi.

303 1933 330 1995 1.
374 1929 541 1995 lohannes
566 1930 669 1995 frater
700 1935 733 1996 et
762 1930 966 2016 coepiscopus
998 1951 1087 1995 meus
1117 1928 1362 2016 Nicopolitunae
1394 1932 1481 1997 urbis

216 2033 352 2098 antistes
381 2053 453 2097 cum
475 2031 596 2116 synodo
622 2054 680 2096 sua
707 2032 804 2097 variis
833 2054 867 2096 se
896 2032 1157 2098 concussionibus
1185 2035 1280 2118 atque
1308 2034 1482 2119 dispendiis

216 2136 359 2222 gravitm
386 2136 536 2199 causatur
563 2133 682 2221 affligi,
714 2134 798 2220 quod
826 2157 845 2199 a
874 2137 1148 2220 transgressorum
1175 2135 1328 2200 societate
1350 2135 1481 2220 divisus,

215 2241 386 2324 postquam
408 2236 663 2302 communionem
685 2237 977 2322 sedisapostolicae
997 2238 1142 2320 emeruit,
1165 2238 1206 2302 ad
1219 2236 1482 2303 Thessalonicen-

215 2339 299 2406 sium
326 2339 493 2405 ecclesiam
521 2338 731 2404 ordinationis
759 2361 835 2404 suae
862 2338 1015 2426 indicia¹)
1043 2361 1111 2405 non
1142 2339 1268 2405 direxit.
1322 2338 1484 2416 Potuisset

215 2443 383 2529 neglectus
404 2440 458 2506 hic
480 2462 548 2506 esse
571 2441 755 2526 culpabilis,
783 2443 811 2507 si
832 2463 932 2508 unum
954 2445 1037 2507 esset
1058 2442 1144 2507 inter
1165 2463 1275 2508 omnes
1295 2443 1483 2527 mysterium

216 2544 372 2610 maris.
409 2545 456 2608 At
477 2566 575 2629 quum
595 2543 689 2610 multi
715 2566 749 2608 se
770 2566 790 2608 a
811 2548 921 2628 petrae
941 2543 1039 2628 illius,
1063 2565 1144 2630 quae
1159 2543 1305 2612 Christus
1328 2547 1387 2628 est,
1410 2545 1483 2612 soli·

216 2644 318 2713 ditate
339 2645 524 2730 diviserint,
547 2647 619 2731 quis
640 2668 707 2711 non
729 2646 807 2711 velit
829 2646 870 2711 ab
892 2647 1069 2712 errantium
1091 2645 1318 2730 conjunctione
1332 2646 1481 2732 discerni,

214 2752 253 2815 ut
272 2751 434 2814 mereatur
456 2771 529 2814 oum
549 2749 599 2814 his
621 2748 676 2833 qui
698 2748 880 2813 consistunt
900 2748 935 2813 in
957 2749 1094 2814 veritate
1116 2747 1295 2834 conjungi?
1326 2746 1401 2813 Non
1422 2749 1483 2834 igi-

214 2855 269 2917 tur
291 2850 485 2916 consuetudo
507 2854 557 2916 est
578 2851 737 2937 neglecta,
760 2849 816 2915 sed
837 2850 941 2914 vitata
956 2851 1117 2936 contagia.
1155 2851 1244 2936 Ergo
1259 2850 1398 2934 objicere
1412 2851 1483 2937 quis

214 2954 317 3041 possit
339 2974 494 3037 errorem,
531 2954 587 3018 ubi
609 2954 784 3038 cogitatam
812 2951 983 3018 salubriter
1009 2953 1165 3038 intelligit
1191 2953 1396 3018 cautionem?
1438 2956 1484 3018 At

215 3079 291 3141 nos,
320 3056 404 3141 quod
426 3055 581 3120 debueras
602 3055 724 3140 primus
753 3075 929 3138 assumere,
960 3055 1165 3121 credebamus
1192 3058 1226 3120 te
1252 3055 1342 3140 sequi
1369 3056 1485 3121 saltem

214 3163 290 3246 post
311 3158 416 3225 aliena
439 3159 584 3244 exempla
605 3158 757 3242 potuisse.
801 3156 876 3222 Non
905 3157 1026 3223 sufficit
1051 3158 1088 3222 in
1113 3158 1257 3243 lapsibus
1284 3178 1390 3242 mora,
1420 3159 1485 3224 nisi

215 3262 257 3327 ad
278 3259 537 3346 reprehensionis
561 3260 721 3325 cumulum
744 3259 829 3326 circa
850 3281 905 3324 eos
927 3281 1067 3344 quoque,
1091 3260 1146 3344 qui
1168 3259 1315 3325 adriam
1337 3261 1482 3346 redeunt,

216 3363 350 3429 accedat
371 3362 518 3427 invidia?
554 3361 636 3438 Quid
657 3362 755 3446 aliud,
778 3384 874 3447 quam
895 3361 983 3426 beati
997 3360 1097 3445 Petri,
1120 3361 1205 3446 quod
1226 3362 1296 3427 sine
1317 3362 1504 3447 impietate

215 3466 279 3532 dici
300 3487 367 3531 non
389 3468 510 3551 potest,
534 3466 640 3549 ipsum
662 3465 745 3549 quod
774 3487 792 3528 a
814 3463 952 3528 Domino
980 3463 1091 3528 datum
1118 3467 1167 3528 est
1196 3485 1314 3530 nomen
1335 3465 1482 3548 oderrmt,

216 3568 270 3654 qui
292 3589 345 3633 eos
367 3568 422 3653 qui
445 3567 485 3631 ad
507 3567 591 3632 sedis
612 3567 714 3652 ipsius
738 3566 854 3631 altaria
877 3565 1070 3652 confugiunt
1089 3565 1326 3651 insequuntur?

300 3669 332 3734 2.
367 3668 438 3745 Quo
459 3669 590 3754 pudore,
613 3689 702 3754 rogo,
725 3668 894 3755 privilegia
917 3668 1002 3734 circa
1022 3671 1056 3732 te
1077 3668 1205 3733 illorum
1220 3690 1349 3735 manere
1364 3670 1484 3735 deside·

214 3795 285 3857 ras,
308 3793 443 3857 quorum
463 3771 617 3836 mandata
638 3793 704 3836 non
726 3793 848 3856 servas,
877 3774 911 3837 et
928 3770 1141 3836 reverentiam
1161 3793 1257 3856 quam
1272 3793 1338 3837 non
1354 3758 1484 3837 exhibes

215 3874 307 3957 fidei,
337 3873 427 3958 cupis
454 3873 514 3938 tibi
542 3873 602 3938 sub
629 3874 846 3939 ecclesiastica
873 3875 1033 3959 potestate
1060 3872 1202 3937 deferri?
1244 3871 1278 3939 si
1308 3873 1343 3938 in
1371 3873 1483 3939 iisdem

214 3976 377 4063 vestigiis,
400 3975 515 4061 quibus
539 3975 690 4041 catholici
711 3977 874 4059 nituntur,
898 3975 1079 4057 insisteres,
1108 3974 1352 4040 insectationem
1373 3979 1484 4040 tamen

215 4078 353 4166 proximi
375 4078 477 4143 vitare
499 4078 641 4162 deberes,
664 4079 769 4143 sciens
791 4077 964 4143 secundum
978 4075 1109 4141 Domini
1131 4079 1233 4143 nostri
1248 4081 1281 4143 et
1296 4077 1482 4161 Salvatoris,

215 4203 312 4268 quem
334 4181 476 4264 colimus,
500 4180 651 4245 instituta
673 4202 755 4263 eum,
783 4180 837 4264 qui
860 4178 1126 4245 scandalizaverit
1148 4201 1247 4244 unum
1269 4181 1308 4245 de
1330 4179 1481 4262 minimis,
1495 4198 1595 4257 Marah,

215 4282 390 4349 obnoxium
410 4283 539 4368 magnis
561 4304 631 4348 esse
652 4283 804 4367 peccatis.
848 4281 913 4348 Ubi
935 4284 993 4365 est,
1017 4280 1163 4364 Domine,
1187 4280 1361 4364 humilitas,
1388 4303 1483 4366 quarn
1497 4273 1579 4389 isg'i's
1581 4353 1600 4404 q

215 4386 277 4451 sub
312 4385 480 4451 occasione
515 4384 743 4470 discipulorum
775 4388 903 4449 tuorum
936 4383 1128 4449 certantium
1161 4383 1200 4448 de
1231 4383 1290 4447 loci
1329 4382 1483 4467 qualitate
1530 4377 1536 4402 ’
1601 4378 1607 4389 ’

284 4571 367 4638 prta
384 4570 429 4626 (3¹.
464 4571 520 4625 Alii
538 4571 627 4627 omitt.
646 4591 695 4641 per
715 4577 850 4626 Pallionem
867 4575 1053 4628 subdiaconem.

216 4662 251 4712 36
286 4660 307 4725 ¹)
324 4655 375 4711 Ed.
393 4662 475 4711 initia.
510 4656 576 4711 Mox
592 4656 611 4710 b
630 4664 757 4725 replerier
773 4662 811 4710 stc
829 4675 891 4716 esre.
911 4655 945 4710 al.
965 4655 1054 4710 omitt.
1068 4661 1116 4714 bic.
1146 4656 1211 4711 Ideo
1229 4656 1322 4710 autem
1337 4652 1482 4723 culpabilis

216 4741 314 4796 fuisset
330 4739 354 4795 is
370 4741 526 4812 neglectus,
545 4741 624 4811 qnia,
642 4744 674 4796 ut
692 4741 837 4796 constituit
852 4741 909 4796 Leo
928 4741 1007 4812 epist.
1023 4747 1055 4795 14
1073 4758 1095 4796 c.
1109 4748 1137 4807 6,
1159 4739 1364 4812 provinciarum
1380 4737 1484 4807 lllyrici

217 4824 427 4896 metropolitani
450 4826 559 4882 nonnisi
582 4845 643 4883 cum
662 4825 913 4884 Thessalonicensis
935 4813 1068 4884 andsbtis
1089 4826 1191 4884 notitia
1209 4828 1238 4882 et
1258 4840 1393 4880 consensu
1411 4821 1483 4878 ordi·

217 4909 303 4966 nandi
320 4913 407 4967 erant.
