3450 5678
300 126 363 193 398
775 139 802 188 s.
819 138 960 188 causan
982 138 1097 187 aaran

191 312 286 363 asso.
299 297 374 363 stoli
392 295 515 381 judicio
538 294 705 360 confutare
727 287 887 379 ‹lespexit3
919 296 953 358 et
979 296 1017 357 ut
1045 315 1174 358 eausam
1201 292 1339 379 dicaret,
1367 313 1425 363 seu
1446 314 1509 379 per
1530 314 1583 379 ae,

301 399 404 486 seu³⁶)
432 422 490 484 per
518 398 718 463 summissam
746 418 932 481 personam,
965 395 1013 460 vel
1037 396 1146 461 venire
1175 397 1225 460 vel
1247 395 1410 461 destinare
1431 400 1584 462 contem·

300 501 381 587 psit:
409 501 579 587 indignum
602 501 723 564 habens
748 499 918 583 cujuslibet
945 498 1085 562 civitatis
1107 499 1254 583 antistes,
1278 498 1317 564 ad
1340 498 1467 583 primae
1489 498 1584 565 sedis

300 603 594 688 venirejudiaium,
618 603 657 666 ad
680 600 762 686 quod
786 601 943 665 secundae
965 601 1049 665 sedis
1073 605 1218 665 cerneret
1232 602 1359 666 venisse
1374 602 1581 687 pontificem,

300 706 383 791 quod
403 705 576 770 Anatolius
599 703 977 787 Constantinopolitanae
999 704 1088 768 urbis
1110 705 1278 790 episcopus
1303 704 1409 769 missis
1437 705 1582 792 legatio

301 809 395 891 nibus
422 830 481 894 pro
509 830 567 872 sua
594 828 731 892 persona
754 805 917 890 fecisae³⁶)
945 806 1166 871 monstratur?
1208 805 1294 871 Eece
1322 807 1421 871 etiam
1449 806 1486 872 in
1514 807 1582 873 liae

300 914 392 996 parte
413 931 523 976 vocem
546 909 659 994 non37)
687 909 786 973 habet
813 909 1048 993 conquerentis.
1093 907 1196 992 Ecce,
1225 908 1374 993 inquam,
1403 908 1443 973 ad
1467 909 1581 995 legiti-

300 1035 387 1077 mum
409 1017 459 1078 est
480 1017 610 1078 vocatus
634 1032 784 1094 examen,
818 1012 873 1075 ubi
902 1010 952 1075 vel
975 1032 1048 1075 arias
1071 1013 1179 1094 partes
1203 1010 1302 1094 justis
1323 1010 1582 1097 allegationibus

300 1115 492 1180 defensaret.
543 1115 576 1180 Si
605 1113 661 1179 ille
689 1112 884 1198 apostolicae
916 1113 1000 1179 sedis
1033 1112 1154 1198 refugit
1184 1133 1316 1178 examen
1350 1113 1581 1181 inlohannia

301 1218 451 1283 catholici
473 1217 636 1302 pontificis
658 1216 789 1303 negotio
812 1215 1011 1302 vestigando,
1040 1214 1305 1300 quemadmodum
1334 1216 1425 1281 sedes
1447 1222 1581 1302 aposto

300 1320 362 1385 lica
390 1320 429 1385 de
460 1320 644 1406 receptione
672 1318 760 1382 Petri
793 1318 947 1383 haeretici
980 1342 1037 1383 sua
1070 1318 1264 1383 auctoritate
1297 1317 1429 1384 resoluti
1458 1321 1581 1387 Aeacii

298 1422 406 1488 fuerat
426 1427 575 1488 secutura
593 1422 775 1507 judicium?
812 1422 864 1485 An
887 1421 994 1486 sedem
1016 1420 1226 1506 apostolicam
1248 1422 1449 1507 congruebat
1463 1444 1580 1508 paros

301 1527 369 1590 ciac
391 1524 609 1591 Heracliensis
632 1525 795 1609 ecclesiae,
825 1525 857 1588 id
879 1529 929 1589 est
951 1524 1301 1608 mmtannnopoliani
1324 1526 1502 1611 pontificis,
1526 1527 1580 1593 vel

300 1628 516 1714 quorumlibet
538 1629 684 1711 aliorum,
714 1628 768 1711 qui
792 1650 864 1691 cum
887 1627 997 1692 eodem
1026 1627 1075 1692 vel
1097 1630 1230 1711 propter
1251 1648 1323 1691 eum
1345 1627 1479 1693 fuerant
1500 1651 1579 1695 eon·

300 1731 473 1816 gregandi,
506 1731 662 1815 judicium
686 1730 890 1814 praestolari,
921 1729 1065 1815 quum-ll)
1095 1728 1289 1813 apostolicae
1316 1728 1422 1794 idest
1448 1732 1580 1816 primae

203 1876 208 1886 ·
300 1833 384 1898 sedis
417 1832 622 1897 audientiam·
647 1832 1024 1917 Constantinopolitanae
1059 1832 1227 1915 episeopus
1259 1830 1462 1897 declinaret?
1511 1834 1580 1912 Qui

299 1935 409 2021 utique
431 1936 556 2000 etiamsi
578 1935 817 2019 metropolitani
841 1939 924 1999 esset
942 1935 1015 2018 jure
1037 1934 1195 2017 suffultus,
1224 1934 1349 1999 etiamsi
1371 1933 1460 2001 inter
1481 1937 1579 2003 sedes

299 2037 434 2102 haberet
455 2037 569 2122 locum,
600 2038 722 2123 primae
744 2042 852 2102 tamen
881 2037 965 2101 sedis
988 2037 1204 2122 cognitionem
1226 2036 1278 2100 las
1299 2058 1364 2102 non
1386 2036 1506 2105 habuit
1527 2060 1580 2105 re-

299 2137 443 2223 futandi,
475 2141 515 2204 ad
537 2163 633 2225 quam
661 2139 836 2205 secundum
859 2161 997 2204 canones
1020 2139 1205 2224 appellante
1228 2139 1387 2205 secundae
1407 2140 1497 2206 aedis
1518 2163 1578 2208 an·

299 2242 412 2326 tiatite,
441 2243 617 2307 vocabatur
638 2244 678 2307 ad
701 2246 881 2313 nostrorum
889 2244 929 2328 ³⁹)
960 2264 1098 2306 eausam.
1144 2240 1215 2306 Hoc
1237 2243 1307 2327 ipso
1328 2243 1408 2307 sads
1429 2244 1579 2311 ostendit

290 2360 388 2408 'reum
404 2367 438 2409 se
453 2367 522 2411 esse
538 2345 729 2430 consessum,
753 2347 808 2431 qui
831 2346 871 2410 ad
894 2345 1074 2430 legitimum
1092 2344 1249 2428 judicium
1263 2344 1447 2430 postulatus
1461 2347 1578 2413 adesse

301 2449 509 2532 contempsit,
532 2470 592 2512 nec
614 2452 742 2533 poterat
764 2448 849 2512 ultra
871 2448 1001 2530 differri,
1029 2470 1080 2531 ne,
1104 2448 1189 2511 sicut
1210 2447 1331 2512 dictum
1352 2452 1413 2531 est,
1437 2451 1578 2537 antiqua

301 2548 385 2613 illius
405 2551 627 2614 communione
649 2551 796 2633 durante,
820 2573 916 2635 quum
939 2572 1008 2614 sese
1026 2551 1095 2634 jam
1118 2550 1272 2614 sociasset
1292 2554 1458 2635 externae,
1481 2552 1577 2619 sedes

300 2673 423 2737 quoque
445 2651 621 2737 apostoliea
643 2675 700 2736 per
722 2675 793 2718 euni
809 2654 1004 2737 pollueretur
1020 2653 1178 2737 contagiis
1194 2651 1404 2737 perfidorumy
1421 2653 1576 2741 dignum·

300 2775 360 2838 que
383 2758 477 2838 esset,
506 2755 555 2819 vel
578 2756 831 2839 praevieatorem
854 2756 903 2820 vel
927 2758 1179 2838 contemptorem
1202 2754 1315 2838 judieii
1345 2757 1574 2841 competentia,

300 2857 562 2922 manifestissime
583 2857 708 2921 scilicet
729 2859 768 2921 de
778 2870 847 2922 ¹'suo
863 2859 993 2943 negotio
1007 2857 1242 2942 desperantem,
1266 2856 1462 2924 acatholica
1475 2862 1575 2946 atque

301 2960 477 3044 apostolica
504 2959 692 3044 integritate
726 2962 759 3022 et
791 2960 1013 3024 communione
1041 2960 1171 3025 secludi.
1228 2959 1291 3025 Hie
1318 2960 1346 3026 si
1375 2960 1574 3027 examinatio

367 3184 400 3250 ⁸³)
419 3180 464 3236 Sic
482 3199 544 3235 mss.
565 3179 725 3252 (Q1Q2a1).
762 3184 800 3236 nt
818 3181 885 3236 editi
903 3203 948 3237 rea
965 3203 1015 3252 per
1031 3188 1106 3237 alian
1122 3190 1169 3240 ael.
1204 3182 1271 3238 Mox
1287 3183 1414 3238 consulto
1432 3182 1476 3239 ait
1491 3182 1574 3241 (lela-

300 3266 357 3320 sius
367 3271 502 3336 cujuslibet
519 3273 589 3322 sedis
606 3277 725 3331 andater,
744 3270 894 3337 propterea
912 3268 987 3336 qnod
999 3269 1125 3340 superius
1137 3269 1310 3338 objiciebant
1325 3276 1469 3341 praecipue
1485 3276 1574 3341 poari-

296 3358 369 3419 ficem
386 3358 474 3421 sepiae
490 3358 606 3408 dolrada

367 3438 399 3505 ⁸⁸)
418 3434 470 3502 Qui
492 3437 595 3492 scilicet
612 3438 711 3493 Leonis
734 3439 854 3509 epistola
875 3447 909 3494 tt
932 3439 967 3494 ad
990 3438 1177 3494 Theodosium
1198 3439 1390 3510 praemonitus
1412 3438 1441 3494 ei
1463 3456 1573 3497 morem

300 3521 400 3590 gessit,
417 3522 459 3576 uti
477 3522 558 3577 tidem
576 3522 644 3578 saeit
661 3523 785 3593 ejusdem
805 3525 923 3595 epistola
940 3533 980 3580 80.

369 3610 401 3678 π)
419 3608 463 3662 lta
480 3608 514 3663 G'
529 3606 561 3674 Q'
576 3608 619 3674 θ’.
650 3608 725 3662 Editi
749 3630 799 3664 non
822 3614 914 3666 tabent
935 3623 1128 3683 conquerentes.
1160 3611 1289 3667 certast
1310 3626 1383 3689 quae
1399 3608 1575 3667 mussant

300 3696 329 3745 et
352 3709 424 3763 quae
447 3697 611 3761 seqrumtur,
634 3694 669 3749 de
691 3712 746 3749 uno
768 3696 869 3751 Aeaeio
893 3714 1049 3751 sermonem
1072 3713 1131 3752 esse
1153 3696 1286 3752 indicant.
1325 3694 1415 3749 Simili
1438 3694 1576 3765 loquendi

299 3779 408 3834 ratione
426 3796 458 3833 cx
472 3780 670 3848 jureconsultis
687 3781 779 3850 petita
795 3782 915 3851 synodus
927 3782 1055 3836 Rorrrana
1070 3782 1145 3853 apud
1158 3781 1355 3852 Symmachum
1371 3780 1454 3851 epist.
1466 3786 1484 3835 t
1496 3799 1526 3837 a.
1541 3788 1575 3839 18

299 3865 439 3932 permittit
460 3885 543 3921 omem
566 3860 776 3922 contradictionis
800 3873 910 3937 afferre,
934 3871 964 3923 et
981 3867 1125 3922 concilium
1144 3866 1364 3936 carthaginense
1380 3864 1406 3921 V
1424 3883 1447 3921 α
1463 3872 1497 3922 12
1516 3868 1575 3925 rh·

299 3949 366 4016 tuit,
389 3952 421 4003 ut
441 3957 485 4020 qai
501 3956 570 4005 lutra
587 3971 677 4005 marim
695 3972 882 4009 scaranensem
899 3975 1012 4024 purpose
1029 3959 1239 4022 matenpsen‘at,
1259 3960 1327 4007 asilo
1344 3971 1430 4007 eom
1446 3971 1503 4009 m
1519 3974 1575 4024 po·

298 4047 356 4090 elea
371 4041 472 4105 penitae
489 4041 622 4097 audiatur,
641 4034 694 4090 hoe
712 4038 767 4105 est,
786 4038 871 4092 assisis
890 4038 1107 4109 interpellationi
1125 4038 1217 4092 aditus
1235 4037 1405 4093 excludatur.
1436 4033 1514 4093 vida
1525 4038 1576 4097 Ja-

299 4119 362 4175 han.
377 4120 402 4173 Il
420 4119 499 4190 epist.
516 4127 537 4174 1.

366 4207 399 4276 ⁸⁸)
418 4205 492 4259 Editi
514 4226 567 4261 cam
590 4213 755 4276 apostolicam
777 4214 1009 4280 ejusdenprtaae
1087 4217 1162 4266 etiam
1182 4216 1251 4265 inter
1271 4215 1360 4277 aeder,
1383 4208 1579 4269 emendantur

300 4306 332 4345 ex
349 4308 413 4346 mse.

367 4381 399 4447 ³⁹)
418 4376 489 4444 Quia
506 4392 561 4431 non
573 4376 662 4433 solum
675 4396 704 4432 se
717 4379 834 4435 Aeacius
845 4380 894 4435 sed
906 4383 936 4435 et
953 4381 1123 4450 apostolieae
1141 4381 1214 4437 sedis
1230 4381 1341 4451 legatos
1352 4381 1430 4437 Petri
1442 4380 1577 4440 dammis·

299 4463 491 4517 communione
504 4464 754 4532 contaminaverat,
773 4482 805 4520 ae
824 4466 858 4520 de
870 4467 956 4520 Marci
968 4483 1136 4531 successore,
1155 4467 1233 4537 eujus
1251 4484 1351 4522 causae
1362 4465 1400 4521 ad
1410 4465 1578 4525 Romanum

299 4547 452 4602 antisfitem
469 4549 628 4618 specialiter
648 4549 840 4620 pertinebant,
863 4551 1029 4621 disceptatio
1046 4555 1119 4619 erat,
1141 4552 1205 4606 ideo
1224 4552 1326 4607 dixisse
1343 4550 1456 4609 videtur
1471 4560 1515 4611 cd
1530 4576 1579 4611 aa·

298 4643 408 4688 atrorum
425 4654 534 4689 ramam.
569 4634 640 4689 Vide
662 4635 728 4689 Julii
751 4636 898 4705 epistolam
920 4644 929 4691 l
951 4656 976 4692 n.
996 4644 1020 4693 ἓ.
1061 4638 1125 4693 Mox
1144 4637 1213 4692 editi
1235 4643 1271 4693 ad
1292 4643 1425 4707 reptem
1442 4642 1578 4705 Μὼι

299 4724 458 4785 apostolatus
475 4726 582 4780 adesam·
600 4720 681 4786 (1¹0¹
701 4719 848 4791 sequimur.
