3450 5678
726 334 899 383 siusuoun
923 323 994 384 141.
1429 320 1492 388 975

219 485 311 561 οὕτω
332 488 410 570 περὶ
431 483 511 564 τούς
526 487 637 565 ἱκέτας
652 492 692 573 τῇ
708 492 831 571 φιλαν-
883 489 949 571 his,
981 488 1095 573 quibus
1123 510 1180 574 pro
1202 488 1367 557 Ecclesiae
1388 492 1530 560 redin-a.
1544 513 1601 562 οτι.

217 592 356 676 θρωπίρι
384 587 637 674 ἀπαλάνεσθαι,
667 590 724 655 ἵνα
754 588 833 666 τοὺς
883 590 1065 676 tegratione
1088 592 1264 657 consulitur
1291 597 1324 657 et
1349 596 1493 679 provide·

219 692 259 758 έν
286 696 333 778 τῷ
361 695 430 759 τῶν
459 692 640 776 αἱρετικῶν
672 692 833 777 μιάσματι
884 697 953 777 tur,
978 693 1143 778 excludam
1172 715 1233 759 nee
1256 695 1341 761 enim
1365 698 1494 781 expedit

218 794 455 879 ἐπιμένοντας,
489 793 511 880 d
538 795 698 879 τούτους,
733 797 769 860 οἳ
792 790 830 859 τὸ
883 796 967 862 eirea
999 795 1058 860 hos
1089 796 1341 863 ecelesiasticam
1372 804 1493 886 tempe-

217 893 417 963 ἀνεύθυνον
439 894 683 982 ἀποκρίνονται
700 896 757 962 καλ
771 919 831 981 με·
883 920 953 964 rors
977 919 1155 964 censuram.
1192 898 1267 964 Nou
1290 901 1376 966 enim
1398 908 1494 969 erunt

216 994 259 1065 τά
281 1002 350 1064 τῶν
371 995 544 1084 ἡμετέρων
565 998 654 1085 μόνη
675 1003 715 1084 τή
732 1001 831 1083 φωνῇ
882 999 1097 1065 miserationis
1139 1001 1225 1066 bona
1271 1024 1330 1086 pro
1373 1034 1492 1094 eorum,

217 1105 485 1185 συμφωνοῦσιν,
515 1099 581 1167 άπό
604 1100 752 1184 τούτων,
781 1090 831 1165 οἷν
883 1102 998 1186 quibus
1024 1102 1147 1166 consuli
1175 1105 1317 1200 oportet,
1354 1114 1494 1180 necessi.

216 1199 305 1288 ὑπὲρ
340 1206 401 1288 τῆς
435 1200 737 1280 ἀποκαταστάσεως
773 1207 831 1286 τῆς
882 1206 950 1271 tate
974 1203 1104 1287 collatu,
1128 1205 1155 1268 si
1178 1203 1349 1270 indiscrete
1370 1203 1493 1267 fuerint

218 1304 400 1389 ἐκκλησίας
427 1305 568 1389 φροντίς
601 1305 659 1372 καί
686 1303 830 1388 πρόνοιά
882 1307 975 1372 bonis
998 1307 1153 1391 malisque
1175 1307 1366 1372 communia.

218 1407 326 1490 ἐστιν,
349 1403 416 1472 ἀπὸ
438 1411 497 1492 τῆς
513 1408 703 1491 ἐκκλησίας.
740 1401 830 1472 Οὐδὲ

215 1500 282 1594 γὰρ
293 1512 452 1575 συντελεῖ
465 1509 543 1594 περὶ
554 1509 695 1586 τούτους
708 1508 831 1597 ἐκκλη-

218 1607 395 1694 σιαστιιιήν
405 1610 547 1694 κεράσαι
558 1607 756 1695 αὐστηρίαν.
779 1607 831 1674 Οά

215 1708 282 1798 γὰρ
305 1715 398 1780 ἔσται
421 1708 542 1778 λοιπὸν
568 1716 629 1777 τοῦ
653 1712 769 1789 ἐλέους
789 1708 830 1776 τά

215 1811 331 1898 ἀγαθά
352 1814 409 1881 did
430 1812 493 1899 τήν
511 1819 580 1879 τῶν
595 1818 830 1898 προνοηθῆναι

215 1913 428 2000 ὀφειλόντων
441 1914 593 2001 ἀνάγκην
603 1914 829 2000 συναχθέντα,

216 2015 279 2085 έάν
301 2020 482 2104 διακρίτως
504 2021 639 2084 ἔσονται
654 2010 753 2083 κοινά
767 2041 830 2082 κα-

215 2122 289 2198 λοῖς
311 2122 368 2186 καλ
390 2131 517 2196 κακοῖς.

256 2223 289 2289 ὃ.
324 2223 391 2289 Καὶ
413 2223 530 2308 ἐπειδὴ
552 2226 622 2287 τῶν
638 2220 827 2308 Ἱεροσολν-
921 2225 953 2288 5.
998 2223 1043 2288 Et
1078 2224 1152 2309 quis
1184 2222 1489 2308 Hierosolymitnno·

214 2328 322 2409 μιτολν
344 2321 468 2410 ὁμοίως
496 2324 705 2409 ποιήσασθαι
733 2320 827 2410 ςάήθη
880 2347 950 2391 rum
977 2327 1148 2412 quoquest)
1181 2326 1364 2391 faciendum
1392 2328 1490 2393 oredi-

215 2425 256 2491 έν
270 2436 341 2504 τοῖς
355 2428 491 2505 οίκείοις
505 2426 677 2512 γράμμασι
692 2425 827 2510 μνήμην
879 2428 927 2494 dit
947 2428 1066 2493 litteris
1088 2428 1152 2492 suis
1174 2431 1231 2493 tus
1253 2428 1381 2494 dileetio
1400 2451 1488 2495 msu—
1500 2429 1543 2480 ΕΡ·
1559 2417 1607 2535 ¹23⁶

214 2525 303 2612 ἡσή
326 2526 457 2613 ἀγάπη,
484 2519 534 2594 ἀν
556 2530 613 2593 καλ
636 2525 721 2611 πρὸς
742 2524 827 2610 ἡμᾶς
878 2531 1015 2613 tionem,
1057 2550 1191 2614 quorum
1224 2530 1321 2595 etism
1357 2530 1397 2594 od
1430 2553 1488 2594 nos
1523 2498 1549 2532 n.
1579 2522 1584 2532 ’

212 2627 341 2714 ἠνέχθη
367 2654 417 2708 τις
438 2627 611 2716 ὁμολογία,
640 2629 828 2711 ἀναγκαῖον
879 2631 1035 2716 quaedam
1076 2631 1183 2696 deletu
1229 2632 1385 2715 professio
1427 2635 1487 2714 est,
1501 2630 1543 2735 Ἣ·
1559 2621 1607 2736 ἔῃ

212 2728 429 2816 ἡγησάμεθα,
463 2733 520 2799 καλ
556 2729 752 2814 ἀναγνῶναι
785 2727 826 2793 τά
877 2733 1094 2799 necessarium
1116 2733 1279 2816 duximus,
1306 2734 1357 2798 vel
1380 2755 1488 2798 reesn-
1544 2724 1549 2735 “
1578 2725 1584 2735 ’

213 2833 388 2918 γραφέντα
422 2831 479 2900 καί
506 2832 757 2919 ἀποκρίνασθαι
785 2827 826 2895 τά
878 2857 947 2901 sere
974 2857 1055 2919 quae
1087 2835 1209 2919 scripto
1236 2837 1329 2920 sunt,
1364 2835 1413 2900 vol
1441 2855 1489 2900 re-

214 2936 406 3021 πρόσφορα.
441 2937 486 3002 Οἳ
498 2959 588 3012 τινες
610 2937 658 3013 είς
679 2933 736 3010 τάς
758 2937 827 2998 τῶν
878 2937 1034 3021 spondere
1063 2958 1144 3022 quae
1173 2958 1326 3022 congrua.
1371 2935 1432 3012 Qui
1460 2936 1488 3001 si

213 3035 322 3120 ἀγίων
343 3038 499 3121 πατέρων
521 3036 744 3113 διατυπώσας
758 3059 827 3115 φυ-
878 3044 1061 3105 sanctorum
1083 3043 1213 3124 patrum
1239 3039 1414 3104 constituto
1436 3061 1488 3103 cu-

213 3139 408 3224 λάττονσιν,
421 3141 452 3205 εί
466 3141 598 3224 ἐκείνης
611 3143 670 3224 τῆς
685 3141 827 3212 πίστεως
877 3142 1036 3225 stodiunt,
1060 3142 1088 3206 si
1110 3141 1167 3206 ills
1188 3141 1262 3207 fidei
1276 3141 1489 3206 fundamenta

213 3240 294 3320 τούς
307 3245 488 3327 θεμελίους
502 3242 670 3325 σέβονται,
688 3239 745 3306 καὶ
760 3235 826 3304 ἀπὸ
877 3247 1087 3325 venerantur,
1126 3244 1167 3309 ab
1202 3243 1253 3308 his
1259 3293 1268 3328 ‚
1312 3265 1394 3328 quse
1430 3265 1488 3326 per

213 3343 346 3410 τούτων
368 3349 437 3410 τῶν
458 3341 504 3409 δι’
521 3340 635 3410 αὐτῶν
649 3345 711 3408 τοῦ
726 3338 826 3424 άγίον
878 3367 931 3411 eos
958 3349 1070 3411 saneto
1098 3344 1220 3430 Spiritu
1247 3347 1486 3430 compungente

213 3445 405 3531 πνεύματος
440 3446 714 3520 κατανύσσοντος
752 3443 824 3528 ὁρι-
877 3447 1010 3513 definita
1031 3451 1118 3530 sunt,
1140 3469 1209 3512 nou
1223 3448 1384 3513 recedent.
1419 3449 1488 3511 Aut

213 3547 370 3614 σθέντων
385 3544 449 3615 οὐκ
464 3546 757 3633 ἀναχωρήσουσιν.
782 3546 827 3611 Ei
877 3550 962 3615 onim
998 3549 1142 3634 perfecta
1182 3553 1274 3632 suut,
1318 3549 1413 3634 itu¹⁶)
1451 3552 1488 3613 ut

212 3650 279 3736 γάρ
303 3651 368 3715 εἰσι
390 3651 510 3734 τέλεια,
534 3648 648 3735 ὥσπερ
668 3649 745 3733 εἰσί,
768 3649 825 3714 καί
876 3656 962 3735 sunt,
986 3656 1020 3717 et
1041 3652 1221 3736 adjectione
1242 3673 1309 3715 nou
1324 3651 1484 3736 indigent,

213 3752 412 3838 προσθήκης
433 3751 475 3818 οὐ
498 3752 643 3837 δέονται,
672 3750 693 3837 ή
716 3754 826 3827 καλῶς
877 3758 932 3817 aut
964 3754 1047 3818 bene
1080 3755 1202 3838 valida,
1248 3755 1280 3816 et
1314 3753 1384 3817 ideo
1421 3774 1486 3817 non

212 3854 344 3938 βέβαια,
367 3855 424 3920 καί
447 3853 502 3920 διὰ
523 3859 623 3920 τοῦτο
644 3852 707 3921 οὐκ
722 3851 825 3920 άντα-
876 3857 1047 3921 mutanda:
1074 3856 1202 3941 quando
1229 3877 1288 3940 per
1314 3877 1351 3919 eu
1379 3855 1486 3919 omnia

213 3957 363 4042 μειπτέα,
387 3955 488 4023 ὁπότε
510 3955 555 4022 δι’
580 3954 694 4023 αὐτῶν
715 3956 825 4022 πάντα
875 3958 1109 4023 haeretieorum
1148 3979 1273 4022 venena
1305 3977 1487 4042 compressu

212 4055 255 4123 τά
276 4063 345 4124 τοῖν
367 4058 547 4144 αἱρετικοίν
562 4059 747 4144 θηλητήρια
762 4083 824 4124 κα-
875 4064 961 4129 sunt.
1011 4060 1080 4125 Nec
1112 4061 1285 4146 quidquam
1313 4059 1487 4125 Calchedo-

213 4166 394 4247 ταπιεσθή.
426 4159 518 4227 Odds'
537 4188 569 4227 τι
591 4158 611 4246 ἡ
635 4165 674 4228 ἐν
689 4166 824 4246 Χαλκη-
874 4161 985 4227 nensis
1008 4161 1157 4247 synodus,
1184 4162 1268 4246 quod
1291 4161 1369 4226 utile
1391 4182 1485 4247 quae-

213 4312 516 4321 -.———-—.--—.--

284 4387 314 4453 15)
332 4386 391 4440 a¹b
410 4403 468 4455 seq.
487 4404 584 4455 ηαοηαο
603 4387 718 4450 faciebat
739 4390 766 4438 ιἰι
784 4389 834 4438 tuis
851 4390 956 4443 litteris,
980 4383 1014 4438 (3¹
1035 4403 1132 4453 quoque
1153 4387 1299 4450 faciendam
1322 4387 1348 4436 in
1370 4386 1487 4436 ίνίοιενίι

212 4484 271 4534 ίαν,
289 4469 338 4525 Ji²
353 4477 500 4538 faciendam
517 4475 628 4524 credidit
645 4475 672 4523 ιἰι
690 4475 783 4523 {itteris
801 4480 852 4522 ίαα.
886 4468 951 4522 Mox
969 4470 1026 4536 βΓ
1040 4474 1158 4537 recipere
1176 4469 1238 4538 (pro
1255 4469 1410 4535 recensere).

283 4559 315 4626 ¹⁸)
332 4555 462 4611 Pluribus
481 4555 511 4609 in
529 4572 592 4610 mss.
613 4553 787 4608 desideratur
809 4559 847 4608 ita
865 4566 892 4607 ue
911 4565 981 4616 sunt,
1005 4553 1080 4622 quod
1101 4555 1196 4608 tumen
1214 4552 1243 4607 in
1260 4551 1313 4605 JO
1333 4554 1362 4605 et
1383 4566 1487 4620 graeco

213 4640 349 4697 additum.
389 4640 442 4696 Hic
461 4640 615 4695 occurritur
632 4638 947 4708 Hierosolymitauorum
966 4638 1139 4708 aliorumque
1160 4635 1328 4704 sententiae,
1351 4653 1408 4705 qus
1426 4635 1486 4690 Cal-

213 4726 395 4782 chedonensis
413 4725 511 4795 synodi
530 4725 717 4780 definitionem
736 4740 791 4778 non
810 4724 935 4778 sufficere
953 4724 1097 4790 volebant,
1115 4722 1168 4777 nisi
1186 4721 1268 4775 simul
1285 4722 1401 4791 quisquo
1414 4742 1487 4776 ααααι

213 4834 249 4867 επ
271 4815 396 4867 Τνλαίίαίε
413 4817 561 4879 erucifiaenm
578 4812 765 4880 profiteretur.
802 4809 874 4864 illud
891 4816 928 4864 ita
945 4822 972 4864 αλ
989 4822 1047 4863 snut
1064 4808 1093 4862 id
1111 4811 1165 4863 est:
1184 4819 1211 4862 αλ
1228 4815 1317 4877 τείρεα
1332 4819 1391 4862 ναοί
1403 4807 1483 4862 adeo-

213 4914 268 4966 que
286 4903 432 4966 adiectione
450 4917 500 4951 τιον
517 4902 638 4964 ίαιίῖμεαί.

1048 5098 1065 5137 ρ
