3412 5664
734 345 905 396 nersronn
931 338 960 394 1.
1163 322 1165 328 ’
1422 332 1483 398 291

215 516 284 564 non
310 499 625 582 communicaverant,
654 500 709 584 qui
731 500 900 565 Timotheo
928 500 1085 566 catholico
1114 501 1405 585 communicabant,
1435 525 1484 566 su·
1502 506 1536 569 (a.
1545 511 1594 559 488

217 602 350 685 pentite
374 605 406 666 et
436 624 474 667 eo
496 602 670 685 catholico,
699 624 795 687 quem
822 606 956 667 nossent
982 603 1163 688 legitimum
1189 604 1403 687 sacerdotem,
1434 604 1485 668 vel
1497 578 1600 640 ‘⁴⁸⁹'l

219 704 424 786 superducere
451 704 551 769 alium
578 704 630 769 vel
656 703 854 769 haereticum
882 727 1077 770 consecrare.
1123 705 1217 770 Unde
1249 711 1385 794 apparet
1412 728 1486 771 eum

220 803 258 868 ab
286 804 446 871 haereticis
467 805 663 889 ordinatum,
692 810 725 870 et
746 807 817 870 ideo
840 806 1017 872 catholicae
1041 808 1193 873 ecclesiae
1216 809 1397 892 praesidere
1419 831 1486 873 non

218 927 328 993 posse:
352 908 425 993 quia
453 928 583 993 prorsus
598 907 673 980 ,hoc
702 909 953 973 abominandum
981 910 1218 994 nefandumque
1237 911 1416 994 judicetur,
1449 916 1487 975 ut

218 1010 274 1097 qni
303 1010 345 1074 diu
364 1011 399 1075 in
421 1010 556 1095 perfidia
577 1011 779 1089 volutaverit,
804 1011 945 1076 fidelium
968 1013 1143 1077 cervicibus
1165 1013 1360 1096 imponatur.
1396 1013 1486 1088 Quod

217 1113 236 1178 ri
268 1111 456 1195 admittitur,
487 1114 594 1196 potest
615 1115 649 1177 et
670 1114 709 1177 de
731 1113 803 1178 aliis
825 1113 1010 1178 haeresibus
1038 1116 1158 1199 passim
1180 1115 1328 1179 similiter
1355 1118 1486 1199 quicun-

217 1236 288 1302 que
307 1214 451 1298 permitti,
482 1214 580 1299 quod'
597 1215 686 1279 nulla
709 1238 849 1300 unquam
877 1216 1039 1300 exempla,
1067 1216 1174 1280 nullae
1202 1219 1348 1301 regulae,
1379 1218 1487 1282 nullae

217 1319 312 1403 leges
329 1316 561 1381 ecclesiasticae
582 1318 752 1400 patiuntur
773 1318 905 1403 imponi.

309 1418 334 1483 8.
364 1417 437 1502 Sed,
459 1419 578 1504 inquis,
608 1442 679 1484 eum
702 1424 801 1498 samse
827 1433 1007 1486 correctum.
1053 1421 1203 1505 Interim,
1234 1426 1269 1486 ut
1296 1444 1394 1506 supra
1417 1422 1487 1504 jam

221 1521 426 1604 dictumest,
459 1523 522 1587 hoc
554 1523 624 1606 ipso
656 1523 853 1587 haereticum
884 1522 983 1586 fuisse
1016 1525 1220 1589 monstrabis.
1266 1523 1328 1599 Qui
1361 1525 1486 1588 etiamsi

225 1623 368 1687 damnem
387 1622 513 1688 haeresi
535 1646 569 1688 ee
592 1625 632 1688 ad
648 1625 742 1689 fidem
765 1625 957 1689 catholicam
979 1625 1096 1690 dicitur
1119 1627 1301 1709 contidisse,
1326 1626 1419 1690 subdi
1434 1626 1486 1691 de·

228 1723 303 1787 buit
317 1724 484 1809 catholicis,
508 1727 665 1811 aquibus
689 1731 849 1791 correctus
871 1732 930 1809 est,
955 1749 1021 1791 non
1044 1751 1202 1812 praeesse.
1237 1728 1313 1792 Non
1335 1732 1384 1792 est
1400 1730 1487 1793 enim

231 1823 389 1910 discipulus
410 1850 509 1913 supra
530 1829 731 1914 magistrum,
755 1829 896 1913 satisque
919 1833 998 1912 erat,
1027 1834 1064 1894 ut
1087 1831 1295 1895 correctionis
1315 1854 1391 1895 suae
1414 1833 1486 1896 sub

232 1923 326 2003 lecha
342 1930 507 2014 praeberet
529 1932 719 2016 exemplum,
743 1952 809 1996 non
831 1936 904 2016 post
925 1931 1111 1996 diuturnum
1133 1955 1272 1997 errorem
1294 1932 1487 2018 longamque

237 2026 396 2113 eamdam,
421 2037 446 2095 'a
472 2033 587 2117 quibus
616 2034 804 2099 emendatus
837 2037 887 2097 est
915 2038 1155 2120 correctusque,
1189 2035 1359 2099 dominari.
1405 2035 1487 2099 Tum
1569 2091 1575 2098 .

167 2194 177 2219 ,
237 2121 336 2196 deinde
353 2155 479 2219 quaero,
502 2134 579 2218 quid
601 2136 716 2200 erroris
739 2135 949 2219 damnaverit,
975 2137 1052 2221 quid
1074 2141 1182 2203 rectae
1198 2138 1408 2202 confessionis
1426 2137 1488 2201 ele-

235 2229 319 2314 Μ,
337 2241 369 2300 et
386 2258 485 2321 quam
507 2237 591 2320 petit
600 2239 636 2319 ¹²)
665 2260 734 2303 esse
761 2238 878 2302 falsam
900 2261 1036 2323 quamve
1057 2262 1205 2305 veracem
1232 2239 1337 2305 fidem.
1376 2239 1437 2316 Qui
1460 2241 1487 2304 si

234 2320 381 2402 definitam
401 2339 487 2424 apud
509 2338 743 2405 Calchedonem
765 2339 872 2404 fidem·
888 2346 921 2403 ct
952 2340 1143 2406 catholicam
1169 2343 1328 2427 sequitur,
1359 2365 1415 2407 cur
1442 2343 1488 2406 eis

231 2441 440 2524 ⁰⁰¹11municat,
469 2443 525 2526 qui
547 2442 681 2507 duarum
702 2446 891 2507 naturarum
913 2443 948 2506 in
971 2442 1099 2509 Christo
1120 2445 1305 2509 nullatenus
1327 2444 1489 2528 recipiunt

229 2532 407 2607 lenham?
429 2566 487 2608 eur
502 2543 700 2628 Dioscorum,
725 2567 781 2609 cur
795 2545 999 2609 Timotheum
1021 2546 1218 2611 haereticum
1240 2546 1369 2610 recitari
1383 2547 1489 2610 facit?

224 2644 278 2693 ⁰¹¹¹
301 2646 479 2730 quicunque
507 2646 582 2710 inde
610 2647 754 2729 veniunt,
784 2647 905 2731 synodo
934 2648 1186 2713 Calchedonensi
1215 2649 1348 2713 adversa
1379 2648 1488 2713 defen-

220 2722 309 2817 dunt
335 2747 448 2833 quibus
471 2747 585 2812 Petrus
607 2748 676 2813 sine
704 2748 905 2813 dubitatione
928 2750 1166 2814 communicat?
1198 2750 1232 2815 Si
1255 2754 1361 2815 autem
1384 2750 1488 2836 magis

217 2828 331 2913 mium
351 2849 446 2915 fidem
468 2860 577 2915 vetram
599 2873 668 2915 esse
690 2851 891 2935 pronuntiat,
916 2856 1051 2935 apparet
1073 2851 1162 2933 satia,
1187 2875 1282 2936 quam
1304 2852 1344 2916 de
1365 2873 1423 2915 suo
1446 2852 1488 2916 sit

213 2946 340 3016 “flore
360 2974 544 3018 conversus.

300 3053 332 3119 9.
365 3054 517 3120 Sed'non
538 3055 637 3120 miror
655 3060 831 3121 correctum
854 3056 927 3137 dici,
951 3078 1049 3139 quum
1063 3056 1099 3119 in
1114 3078 1172 3119 sua
1186 3057 1395 3139 perversitate
1417 3079 1487 3140 per-

210 3150 357 3241 ¹Queat,
379 3157 509 3243 qnando
530 3179 596 3222 non
619 3163 757 3242 constat,
781 3163 814 3222 et
836 3181 855 3221 a
877 3179 939 3241 quo
961 3158 1012 3222 vel
1028 3162 1189 3222 correctus
1211 3159 1311 3222 fuerit
1332 3160 1381 3223 vel
1400 3181 1487 3224 rece-

208 3244 303 3319 Ptufl·
340 3258 504 3344 Siquidem
525 3258 690 3325 Ecclesiae
711 3261 823 3346 regula
846 3264 999 3345 vetusque
1020 3260 1199 3346 traditioffi)
1220 3263 1300 3324 nota
1322 3261 1365 3325 sit
1387 3263 1487 3324 omni-

209 3334 293 3459 bun:
316 3360 530 3447 abepiscopo
552 3361 638 3426 enirn
660 3363 843 3447 provinciae
872 3385 959 3446 suae,
989 3363 1023 3427 id
1045 3367 1095 3428 est
1117 3363 1276 3427 secundae
1298 3362 1382 3426 sedis
1405 3364 1487 3453 anti—

212 3444 305 3542 ⁵⁵¹0,
326 3486 401 3529 eum
415 3464 467 3529 vel
481 3464 598 3530 discuti
612 3465 662 3530 vel
678 3465 779 3548 recipi
795 3465 1006 3529 convenisset.
1034 3456 1095 3540 th
1116 3468 1226 3529 tamen
1248 3465 1488 3530 Alexandrinus

215 3557 365 3649 mistas,
387 3567 515 3632 etiamsi
537 3568 698 3652 pravitate
719 3567 872 3632 damnata
894 3590 966 3632 eum
989 3567 1206 3651 recipiendum
1229 3589 1297 3631 esse
1315 3568 1486 3650 judicaret,

220 3664 283 3723 '¹⁰¹¹
318 3669 405 3753 prius
436 3669 498 3733 hoc
525 3670 661 3750 faceret,
697 3693 793 3754 quam
826 3670 865 3734 ad
894 3671 1000 3734 sedern
1029 3669 1237 3754 apostolicam
1267 3671 1437 3733 retulisset.
1450 3672 1488 3755 Η)

227 3784 497 3819 Ἁκῌψω...
508 3811 521 3817 -

167 3892 169 3939 !
287 3886 322 3957 ¹¹)
336 3889 431 3946 Malim
449 3896 567 3961 perierit,
585 3894 635 3946 eut
652 3891 746 3961 potios
762 3897 952 3960 praedicaverit
968 3892 1013 3946 vel
1029 3896 1165 3960 proferena
1179 3897 1267 3957 facerit.

291 3970 324 4041 Ι’1
339 3976 380 4031 lta
397 3993 495 4031 revera
512 3988 621 4032 cererem
638 3976 765 4031 ordinem
783 3977 865 4031 irrisse
882 3979 968 4032 metes
985 3980 1049 4031 sunt
1066 3995 1126 4031 can.
1141 3979 1230 4047 apost.
1245 3995 1267 4031 c.
1280 3983 1312 4031 13
1324 3979 1353 4031 et
1366 3986 1411 4044 33,
1430 3996 1488 4046 syn.

167 4088 169 4099 ·
205 4038 353 4115 llrbeffi
371 4062 704 4129 c53,Arelat.lc.1t.
736 4060 816 4128 Quod
833 4062 909 4116 idom
926 4062 1016 4117 innuit
1034 4060 1181 4115 concilium
1193 4060 1347 4116 Nicacnnm
1365 4080 1387 4118 c.
1402 4069 1417 4115 5
1435 4065 1489 4116 sta-

243 4136 318 4195 Μίτ
334 4150 370 4202 lle
386 4152 436 4209 aas,
455 4153 500 4218 qui
515 4154 683 4203 communione
700 4155 835 4217 privaretur
852 4168 896 4215 serr
914 4168 950 4202 ea
967 4155 1036 4201 clero
1053 4166 1098 4200 seu
1110 4167 1146 4200 ea
1163 4153 1228 4201 Iolco
1241 4152 1375 4202 ordinent
1392 4154 1490 4216 episco-

246 4224 274 4287 ll¹
290 4244 334 4291 Μ’
347 4253 542 4304 numquamque
563 4238 729 4302 procinctam.
752 4239 879 4288 sententio
896 4239 1022 4302 repuleris
1040 4227 1069 4303 (ἡ
1088 4227 1185 4303 γνώμη
1203 4228 1278 4287 κατὰ
1296 4229 1347 4287 τὸν
1368 4228 1489 4300 κανόνα)

167 4300 180 4341 ·⁰
247 4310 348 4371 ⁰⁸⁶¹*ae
363 4330 390 4372 at
406 4322 445 4379 dt,
464 4324 508 4389 qui
524 4322 692 4386 adjiciantur,
711 4322 743 4371 ab
761 4309 820 4373 aliia
838 4339 886 4373 non
904 4324 1078 4386 recipianter,-
1095 4317 1267 4386 subindeque
1281 4334 1377 4372 eorum
1396 4315 1489 4386 appel·

167 4434 170 4475 5
247 4387 340 4455 11110111
358 4402 394 4457 ad
416 4401 537 4473 synodos
556 4402 740 4483 provinciales
758 4404 922 4469 demandat,
946 4420 1015 4471 quas
1033 4409 1106 4457 anna
1123 4409 1240 4472 crapulis,
1264 4403 1317 4469 ait,
1341 4423 1389 4470 per
1407 4421 1489 4454 unam-

167 4544 170 4567 ,
247 4495 345 4555 Ην
358 4494 514 4557 moisem
531 4492 569 4542 tir
580 4494 606 4543 r‘n
618 4510 685 4544 arno
698 4494 824 4544 celebr-arr·
838 4494 945 4558 placate.
974 4486 1064 4552 Quam
1076 4488 1304 4543 constitutionem
1316 4486 1416 4541 deinde
1428 4502 1490 4539 con·

167 4592 169 4599 ·
245 4570 366 4625 ema-mc
381 4568 478 4642 syntd.
492 4573 619 4628 Antioch.
635 4592 657 4628 c.
671 4580 700 4641 6,
719 4573 824 4628 Sardic.
839 4592 860 4628 c.
877 4579 920 4639 11,
939 4572 1071 4643 Carthag.
1086 4573 1111 4626 II
1124 4592 1146 4628 c.
1162 4580 1190 4639 7,
1208 4574 1338 4627 Nemaus.
1353 4577 1490 4626 1111110391

245 4674 267 4711 r·
283 4656 304 4711 1.
317 4656 413 4713 halat.
432 4658 459 4712 11
477 4676 500 4712 c.
521 4664 547 4714 8.

300 4740 325 4808 ¹⁴)
342 4748 442 4799 aanor
457 4743 544 4811 enim,
559 4744 620 4813 jam
638 4744 715 4799 Felix
732 4745 811 4815 epist.
833 4751 907 4799 1411.
927 4752 943 4800 3
961 4744 1111 4812 extulerat,
1129 4750 1223 4799 Petrus
1241 4752 1309 4798 corallo
1327 4750 1426 4798 ratione
1443 4764 1490 4813 po·

235 4830 342 4885 cuddae
356 4835 600 4898 apostolicaesedis
617 4851 734 4893 mama,
758 4852 808 4901 qua
822 4834 911 4897 suerat
928 4837 1064 4887 mandante
1080 4838 1203 4889 cerberus.
1227 4837 1292 4884 cierat
1314 4836 1347 4883 de
1363 4836 1489 4898 recipien-

231 4916 272 4975 tis
283 4916 370 4967 taliter
383 4920 470 4981 soma
487 4926 597 4970 calmem
606 4926 724 5007 'testatur
741 4921 889 4971 antistitum.
911 4948 940 4956 -
962 4922 1015 4972 Nec
1033 4922 1118 4979 Peos.
1136 4915 1211 4970 idem
1229 4915 1307 4985 epist.
1328 4922 1357 4969 15
1375 4923 1431 4969 113
1450 4930 1490 4969 re-

1227 5001 1290 5067 19*
