3450 5678
550 337 744 387 umsrounu
767 326 913 386 33—35.
1306 322 1368 387 809

102 492 167 579 ptis
194 491 235 556 ad
262 491 446 576 episcopum
468 491 779 578 Nicopolitanum3),
813 492 889 576 quid
916 493 1023 556 vestra
1049 492 1243 576 promoverit
1270 507 1471 578 aperantii.

103 594 261 660 nuntiate.
300 593 333 659 ei
357 615 430 658 vero
452 595 633 659 obstinatus
660 595 759 659 fuerit
787 617 846 659 uec
869 594 909 658 ab
931 594 1131 659 insecutione
1152 594 1220 678 ejus
1243 616 1368 660 cessare

102 697 251 781 voluerit,
289 696 463 761 secundum
490 697 640 781 litteras,
665 719 744 782 quas
767 698 807 761 ad
829 696 1112 762 clementissimum
1144 696 1367 781 imperatorem

102 800 262 882 misimus,
287 799 371 884 apud
392 799 571 885 principem
595 822 723 864 causam
746 800 899 865 ecelesiae
920 798 1165 884 Nicopolitanae
1188 800 1233 863 sio
1257 799 1366 884 agitis,
1380 818 1473 883 apel.

102 904 139 967 ut
160 901 291 966 dicatis:
314 906 444 984 Alcyson
466 909 623 983 episcopas
645 907 875 983 Nicopolitanus
896 905 1045 979 satisfecit
1064 907 1220 966 Ecclesiae
1240 908 1367 967 catholi-

102 1025 173 1081 cae,
209 1015 364 1083 susceptus
385 1017 429 1068 est
455 1016 484 1069 et
506 1011 549 1068 ad
569 1012 802 1070 communionem
824 1011 975 1070 reductus.
1015 1009 1118 1084 Hujus
1139 1025 1294 1070 successor
1315 1010 1368 1070 lo

103 1098 220 1171 hannes
240 1113 406 1187 episeopus,
431 1118 460 1170 et
474 1113 567 1172 Deum
590 1120 662 1172 ante
683 1114 786 1173 oculos
807 1112 919 1172 habens
940 1119 969 1172 et
983 1113 1022 1171 de
1041 1113 1140 1172 salute
1153 1128 1215 1172 sua
1229 1114 1370 1186 capitana
1400 1182 1402 1187 ,

103 1221 133 1274 et
148 1214 394 1290 praedecessoris
414 1216 463 1273 sui
482 1214 589 1274 bonum
612 1216 780 1289 exemplum
802 1230 942 1289 sequens,
976 1215 1182 1274 condemnatis
1209 1215 1370 1274 haereticis

103 1317 150 1377 uel
171 1316 446 1390 transpressoribus
472 1318 515 1375 aa
540 1318 638 1376 sedem
666 1317 748 1376 beati
767 1317 853 1376 Petri
879 1317 1010 1392 apostoli
1035 1318 1127 1390 misit,
1160 1322 1190 1375 ct
1215 1322 1369 1392 susceptus

103 1425 156 1479 est.
196 1418 278 1479 Huic
300 1436 380 1478 nune
405 1417 678 1479 Thessalonicensis
705 1421 862 1496 episcopus
888 1420 1052 1479 insidiatur
1079 1425 1196 1479 etcum
1224 1420 1367 1490 concutit,

103 1522 264 1581 contrarie
292 1521 338 1580 his
365 1537 443 1595 quae
460 1520 538 1594 secit
560 1522 598 1580 ab
625 1538 659 1581 eo
686 1524 810 1596 ccipere
834 1522 945 1581 votens.
991 1520 1072 1580 llinc
1099 1527 1190 1595 pater
1216 1526 1313 1581 aester
1341 1526 1370 1579 et

104 1639 203 1683 omnes
230 1624 398 1683 orthodoxi
422 1630 548 1698 repant,
585 1629 617 1683 ut
630 1624 817 1699 jussionibus
838 1625 945 1683 uestris
972 1630 1161 1682 remoueatur
1187 1623 1225 1681 ab
1252 1638 1287 1682 eo
1312 1624 1371 1682 isto

103 1727 255 1785 molestia:
280 1741 318 1784 ne
344 1727 484 1785 uideatur
511 1726 679 1786 hominibus
697 1730 826 1800 propter
853 1726 910 1784 hoc
932 1726 1014 1785 illum
1034 1726 1271 1799 persecutionem
1288 1726 1367 1800 pati,

103 1829 496 1904 quiaaacommunionem
518 1829 804 1902 sedisapostolicae
831 1828 940 1896 rediit;
973 1835 1003 1885 et
1029 1829 1083 1901 qui
1108 1831 1287 1901 exspectant
1308 1842 1397 1902 per.

104 1947 156 1991 uos
176 1932 320 1990 unitatem
339 1932 423 2008 fieri,
448 1931 535 1989 aliua
556 1931 704 2004 incipiant
724 1930 858 2003 credere,
882 1929 909 1988 si
923 1931 1068 2004 pietatem
1090 1935 1218 1988 cestram
1240 1930 1371 1989 viderint

104 2027 192 2113 hoc⁴)
215 2033 423 2107 dissimulare,
447 2032 504 2092 hoc
525 2033 713 2106 neplipenter
735 2033 886 2106 accivere.

188 2130 219 2196 3.
253 2128 368 2194 Visum
390 2133 438 2194 est
460 2129 552 2193 nobis
575 2128 739 2213 expedire,
772 2132 809 2193 ut
835 2128 976 2212 litteras,
1005 2150 1083 2212 quas
1106 2128 1147 2192 ad
1168 2127 1371 2192 Thessaloni·

106 2254 232 2298 oensem
253 2233 288 2296 in
311 2254 407 2296 causa
428 2232 656 2317 Nicopolitana
678 2230 866 2314 direximus,
895 2230 1037 2315 quolibet
1062 2230 1173 2295 ordine
1200 2231 1372 2316 prudentia

104 2339 211 2400 vestra
233 2334 365 2399 diversis
390 2334 441 2422 [in
464 2333 576 2423 locis]
599 2335 699 2398 faciat
713 2333 885 2417 publicari,
911 2354 1106 2418 magnopere
1121 2332 1281 2397 tamenin
1297 2332 1371 2397 civi·

103 2440 171 2503 tate
193 2437 541 2520 Thessalonicensium,
565 2437 640 2520 quia
662 2437 722 2499 hoc
743 2435 831 2500 facto
854 2439 886 2500 et
908 2458 927 2499 a
946 2435 1167 2521 persecutione
1189 2437 1372 2499 nostrorum

104 2542 211 2627 potest
233 2540 361 2623 cessari,
385 2540 473 2604 etad
488 2539 598 2624 ipsius,
622 2538 649 2601 si
666 2538 848 2621 correxerit,
873 2538 1028 2602 credimus
1047 2538 1208 2622 pertinere
1223 2537 1370 2602 salutem.

605 2709 786 2812 Epistola
812 2708 870 2793 35.

103 2863 314 2932 llormlsdae
329 2879 439 2947 popae
461 2861 505 2929 ad
520 2862 719 2929 lohauucm
734 2862 1021 2946 Nicopolitauum
1039 2862 1077 2927 et
1091 2861 1264 2942 synodum
1279 2859 1368 2945 ejus.
1382 2881 1406 2918 a·
1416 2867 1465 2916 ⁵1⁷
1478 2864 1504 2916 d.

10 3010 90 3069 plue.
137 3007 177 3055 De
200 3006 335 3071 caputiis,
360 3020 422 3070 quas
442 3005 573 3068 perpessi,
592 3005 738 3052 consolatur
757 3000 791 3066 (n.
806 3001 843 3066 1),
870 3017 898 3051 se
921 3004 1070 3068 lepationem
1092 3003 1128 3052 ad
1149 3003 1290 3067 principem
1312 3007 1337 3051 el
1383 2944 1510 3013 milm-

138 3092 283 3156 episcopum
304 3089 551 3140 Thessalonicensem
570 3103 620 3152 pro
639 3090 737 3139 illorum
753 3087 923 3138 sublevatione
944 3088 1040 3137 misisse
1059 3087 1158 3137 nuntiat
1175 3084 1210 3150 (n.
1224 3085 1266 3152 2)‚·
1287 3087 1339 3152 ipsl

386 3177 421 3224 ad
441 3174 686 3225 Thessalonicensem
704 3174 804 3223 litteras
821 3189 853 3223 ne
870 3174 984 3237 diripant
1003 3171 1039 3233 (n.
1053 3171 1088 3236 3).

256 3306 467 3372 Hormisda
509 3305 686 3371 Johauni
729 3306 916 3390 episcopo
958 3305 1245 3389 Nicopolitana
1289 3327 1371 3371 oum

350 3409 510 3494 syuodo

191 3515 220 3577 1.
254 3511 456 3596 OptaremuS,
481 3509 679 3575 dilectissimi
701 3510 828 3594 fratres,
853 3510 893 3574 ab
915 3510 1063 3574 omnibus
1084 3532 1139 3575 vos
1155 3509 1372 3575 molestiarum

104 3615 254 3681 fluctibus
277 3613 397 3678 alienos
425 3613 524 3678 vitam
552 3612 611 3676 sub
638 3613 883 3697 tranquillitatis
912 3612 1085 3677 serenitate
1114 3612 1310 3698 transigere,
1340 3615 1373 3676 et

105 3717 172 3782 Deo
195 3718 304 3781 nostro
327 3719 449 3780 remota
463 3715 696 3780 mundanarum
710 3717 937 3800 tempestatum
952 3718 1075 3779 mentes
1087 3715 1110 3799 ¹)
1130 3714 1372 3799 perturbatione

106 3823 227 3884 vestras
250 3818 379 3882 devotas
402 3839 486 3882 esse:
509 3818 583 3902 quia
606 3841 686 3902 quae
708 3818 777 3882 fieri
799 3817 961 3901 uolumus,
984 3838 1114 3881 necesse
1137 3819 1201 3899 est,
1225 3819 1261 3880 ut
1282 3816 1371 3881 facta

105 3921 276 3986 doleamus.
323 3918 384 3985 Sed
407 3920 549 3985 abundat
570 3920 707 3984 mundus
729 3918 937 3984 incommodis
964 3922 997 3984 et
1024 3917 1271 3984 tentationibus:
1304 3940 1371 3984 sae·

105 4023 212 4088 culum
233 4022 335 4106 istud,
365 4022 399 4086 in
427 4045 489 4106 quo
516 4023 774 4108 peregrinamur,
808 4021 987 4105 expositum
1015 4025 1064 4086 est
1090 4020 1243 4106 passim²)
1271 4020 1370 4084 veluti

104 4146 225 4210 magua
251 4124 350 4190 moles
377 4128 544 4188 ventorum
577 4125 735 4208 procellis.
791 4123 842 4187 lta
873 4122 1015 4187 fidelium
1048 4127 1172 4187 mentes
1206 4121 1371 4187 diabolicis

172 4315 193 4381 ³)
211 4313 279 4366 bcc
296 4311 359 4366 add.
380 4316 484 4373 litteris,
503 4309 573 4365 cit-ra
590 4310 795 4377 necessitatem,
815 4326 899 4377 quum
912 4326 964 4364 vox
980 4315 1101 4378 scriptum
1118 4309 1221 4380 passim
1239 4308 1315 4379 apud
1327 4324 1370 4362 ve·

105 4399 179 4453 teres
197 4396 283 4451 etiam
301 4396 408 4450 litteras
426 4397 512 4454 sonet.
549 4395 671 4450 Subinde
688 4396 718 4450 in
737 4394 771 4449 G¹
791 4394 964 4449 desideratur
982 4414 1072 4463 opera.

172 4483 193 4550 ⁴)
213 4480 329 4551 Supple:
349 4487 417 4551 quod
432 4486 561 4536 lohannes
579 4501 596 4533 a
614 4486 743 4535 Dorotheo
759 4487 866 4549 patitur.

105 4573 137 4621 35
173 4569 193 4635 ¹)
211 4567 255 4620 Ita
273 4566 307 4621 G¹
326 4566 439 4636 (partim
458 4566 578 4620 secunda
589 4569 691 4632 manu).
728 4564 777 4619 Ed.
792 4582 854 4620 cum
867 4565 902 4620 G³
920 4572 1008 4619 mentis
1024 4568 1217 4634 perturbatione
1235 4573 1370 4616 monmunt.

105 4650 205 4706 Nescio
224 4667 260 4705 au
277 4651 351 4706 hisce
368 4651 518 4705 Hormisda
539 4651 651 4706 alludat!
669 4650 704 4705 ad
727 4667 772 4716 ea,
796 4667 867 4717 quae
885 4650 1025 4707 lohannes
1043 4650 1072 4703 iu
1090 4648 1189 4703 litteris
1207 4647 1371 4702 electionem

106 4754 183 4792 suam
200 4735 387 4791 indicantibus
408 4735 605 4807 praemiserat:
632 4741 700 4790 Cura
722 4741 781 4789 mihi
801 4742 902 4790 exstitit
918 4756 1017 4804 semper
1035 4740 1096 4789 nitet
1112 4739 1219 4802 amplius
1237 4751 1370 4803 quaerere,

106 4828 156 4876 nisi
172 4841 250 4891 apere
267 4829 401 4891 propriam
419 4834 445 4876 et
459 4827 610 4890 familiarem
627 4827 841 4876 conversationem
859 4833 906 4876 etc.
926 4823 980 4891 (ep.
996 4827 1027 4875 lb
1045 4838 1070 4874 u.
1093 4821 1125 4888 1).

173 4909 194 4975 ²)
213 4906 247 4961 G¹
266 4922 319 4962 sec.
336 4924 420 4962 manu
437 4911 606 4976 passionibus.
641 4905 747 4962 Deinde
766 4905 809 4962 ed.
829 4927 881 4976 par
898 4912 948 4961 erit
966 4913 990 4960 ei
1006 4908 1185 4960 remuneratio.
