3412 5664
780 328 808 376 S.
825 327 965 376 ananan
988 326 1102 375 PAPAE

821 515 1004 619 Epistola
1029 516 1063 599 5
1155 610 1165 617 ,

193 657 296 792 (2⁹33
339 669 474 737 Gelasii
498 687 608 755 papae
630 668 673 734 od
696 667 859 735 eumdem
880 670 1081 735 Honoriurn
1104 669 1308 737 Balmatiae
1332 670 1507 755 episcopa

342 811 381 860 Eu
367 828 405 860 nm
423 826 472 861 non
490 811 605 860 detonsa
616 812 765 873 permoveri,
784 827 842 875 quor
835 813 852 860 d
864 827 928 875 qnae
941 811 973 859 de
986 812 1128 860 noscente'
1118 827 1144 859 ιιι
1157 811 1291 861 dalmatiis
1302 812 1410 862 haeresi
1419 813 1507 862 Mu

340 897 376 946 cd
392 912 445 946 eam
456 897 611 959 scripserit,-
628 896 691 945 nihil
707 897 773 945 iilius
791 897 924 959 interesse,
942 911 991 960 per
1003 911 1065 962 quor
1083 911 1115 946 ea
1132 896 1267 951 didicerit:
1283 897 1325 947 rui
1335 904 1420 948 auten
1436 912 1507 949 ιιιιιιιε

339 998 403 1041 esse,
422 990 449 1032 ue
466 981 598 1044 confestim
615 997 669 1030 eam
687 983 723 1030 cd
739 982 892 1045 vipilontiom
910 983 1039 1032 eaeeitcret
1057 978 1092 1045 (n.
1109 979 1144 1045 1).
1186 981 1254 1044 Quid
1274 999 1329 1033 aon
1349 984 1433 1049 ipsine
1455 985 1507 1048 leps

840 1074 927 1123 fletum
947 1065 980 1130 (n.
999 1069 1034 1130 2).

457 1200 735 1265 Dilectissimo
757 1200 879 1264 fratri
902 1199 1080 1264 Honorio
1104 1199 1302 1265 Gelasius.

391 1324 419 1385 1.
457 1320 614 1385 Miramur
636 1320 839 1385 dilectionem
862 1325 952 1385 tuam
974 1321 1074 1385 fuisse
1088 1321 1250 1404 miratam,
1274 1341 1385 1385 curam
1400 1322 1507 1386 salisa

304 1425 447 1507 stolicae,
472 1446 553 1509 quac
576 1446 663 1487 more
684 1424 842 1507 majorum
866 1424 990 1487 cunctis
1012 1446 1071 1508 per
1090 1421 1246 1488 mundum
1267 1423 1404 1488 debetur
1423 1424 1507 1489 eccle

303 1549 361 1611 pro
383 1531 508 1592 vestrae
531 1548 655 1612 quoque
677 1526 819 1611 regionis
842 1526 903 1592 lide
924 1526 1023 1590 fuisse
1046 1526 1233 1611 sollicitam,
1256 1548 1416 1613 quumque
1443 1525 1484 1591 ad
1503 1554 1507 1584 ι

303 1630 461 1712 perlatum
484 1633 577 1713 esset,
601 1628 685 1714 quod
707 1629 838 1713 quidam
859 1641 917 1714 'per
934 1629 1115 1693 Dalmatiae
1138 1630 1363 1715 integritatem
1386 1628 1507 1695 catholi

304 1732 416 1796 vitiare
439 1733 620 1796 niterentur
643 1735 676 1795 et
697 1731 815 1796 divinis
837 1731 1050 1817 humanisque
1073 1732 1199 1818 legibus
1222 1736 1298 1796 aute
1314 1732 1502 1797 damnatum

302 1835 452 1919 lagianae
474 1834 679 1919 pestilentiae
702 1835 805 1899 denuc
828 1835 913 1900 virus
935 1835 1066 1921 inferre,
1091 1858 1157 1900 non
1179 1834 1399 1919 putaverimus
1416 1834 1507 1903 ullate

303 1936 528 2020 differendum,
564 1937 733 2022 quominus
768 1939 848 2003 haec
876 1937 1064 2024 diligentius
1091 1938 1309 2023 inquirentes,
1340 1935 1429 2024 aut¹)
1455 1938 1481 2002 si

302 2045 388 2104 tasse
411 2039 649 2124 subrepserant,
674 2041 712 2104 de
734 2041 879 2125 proximo
902 2045 1105 2125 sanarentur,
1129 2044 1186 2105 aut
1207 2041 1405 2104 auxietatem
1419 2042 1507 2105 nostr

302 2142 329 2205 si
352 2142 435 2207 falso
462 2142 677 2227 probarentur
700 2143 843 2227 jactata,
878 2144 1075 2208 relevarent:
1113 2144 1338 2225 aestimantes,
1373 2140 1507 2207 melius]

303 2244 402 2309 videri
423 2245 646 2360 impatientius
674 2245 753 2311 talia
782 2247 979 2333 investigare
1001 2246 1153 2331 voluisse,
1189 2268 1285 2332 quam
1315 2242 1507 2311 cresceretis

302 2348 453 2413 mulando
467 2348 652 2433 perniciem.
687 2346 800 2433 Neque
816 2349 901 2413 enim
924 2350 975 2415 vel
996 2349 1125 2415 silentio
1140 2369 1286 2433 premere
1302 2369 1414 2413 causas
1422 2345 1507 2430 pluji

301 2451 386 2516 modi
413 2450 463 2515 vel
485 2450 660 2515 differendo
681 2452 789 2516 fovere
813 2452 1015 2537 deberemus,
1045 2475 1157 2539 quum
1150 2451 1295 2516 dicente
1316 2450 1507 2538 magistrae*

148 2526 229 2649 R⁰¹J¹1
234 2534 287 2651 182
300 2554 392 2638 tium,
415 2560 620 2619 sollicitudine
634 2577 694 2619 noo
704 2562 802 2634 prore,
828 2559 925 2641 atquc
939 2556 1068 2639 iterum,
1092 2564 1145 2635 qro'
1159 2565 1286 2636 praeest
1308 2562 1339 2619 in
1362 2555 1507 2619 sollicitati

301 2676 371 2721 reos
393 2657 505 2742 procul
528 2657 624 2721 dubio
646 2679 722 2740 nos,
749 2658 813 2722 nisi
837 2658 990 2723 continuo
1006 2679 1258 2742 quaereremus,
1283 2656 1409 2722 etiamsi
1429 2650 1507 2719 inanit

302 2765 410 2825 essent
431 2760 579 2845 vulgata,
605 2761 842 2825 convincerent.
888 2759 956 2825 Nec
979 2761 1130 2843 interest,
1159 2782 1218 2846 per
1240 2782 1319 2845 quos
1342 2758 1383 2824 ad
1405 2775 1507 2823 amatr

301 2867 384 2928 atras
407 2863 518 2927 eadem
539 2863 772 2947 pervenissent,
797 2863 871 2927 dum
894 2862 1131 2948 quomodolibet
1152 2863 1216 2927 ista
1238 2861 1458 2943 referentibus,
1474 2876 1507 2944 pu

300 2988 397 3050 quam
419 2971 564 3031 nostram
587 2966 818 3030 conscientiam
840 2968 1065 3051 penetrarent,
1094 2966 1129 3029 in
1157 2965 1208 3030 his
1236 2964 1395 3031 veraciter
1414 2960 1507 3045 iungi

300 3069 349 3133 dis
376 3067 555 3154 pastorales
584 3068 735 3132 excubias
764 3090 832 3132 esse
861 3091 926 3132 non
949 3069 1127 3163 oportuerit
1154 3068 1378 3154 negligentes,
1413 3064 1507 3151 quatu

300 3170 349 3235 vel
372 3193 389 3235 e
389 3171 548 3286 vestigio
571 3175 680 3255 posset
700 3171 784 3254 lupis
807 3170 973 3235 hiantibus
996 3152 1129 3253 obviari,
1153 3170 1204 3234 vel
1222 3169 1320 3234 nullis
1343 3160 1507 3234 annuntii

298 3248 400 3338 feris
397 3274 505 3338 ovium
528 3272 672 3338 custodia
694 3294 806 3338 secura
828 3273 946 3358 persist
931 3277 1024 3339 teret.
1070 3273 1122 3336 Ab
1144 3272 1206 3356 his,
1236 3271 1292 3358 qui
1313 3275 1423 3336 essent
1441 3264 1507 3336 (illle

300 3373 539 3441 Corinthiorum
562 3398 595 3440 se
618 3375 832 3441 dissensiones
847 3377 1017 3461 agnovisse
1035 3378 1175 3441 testatur
1190 3323 1366 3490 sipostoliis,
1389 3368 1507 3438 contest

299 3499 361 3563 que
383 3479 521 3559 scribere
542 3501 608 3542 non
631 3478 767 3561 omittit,
797 3482 835 3542 ut
856 3479 906 3543 vel
928 3477 1169 3544 nascentibus
1155 3477 1274 3563 Jurgiis
1301 3475 1375 3561 pius
1396 3472 1507 3540 medic!

300 3587 490 3664 occurreret,
515 3580 564 3646 vel
587 3581 625 3644 de
648 3602 758 3645 eorum
780 3585 945 3664 comperta
959 3602 1033 3646 mox
1048 3578 1271 3646 incolumitate
1286 3577 1450 3666 gauderet.
1475 3574 1507 3652 Q*

300 3704 359 3746 nos
381 3705 504 3769 quoque
526 3683 654 3765 litteris,
678 3704 760 3769 quae
782 3704 878 3766 super
900 3684 962 3748 hac
983 3687 1077 3768 parte
1098 3680 1274 3767 directae³)
1297 3683 1385 3763 sunt,
1413 3678 1507 3745 indier

301 3785 544 3870 reminiscimur,
568 3789 604 3850 ut
626 3784 749 3850 scilicet
771 3788 827 3849 aut
849 3785 1065 3871 irrepentibus
1087 3782 1507 3865 obsisteremus'insaniis,r

298 3888 325 3952 si
347 3886 430 3953 nihil
451 3887 565 3954 horum
586 3888 717 3973 penitus
740 3887 919 3973 accidisset,
949 3889 988 3953 de
1012 3887 1189 3954 catholicae
1211 3885 1359 3951 veritatis
1379 3882 1507 3972 integril

299 3991 501 4056 laetaremur.
547 3989 750 4076 Quapropter
777 4013 843 4056 non
871 3991 974 4056 solum
1003 3990 1132 4056 dilectio
1159 3992 1216 4054 tua
1244 3991 1357 4055 nostra
1383 4009 1450 4054 non
1473 3984 1507 4051 de

203 3352 285 3408 lCor.

215 3428 285 3487 1,11.

207 4293 211 4301 ¹
367 4231 386 4301 ¹)
404 4231 434 4284 b'
447 4229 527 4285 addit
544 4241 578 4283 us.
614 4228 669 4283 Sed
691 4229 756 4284 hinc
777 4244 834 4285 non
851 4230 940 4284 omnis
957 4229 1066 4284 tollitur
1083 4227 1251 4296 obscuritas,
1273 4226 1397 4298 nisipro
1414 4231 1507 4299 inm

297 4314 482 4370 substituatur
504 4321 694 4384 inquireremus.
735 4315 797 4369 Erit
818 4314 928 4385 integer
951 4331 1047 4369 aeneus
1070 4314 1156 4369 etiam
1178 4313 1239 4368 aine
1259 4311 1402 4384 ptrflouln
1418 4310 1503 4378 «1,OE

298 4402 382 4458 antea
392 4401 519 4471 legamus
532 4406 665 4471 inpacto,
686 4403 735 4456 aut
751 4406 851 4470 postea
863 4407 895 4455 de
907 4408 1026 4470 proximo
1038 4420 1188 4455 concresse.
1216 4397 1273 4454 Ubi
1288 4399 1370 4465 noto,
1387 4392 1507 4455 rotent

297 4494 329 4542 de
344 4493 467 4558 proximo
485 4501 541 4540 non
560 4484 596 4539 ad
613 4484 705 4539 locum
722 4485 770 4539 sed
790 4484 826 4539 ad
848 4486 958 4556 tempus
977 4485 1081 4540 referri.
1118 4484 1184 4539 Mox
1202 4483 1292 4538 dictos
1309 4489 1406 4539 autern
1421 4496 1507 4539 mm

298 4571 505 4646 occupatissimi
521 4570 656 4642 praesulis
674 4570 779 4640 scripta
794 4570 939 4641 irrepsisse
956 4570 1058 4625 mirum
1075 4585 1131 4624 non
1145 4570 1196 4624 est.
1210 4599 1243 4609 -
1254 4568 1365 4625 ibidem
1376 4566 1447 4625 editi
1456 4574 1507 4635 tm,

296 4669 369 4726 rant,
389 4658 438 4713 ubi
455 4657 490 4714 θ’
508 4661 698 4725 subrepserant.

364 4745 385 4813 ²)
403 4742 448 4798 lta
466 4741 513 4808 G¹3
537 4740 585 4795 alii
606 4762 715 4797 causan.
751 4741 816 4796 Mox
839 4741 873 4797 (4¹
894 4746 1085 4798 dwnmodolitet
1106 4746 1295 4811 ista...·1upts
1312 4743 1439 4797 nem
1458 4734 1507 4808 (etl

296 4830 441 4898 hiantibus).
1103 4864 1120 4882 ι,

365 4915 385 4981 1)
402 4912 448 4968 lta
464 4913 513 4980 (ΞΗ
534 4914 581 4969 alii
599 4919 683 4970 dictae
756 4921 903 4983 proesentis
921 4920 1047 4986 colloquii.
