<?xml version="1.0" encoding="UTF-8"?>
<!DOCTYPE html PUBLIC "-//W3C//DTD XHTML 1.0 Transitional//EN"
    "http://www.w3.org/TR/xhtml1/DTD/xhtml1-transitional.dtd">
<html xmlns="http://www.w3.org/1999/xhtml" xml:lang="en" lang="en">
 <head>
  <title>
</title>
<meta http-equiv="Content-Type" content="text/html;charset=utf-8" />
  <meta name='ocr-system' content='tesseract 3.04.00' />
  <meta name='ocr-capabilities' content='ocr_page ocr_carea ocr_par ocr_line ocrx_word'/>
</head>
<body>
  <div class='ocr_page' id='page_1' title='image "./epistolaeromano00cousgoog/epistolaeromano00cousgoog_1020.png"; bbox 0 0 3412 5664; ppageno 0'>
   <div class='ocr_carea' id='block_1_1' title="bbox 624 365 1012 424">
    <p class='ocr_par' dir='ltr' id='par_1_1' title="bbox 624 365 1012 424">
     <span class='ocr_line' id='line_1_1' title="bbox 624 365 1012 424; baseline -0.005 -2"><span class='ocrx_word' id='word_1_1' title='bbox 624 375 817 424; x_wconf 72' lang='lat' dir='ltr'>EPISTOLAE</span> <span class='ocrx_word' id='word_1_2' title='bbox 843 365 912 421; x_wconf 72' lang='grc'><strong>141.</strong></span> <span class='ocrx_word' id='word_1_3' title='bbox 941 365 1012 421; x_wconf 73' lang='lat'>14⁶2.</span> 
     </span>
    </p>
   </div>
   <div class='ocr_carea' id='block_1_2' title="bbox 191 507 806 2648">
    <p class='ocr_par' dir='ltr' id='par_1_2' title="bbox 191 507 806 2648">
     <span class='ocr_line' id='line_1_2' title="bbox 232 507 798 610; baseline -0.007 -17"><span class='ocrx_word' id='word_1_4' title='bbox 232 530 263 593; x_wconf 75' lang='lat' dir='ltr'>l.</span> <span class='ocrx_word' id='word_1_5' title='bbox 292 532 404 592; x_wconf 84' lang='grc' dir='ltr'><em>Ταῦτα</em></span> <span class='ocrx_word' id='word_1_6' title='bbox 427 507 482 591; x_wconf 85' lang='grc' dir='ltr'><em>διά</em></span> <span class='ocrx_word' id='word_1_7' title='bbox 498 532 559 590; x_wconf 76' lang='grc' dir='ltr'>τοῦ</span> <span class='ocrx_word' id='word_1_8' title='bbox 575 526 726 610; x_wconf 76' lang='grc' dir='ltr'><em>ἀδελφοῦ</em></span> <span class='ocrx_word' id='word_1_9' title='bbox 743 528 798 591; x_wconf 77' lang='grc' dir='ltr'>καί</span> 
     </span>
     <span class='ocr_line' id='line_1_3' title="bbox 191 626 798 713; baseline -0.002 -19"><span class='ocrx_word' id='word_1_10' title='bbox 191 629 444 695; x_wconf 82' lang='grc' dir='ltr'><em>συνεπισκόκου</em></span> <span class='ocrx_word' id='word_1_11' title='bbox 467 626 561 713; x_wconf 77' lang='grc' dir='ltr'><em>ἡμῶν</em></span> <span class='ocrx_word' id='word_1_12' title='bbox 590 633 652 693; x_wconf 89' lang='grc' dir='ltr'>τοῦ</span> <span class='ocrx_word' id='word_1_13' title='bbox 675 633 798 712; x_wconf 84' lang='grc' dir='ltr'><em>σεβασ-</em></span> 
     </span>
     <span class='ocr_line' id='line_1_4' title="bbox 191 725 799 816; baseline -0.002 -21"><span class='ocrx_word' id='word_1_14' title='bbox 191 731 358 816; x_wconf 87' lang='grc' dir='ltr'><em>μιωτάτοο</em></span> <span class='ocrx_word' id='word_1_15' title='bbox 380 729 503 815; x_wconf 85' lang='grc' dir='ltr'><em>ἀνδρὸς</em></span> <span class='ocrx_word' id='word_1_16' title='bbox 518 729 691 814; x_wconf 76' lang='grc' dir='ltr'><em>Ἰωάννου,</em></span> <span class='ocrx_word' id='word_1_17' title='bbox 714 725 799 795; x_wconf 77' lang='grc' dir='ltr'>ἀλλά</span> 
     </span>
     <span class='ocr_line' id='line_1_5' title="bbox 191 830 798 916; baseline -0.002 -19"><span class='ocrx_word' id='word_1_18' title='bbox 191 836 246 897; x_wconf 78' lang='grc' dir='ltr'>καί</span> <span class='ocrx_word' id='word_1_19' title='bbox 276 832 332 898; x_wconf 86' lang='grc' dir='ltr'>διά</span> <span class='ocrx_word' id='word_1_20' title='bbox 358 838 427 897; x_wconf 82' lang='grc' dir='ltr'>των</span> <span class='ocrx_word' id='word_1_21' title='bbox 454 833 539 897; x_wconf 82' lang='grc' dir='ltr'>υίών</span> <span class='ocrx_word' id='word_1_22' title='bbox 560 830 673 916; x_wconf 75' lang='grc' dir='ltr'><em>ἡμῶν,</em></span> <span class='ocrx_word' id='word_1_23' title='bbox 697 831 798 916; x_wconf 91' lang='grc' dir='ltr'><em>Ἡρα-</em></span> 
     </span>
     <span class='ocr_line' id='line_1_6' title="bbox 191 934 798 1019; baseline -0.003 -19"><span class='ocrx_word' id='word_1_24' title='bbox 191 940 351 1000; x_wconf 79' lang='grc' dir='ltr'><em>κλειανοῦ</em></span> <span class='ocrx_word' id='word_1_25' title='bbox 384 939 446 999; x_wconf 89' lang='grc' dir='ltr'>τοῦ</span> <span class='ocrx_word' id='word_1_26' title='bbox 478 934 711 1019; x_wconf 79' lang='grc' dir='ltr'><strong><em>πρεσβυτέρου</em></strong></span> <span class='ocrx_word' id='word_1_27' title='bbox 743 935 798 999; x_wconf 81' lang='grc' dir='ltr'>καὶ</span> 
     </span>
     <span class='ocr_line' id='line_1_7' title="bbox 192 1036 800 1119; baseline -0.002 -18"><span class='ocrx_word' id='word_1_28' title='bbox 192 1041 453 1102; x_wconf 89' lang='grc' dir='ltr'><em>Κωνσταντίνοο</em></span> <span class='ocrx_word' id='word_1_29' title='bbox 475 1040 536 1100; x_wconf 83' lang='grc' dir='ltr'>τοῦ</span> <span class='ocrx_word' id='word_1_30' title='bbox 552 1036 725 1117; x_wconf 77' lang='grc' dir='ltr'><em>διακόνου,</em></span> <span class='ocrx_word' id='word_1_31' title='bbox 741 1041 800 1119; x_wconf 81' lang='grc' dir='ltr'>τῆς</span> 
     </span>
     <span class='ocr_line' id='line_1_8' title="bbox 191 1135 806 1223; baseline -0.008 -18"><span class='ocrx_word' id='word_1_32' title='bbox 191 1140 469 1223; x_wconf 79' lang='grc' dir='ltr'><em>ἐκκλησιαστικῆς</em></span> <span class='ocrx_word' id='word_1_33' title='bbox 495 1141 590 1221; x_wconf 76' lang='grc' dir='ltr'><em>τιμῆς</em></span> <span class='ocrx_word' id='word_1_34' title='bbox 612 1136 730 1220; x_wconf 85' lang='grc' dir='ltr'><em>ἀξίων,</em></span> <span class='ocrx_word' id='word_1_35' title='bbox 760 1135 806 1201; x_wconf 88' lang='grc' dir='ltr'>τά.</span> 
     </span>
     <span class='ocr_line' id='line_1_9' title="bbox 191 1237 800 1324; baseline -0.003 -19"><span class='ocrx_word' id='word_1_36' title='bbox 191 1239 276 1324; x_wconf 82' lang='grc' dir='ltr'><em>πρὸς</em></span> <span class='ocrx_word' id='word_1_37' title='bbox 295 1239 357 1324; x_wconf 75' lang='grc' dir='ltr'>την</span> <span class='ocrx_word' id='word_1_38' title='bbox 371 1238 540 1304; x_wconf 78' lang='grc' dir='ltr'><em>ὑπόθεσιν</em></span> <span class='ocrx_word' id='word_1_39' title='bbox 555 1238 723 1324; x_wconf 77' lang='grc' dir='ltr'><em>ἀνήκοντα</em></span> <span class='ocrx_word' id='word_1_40' title='bbox 738 1237 800 1321; x_wconf 90' lang='grc' dir='ltr'>ἀρ-</span> 
     </span>
     <span class='ocr_line' id='line_1_10' title="bbox 191 1339 800 1426; baseline -0.007 -18"><span class='ocrx_word' id='word_1_41' title='bbox 191 1343 370 1419; x_wconf 78' lang='grc' dir='ltr'><em>κεσθέντες</em></span> <span class='ocrx_word' id='word_1_42' title='bbox 391 1339 610 1424; x_wconf 75' lang='grc' dir='ltr'><em>ἀντιγράψαι,</em></span> <span class='ocrx_word' id='word_1_43' title='bbox 647 1339 800 1426; x_wconf 78' lang='grc' dir='ltr'><em>ἥσθημεν</em></span> 
     </span>
     <span class='ocr_line' id='line_1_11' title="bbox 191 1441 800 1528; baseline -0.008 -17"><span class='ocrx_word' id='word_1_44' title='bbox 191 1448 231 1512; x_wconf 81' lang='grc' dir='ltr'>ἐν</span> <span class='ocrx_word' id='word_1_45' title='bbox 265 1443 364 1527; x_wconf 79' lang='grc' dir='ltr'><em>ἀνδρὶ</em></span> <span class='ocrx_word' id='word_1_46' title='bbox 394 1448 451 1528; x_wconf 78' lang='grc' dir='ltr'>τῆς</span> <span class='ocrx_word' id='word_1_47' title='bbox 483 1441 644 1528; x_wconf 78' lang='grc' dir='ltr'><em>ἡμετέρας</em></span> <span class='ocrx_word' id='word_1_48' title='bbox 679 1442 800 1520; x_wconf 84' lang='grc' dir='ltr'><em>τάξεως</em></span> 
     </span>
     <span class='ocr_line' id='line_1_12' title="bbox 191 1543 800 1631; baseline -0.008 -20"><span class='ocrx_word' id='word_1_49' title='bbox 191 1552 271 1631; x_wconf 77' lang='grc' dir='ltr'><em>ι’σην</em></span> <span class='ocrx_word' id='word_1_50' title='bbox 293 1545 389 1622; x_wconf 85' lang='grc' dir='ltr'><em>ἀξίαν</em></span> <span class='ocrx_word' id='word_1_51' title='bbox 412 1546 467 1611; x_wconf 79' lang='grc' dir='ltr'>καὶ</span> <span class='ocrx_word' id='word_1_52' title='bbox 490 1543 615 1629; x_wconf 80' lang='grc' dir='ltr'><em>εὐλαβῆ</em></span> <span class='ocrx_word' id='word_1_53' title='bbox 632 1545 800 1627; x_wconf 77' lang='grc' dir='ltr'><em>πρόθεσιν</em></span> 
     </span>
     <span class='ocr_line' id='line_1_13' title="bbox 191 1644 800 1733; baseline -0.005 -20"><span class='ocrx_word' id='word_1_54' title='bbox 191 1646 278 1733; x_wconf 83' lang='grc' dir='ltr'><em>ἡμᾶς</em></span> <span class='ocrx_word' id='word_1_55' title='bbox 307 1645 499 1731; x_wconf 79' lang='grc' dir='ltr'><em>εὑρηκέναι,</em></span> <span class='ocrx_word' id='word_1_56' title='bbox 537 1646 593 1711; x_wconf 80' lang='grc' dir='ltr'>καὶ</span> <span class='ocrx_word' id='word_1_57' title='bbox 621 1644 703 1730; x_wconf 84' lang='grc' dir='ltr'><em>μετά</em></span> <span class='ocrx_word' id='word_1_58' title='bbox 732 1651 800 1710; x_wconf 76' lang='grc' dir='ltr'>τῶν</span> 
     </span>
     <span class='ocr_line' id='line_1_14' title="bbox 191 1749 797 1834; baseline -0.003 -20"><span class='ocrx_word' id='word_1_59' title='bbox 191 1755 251 1834; x_wconf 83' lang='grc' dir='ltr'>τῆς</span> <span class='ocrx_word' id='word_1_60' title='bbox 273 1751 451 1834; x_wconf 79' lang='grc' dir='ltr'><em>πρεσβείας</em></span> <span class='ocrx_word' id='word_1_61' title='bbox 480 1749 628 1813; x_wconf 79' lang='grc' dir='ltr'><em>ἐντολῶν</em></span> <span class='ocrx_word' id='word_1_62' title='bbox 651 1752 690 1833; x_wconf 77' lang='grc' dir='ltr'>τῇ</span> <span class='ocrx_word' id='word_1_63' title='bbox 714 1772 797 1831; x_wconf 81' lang='grc' dir='ltr'><em>φρο-</em></span> 
     </span>
     <span class='ocr_line' id='line_1_15' title="bbox 191 1850 798 1936; baseline -0.002 -20"><span class='ocrx_word' id='word_1_64' title='bbox 191 1852 289 1936; x_wconf 80' lang='grc' dir='ltr'><em>νήσει</em></span> <span class='ocrx_word' id='word_1_65' title='bbox 301 1851 356 1914; x_wconf 78' lang='grc' dir='ltr'>καὶ</span> <span class='ocrx_word' id='word_1_66' title='bbox 367 1860 436 1927; x_wconf 82' lang='grc' dir='ltr'><em>τοῖς</em></span> <span class='ocrx_word' id='word_1_67' title='bbox 445 1851 582 1934; x_wconf 83' lang='grc' dir='ltr'><em>τρόποις</em></span> <span class='ocrx_word' id='word_1_68' title='bbox 596 1850 798 1936; x_wconf 73' lang='grc' dir='ltr'><em>συνᾴδοντα.</em></span> 
     </span>
     <span class='ocr_line' id='line_1_16' title="bbox 193 1949 800 2036; baseline -0.005 -18"><span class='ocrx_word' id='word_1_69' title='bbox 193 1951 365 2018; x_wconf 81' lang='grc' dir='ltr'><em>Εὐκταῖον</em></span> <span class='ocrx_word' id='word_1_70' title='bbox 386 1949 451 2035; x_wconf 79' lang='grc' dir='ltr'>γάρ</span> <span class='ocrx_word' id='word_1_71' title='bbox 474 1955 610 2035; x_wconf 76' lang='grc' dir='ltr'><em>πρᾶγμα</em></span> <span class='ocrx_word' id='word_1_72' title='bbox 638 1953 694 2016; x_wconf 76' lang='grc' dir='ltr'>καί</span> <span class='ocrx_word' id='word_1_73' title='bbox 716 1955 800 2036; x_wconf 79' lang='grc' dir='ltr'><strong><em>πλῆ-</em></strong></span> 
     </span>
     <span class='ocr_line' id='line_1_17' title="bbox 193 2044 802 2138; baseline -0.005 -18"><span class='ocrx_word' id='word_1_74' title='bbox 193 2078 250 2138; x_wconf 86' lang='grc' dir='ltr'><em>ρες</em></span> <span class='ocrx_word' id='word_1_75' title='bbox 273 2058 390 2138; x_wconf 82' lang='grc' dir='ltr'><em>χαρᾶς,</em></span> <span class='ocrx_word' id='word_1_76' title='bbox 423 2054 480 2117; x_wconf 77' lang='grc' dir='ltr'>ἵνα</span> <span class='ocrx_word' id='word_1_77' title='bbox 508 2044 570 2118; x_wconf 72' lang='grc' dir='ltr'><em>ὦσι</em></span> <span class='ocrx_word' id='word_1_78' title='bbox 598 2054 802 2137; x_wconf 79' lang='grc' dir='ltr'><em>κεκριμένως</em></span> 
     </span>
     <span class='ocr_line' id='line_1_18' title="bbox 193 2153 801 2240; baseline -0.003 -19"><span class='ocrx_word' id='word_1_79' title='bbox 193 2156 343 2240; x_wconf 81' lang='grc' dir='ltr'><em>δόκιμοι,</em></span> <span class='ocrx_word' id='word_1_80' title='bbox 373 2153 433 2231; x_wconf 83' lang='grc' dir='ltr'>οδς</span> <span class='ocrx_word' id='word_1_81' title='bbox 459 2160 518 2238; x_wconf 77' lang='grc' dir='ltr'>τῆς</span> <span class='ocrx_word' id='word_1_82' title='bbox 546 2159 724 2232; x_wconf 85' lang='grc' dir='ltr'><em>κοινωνίας</em></span> <span class='ocrx_word' id='word_1_83' title='bbox 745 2156 801 2219; x_wconf 78' lang='grc' dir='ltr'>καί</span> 
     </span>
     <span class='ocr_line' id='line_1_19' title="bbox 192 2252 803 2342; baseline -0.002 -19"><span class='ocrx_word' id='word_1_84' title='bbox 192 2262 254 2342; x_wconf 82' lang='grc' dir='ltr'>τῆς</span> <span class='ocrx_word' id='word_1_85' title='bbox 274 2257 396 2334; x_wconf 86' lang='grc' dir='ltr'><em>τάξεως</em></span> <span class='ocrx_word' id='word_1_86' title='bbox 411 2257 536 2340; x_wconf 82' lang='grc' dir='ltr'><em>συνέβη</em></span> <span class='ocrx_word' id='word_1_87' title='bbox 553 2252 640 2322; x_wconf 84' lang='grc' dir='ltr'><em>εἶναι</em></span> <span class='ocrx_word' id='word_1_88' title='bbox 655 2257 803 2342; x_wconf 76' lang='grc' dir='ltr'><em>συγκλή-</em></span> 
     </span>
     <span class='ocr_line' id='line_1_20' title="bbox 195 2357 804 2444; baseline -0.003 -19"><span class='ocrx_word' id='word_1_89' title='bbox 195 2383 290 2442; x_wconf 92' lang='grc' dir='ltr'><em>ροος.</em></span> <span class='ocrx_word' id='word_1_90' title='bbox 349 2360 425 2422; x_wconf 78' lang='grc' dir='ltr'>Κὰδ</span> <span class='ocrx_word' id='word_1_91' title='bbox 462 2357 564 2444; x_wconf 79' lang='grc' dir='ltr'><em>άλλη</em></span> <span class='ocrx_word' id='word_1_92' title='bbox 602 2360 725 2443; x_wconf 76' lang='grc' dir='ltr'><em>χειρί·</em></span> <span class='ocrx_word' id='word_1_93' title='bbox 769 2357 804 2423; x_wconf 86' lang='lat'>‘0</span> 
     </span>
     <span class='ocr_line' id='line_1_21' title="bbox 195 2457 803 2546; baseline 0 -20"><span class='ocrx_word' id='word_1_94' title='bbox 195 2461 282 2538; x_wconf 78' lang='grc' dir='ltr'><em>Θεός</em></span> <span class='ocrx_word' id='word_1_95' title='bbox 296 2478 334 2526; x_wconf 86' lang='grc' dir='ltr'><em>σε</em></span> <span class='ocrx_word' id='word_1_96' title='bbox 349 2457 428 2546; x_wconf 75' lang='grc' dir='ltr'><em>ὑγιῆ</em></span> <span class='ocrx_word' id='word_1_97' title='bbox 444 2462 664 2546; x_wconf 76' lang='grc' dir='ltr'><em>διαφυλάττῃ,</em></span> <span class='ocrx_word' id='word_1_98' title='bbox 678 2459 803 2545; x_wconf 60' lang='lat' dir='ltr'>adstet</span> 
     </span>
     <span class='ocr_line' id='line_1_22' title="bbox 193 2565 381 2648; baseline -0.005 -19"><span class='ocrx_word' id='word_1_99' title='bbox 193 2565 381 2648; x_wconf 70' lang='lat' dir='ltr'>rapacitate.</span> 
     </span>
    </p>
   </div>
   <div class='ocr_carea' id='block_1_3' title="bbox 1396 357 1458 422">
    <p class='ocr_par' dir='ltr' id='par_1_3' title="bbox 1396 357 1458 422">
     <span class='ocr_line' id='line_1_23' title="bbox 1396 357 1458 422; baseline 0 -1"><span class='ocrx_word' id='word_1_100' title='bbox 1396 357 1458 422; x_wconf 80' lang='lat'>979</span> 
     </span>
    </p>
   </div>
   <div class='ocr_carea' id='block_1_4' title="bbox 893 527 1562 609">
    <p class='ocr_par' dir='ltr' id='par_1_4' title="bbox 893 527 1562 609">
     <span class='ocr_line' id='line_1_24' title="bbox 893 527 1562 609; baseline -0.01 -18"><span class='ocrx_word' id='word_1_101' title='bbox 893 531 921 591; x_wconf 80' lang='lat'>7.</span> <span class='ocrx_word' id='word_1_102' title='bbox 956 527 1046 590; x_wconf 86' lang='lat' dir='ltr'>Hace</span> <span class='ocrx_word' id='word_1_103' title='bbox 1077 548 1132 609; x_wconf 86' lang='lat' dir='ltr'>per</span> <span class='ocrx_word' id='word_1_104' title='bbox 1155 528 1287 590; x_wconf 79' lang='lat' dir='ltr'>fratrem</span> <span class='ocrx_word' id='word_1_105' title='bbox 1310 530 1453 590; x_wconf 85' lang='lat' dir='ltr'>nostrum</span> <span class='ocrx_word' id='word_1_106' title='bbox 1468 557 1485 591; x_wconf 80' lang='lat' dir='ltr'>s</span> <span class='ocrx_word' id='word_1_107' title='bbox 1506 542 1562 588; x_wconf 73' lang='lat' dir='ltr'>tat.</span> 
     </span>
    </p>
   </div>
   <div class='ocr_carea' id='block_1_5' title="bbox 850 628 1462 2139">
    <p class='ocr_par' dir='ltr' id='par_1_5' title="bbox 850 628 1462 2139">
     <span class='ocr_line' id='line_1_25' title="bbox 850 628 1458 713; baseline -0.005 -19"><span class='ocrx_word' id='word_1_108' title='bbox 850 635 883 694; x_wconf 93' lang='lat' dir='ltr'>et</span> <span class='ocrx_word' id='word_1_109' title='bbox 915 630 1136 713; x_wconf 78' lang='lat' dir='ltr'>coepiscopum</span> <span class='ocrx_word' id='word_1_110' title='bbox 1169 628 1384 693; x_wconf 87' lang='lat' dir='ltr'>venerabilem</span> <span class='ocrx_word' id='word_1_111' title='bbox 1415 630 1458 692; x_wconf 91' lang='lat' dir='ltr'>vi-</span> 
     </span>
     <span class='ocr_line' id='line_1_26' title="bbox 850 731 1457 796; baseline -0.002 -1"><span class='ocrx_word' id='word_1_112' title='bbox 850 755 920 795; x_wconf 89' lang='lat' dir='ltr'>rum</span> <span class='ocrx_word' id='word_1_113' title='bbox 942 731 1124 796; x_wconf 85' lang='lat' dir='ltr'>Johanuein</span> <span class='ocrx_word' id='word_1_114' title='bbox 1156 731 1211 794; x_wconf 86' lang='lat' dir='ltr'>sed</span> <span class='ocrx_word' id='word_1_115' title='bbox 1240 733 1272 794; x_wconf 91' lang='lat' dir='ltr'>et</span> <span class='ocrx_word' id='word_1_116' title='bbox 1299 731 1381 794; x_wconf 89' lang='lat' dir='ltr'>filios</span> <span class='ocrx_word' id='word_1_117' title='bbox 1403 754 1457 794; x_wconf 86' lang='lat' dir='ltr'>no-</span> 
     </span>
     <span class='ocr_line' id='line_1_27' title="bbox 851 832 1457 917; baseline -0.005 -19"><span class='ocrx_word' id='word_1_118' title='bbox 851 838 933 898; x_wconf 86' lang='lat' dir='ltr'>stros</span> <span class='ocrx_word' id='word_1_119' title='bbox 972 832 1201 897; x_wconf 85' lang='lat' dir='ltr'>Heraclianum</span> <span class='ocrx_word' id='word_1_120' title='bbox 1237 833 1457 917; x_wconf 85' lang='lat' dir='ltr'>presbyterum</span> 
     </span>
     <span class='ocr_line' id='line_1_28' title="bbox 851 933 1459 1018; baseline -0.002 -19"><span class='ocrx_word' id='word_1_121' title='bbox 851 939 883 999; x_wconf 89' lang='lat' dir='ltr'>et</span> <span class='ocrx_word' id='word_1_122' title='bbox 911 933 1159 1000; x_wconf 69' lang='lat' dir='ltr'>Constantinum</span> <span class='ocrx_word' id='word_1_123' title='bbox 1191 934 1374 1018; x_wconf 85' lang='lat' dir='ltr'>diaconum,</span> <span class='ocrx_word' id='word_1_124' title='bbox 1411 957 1459 998; x_wconf 90' lang='lat' dir='ltr'>ee·</span> 
     </span>
     <span class='ocr_line' id='line_1_29' title="bbox 852 1036 1458 1120; baseline -0.002 -19"><span class='ocrx_word' id='word_1_125' title='bbox 852 1037 1029 1101; x_wconf 86' lang='lat' dir='ltr'>clesiastioo</span> <span class='ocrx_word' id='word_1_126' title='bbox 1044 1036 1164 1100; x_wconf 83' lang='lat' dir='ltr'><strong>honore</strong></span> <span class='ocrx_word' id='word_1_127' title='bbox 1180 1037 1395 1120; x_wconf 77' lang='lat' dir='ltr'>dignissimos,</span> <span class='ocrx_word' id='word_1_128' title='bbox 1419 1038 1458 1100; x_wconf 90' lang='lat' dir='ltr'>ad</span> 
     </span>
     <span class='ocr_line' id='line_1_30' title="bbox 851 1139 1459 1223; baseline 0 -21"><span class='ocrx_word' id='word_1_129' title='bbox 851 1161 979 1203; x_wconf 87' lang='lat' dir='ltr'>causam</span> <span class='ocrx_word' id='word_1_130' title='bbox 994 1139 1192 1222; x_wconf 73' lang='lat' dir='ltr'>pertinentia</span> <span class='ocrx_word' id='word_1_131' title='bbox 1213 1140 1459 1223; x_wconf 51' lang='lat' dir='ltr'>rescripsisses)</span> 
     </span>
     <span class='ocr_line' id='line_1_31' title="bbox 852 1241 1460 1326; baseline 0 -22"><span class='ocrx_word' id='word_1_132' title='bbox 852 1241 1011 1324; x_wconf 78' lang='lat' dir='ltr'>contenti,</span> <span class='ocrx_word' id='word_1_133' title='bbox 1036 1241 1192 1326; x_wconf 79' lang='lat' dir='ltr'>gratulati</span> <span class='ocrx_word' id='word_1_134' title='bbox 1214 1262 1321 1305; x_wconf 89' lang='lat' dir='ltr'>sumus</span> <span class='ocrx_word' id='word_1_135' title='bbox 1341 1242 1376 1304; x_wconf 91' lang='lat' dir='ltr'>in</span> <span class='ocrx_word' id='word_1_136' title='bbox 1391 1241 1460 1305; x_wconf 84' lang='lat' dir='ltr'>viro</span> 
     </span>
     <span class='ocr_line' id='line_1_32' title="bbox 851 1343 1461 1427; baseline 0.002 -21"><span class='ocrx_word' id='word_1_137' title='bbox 851 1343 971 1407; x_wconf 78' lang='lat' dir='ltr'>ordinis</span> <span class='ocrx_word' id='word_1_138' title='bbox 1008 1343 1109 1406; x_wconf 88' lang='lat' dir='ltr'>nostri</span> <span class='ocrx_word' id='word_1_139' title='bbox 1146 1365 1205 1427; x_wconf 90' lang='lat' dir='ltr'>par</span> <span class='ocrx_word' id='word_1_140' title='bbox 1241 1345 1391 1408; x_wconf 88' lang='lat' dir='ltr'>meritum</span> <span class='ocrx_word' id='word_1_141' title='bbox 1428 1345 1461 1407; x_wconf 87' lang='lat' dir='ltr'>et</span> 
     </span>
     <span class='ocr_line' id='line_1_33' title="bbox 851 1445 1461 1529; baseline 0.002 -22"><span class='ocrx_word' id='word_1_142' title='bbox 851 1445 1035 1529; x_wconf 84' lang='lat' dir='ltr'>religiosum</span> <span class='ocrx_word' id='word_1_143' title='bbox 1067 1467 1125 1508; x_wconf 89' lang='lat' dir='ltr'>nos</span> <span class='ocrx_word' id='word_1_144' title='bbox 1158 1445 1319 1509; x_wconf 85' lang='lat' dir='ltr'>invenisse</span> <span class='ocrx_word' id='word_1_145' title='bbox 1347 1466 1461 1529; x_wconf 92' lang='lat' dir='ltr'>propo-</span> 
     </span>
     <span class='ocr_line' id='line_1_34' title="bbox 852 1546 1461 1632; baseline 0.003 -23"><span class='ocrx_word' id='word_1_146' title='bbox 852 1547 962 1629; x_wconf 83' lang='lat' dir='ltr'>situm,</span> <span class='ocrx_word' id='word_1_147' title='bbox 987 1550 1019 1610; x_wconf 91' lang='lat' dir='ltr'>et</span> <span class='ocrx_word' id='word_1_148' title='bbox 1042 1568 1114 1610; x_wconf 92' lang='lat' dir='ltr'>cum</span> <span class='ocrx_word' id='word_1_149' title='bbox 1128 1546 1349 1632; x_wconf 75' lang='lat' dir='ltr'>legationis²⁰)</span> <span class='ocrx_word' id='word_1_150' title='bbox 1372 1568 1461 1611; x_wconf 88' lang='lat' dir='ltr'>man·</span> 
     </span>
     <span class='ocr_line' id='line_1_35' title="bbox 852 1648 1460 1731; baseline 0.005 -21"><span class='ocrx_word' id='word_1_151' title='bbox 852 1649 934 1711; x_wconf 89' lang='lat' dir='ltr'>datis</span> <span class='ocrx_word' id='word_1_152' title='bbox 963 1648 1122 1731; x_wconf 86' lang='lat' dir='ltr'>sapientia</span> <span class='ocrx_word' id='word_1_153' title='bbox 1157 1652 1189 1712; x_wconf 89' lang='lat' dir='ltr'>et</span> <span class='ocrx_word' id='word_1_154' title='bbox 1216 1648 1356 1712; x_wconf 89' lang='lat' dir='ltr'>moribus</span> <span class='ocrx_word' id='word_1_155' title='bbox 1387 1670 1460 1713; x_wconf 88' lang='lat' dir='ltr'>con-</span> 
     </span>
     <span class='ocr_line' id='line_1_36' title="bbox 853 1749 1462 1835; baseline -0.002 -21"><span class='ocrx_word' id='word_1_156' title='bbox 853 1771 980 1834; x_wconf 86' lang='lat' dir='ltr'>gruens.</span> <span class='ocrx_word' id='word_1_157' title='bbox 1009 1749 1127 1814; x_wconf 84' lang='lat' dir='ltr'>Votiva</span> <span class='ocrx_word' id='word_1_158' title='bbox 1150 1751 1236 1814; x_wconf 90' lang='lat' dir='ltr'>enim</span> <span class='ocrx_word' id='word_1_159' title='bbox 1251 1773 1302 1814; x_wconf 91' lang='lat' dir='ltr'>res</span> <span class='ocrx_word' id='word_1_160' title='bbox 1318 1754 1351 1814; x_wconf 91' lang='lat' dir='ltr'>et</span> <span class='ocrx_word' id='word_1_161' title='bbox 1365 1751 1462 1835; x_wconf 88' lang='lat' dir='ltr'>plena</span> 
     </span>
     <span class='ocr_line' id='line_1_37' title="bbox 853 1852 1461 1937; baseline 0.003 -23"><span class='ocrx_word' id='word_1_162' title='bbox 853 1852 961 1936; x_wconf 84' lang='lat' dir='ltr'>gaudii</span> <span class='ocrx_word' id='word_1_163' title='bbox 978 1856 1036 1935; x_wconf 78' lang='lat' dir='ltr'>est,</span> <span class='ocrx_word' id='word_1_164' title='bbox 1061 1853 1097 1914; x_wconf 89' lang='lat' dir='ltr'>ut</span> <span class='ocrx_word' id='word_1_165' title='bbox 1119 1852 1185 1915; x_wconf 88' lang='lat' dir='ltr'>sint</span> <span class='ocrx_word' id='word_1_166' title='bbox 1203 1852 1299 1935; x_wconf 82' lang='lat' dir='ltr'>juxta</span> <span class='ocrx_word' id='word_1_167' title='bbox 1307 1853 1348 1937; x_wconf 82' lang='lat'>³⁰)</span> <span class='ocrx_word' id='word_1_168' title='bbox 1369 1853 1461 1916; x_wconf 88' lang='lat' dir='ltr'>aesti-</span> 
     </span>
     <span class='ocr_line' id='line_1_38' title="bbox 853 1953 1461 2038; baseline 0 -21"><span class='ocrx_word' id='word_1_169' title='bbox 853 1953 1026 2018; x_wconf 83' lang='lat' dir='ltr'>mationem</span> <span class='ocrx_word' id='word_1_170' title='bbox 1049 1953 1247 2036; x_wconf 84' lang='lat' dir='ltr'>probabiles,</span> <span class='ocrx_word' id='word_1_171' title='bbox 1278 1976 1356 2038; x_wconf 89' lang='lat' dir='ltr'>quos</span> <span class='ocrx_word' id='word_1_172' title='bbox 1379 1976 1461 2017; x_wconf 90' lang='lat' dir='ltr'>com-</span> 
     </span>
     <span class='ocr_line' id='line_1_39' title="bbox 851 2055 1462 2139; baseline 0.002 -21"><span class='ocrx_word' id='word_1_173' title='bbox 851 2056 1013 2119; x_wconf 91' lang='lat' dir='ltr'>munionis</span> <span class='ocrx_word' id='word_1_174' title='bbox 1036 2058 1069 2118; x_wconf 87' lang='lat' dir='ltr'>et</span> <span class='ocrx_word' id='word_1_175' title='bbox 1082 2055 1181 2119; x_wconf 85' lang='lat' dir='ltr'>officii</span> <span class='ocrx_word' id='word_1_176' title='bbox 1204 2056 1377 2139; x_wconf 85' lang='lat' dir='ltr'>contigerit</span> <span class='ocrx_word' id='word_1_177' title='bbox 1394 2077 1462 2119; x_wconf 88' lang='lat' dir='ltr'>esse</span> 
     </span>
    </p>
   </div>
   <div class='ocr_carea' id='block_1_6' title="bbox 853 2157 1462 2342">
    <p class='ocr_par' dir='ltr' id='par_1_6' title="bbox 853 2157 1462 2342">
     <span class='ocr_line' id='line_1_40' title="bbox 853 2157 1462 2242; baseline -0.002 -22"><span class='ocrx_word' id='word_1_178' title='bbox 853 2160 1026 2221; x_wconf 81' lang='lat' dir='ltr'>consortes,</span> <span class='ocrx_word' id='word_1_179' title='bbox 1072 2157 1204 2242; x_wconf 82' lang='lat' dir='ltr'>Data³¹)</span> <span class='ocrx_word' id='word_1_180' title='bbox 1227 2157 1289 2221; x_wconf 89' lang='lat' dir='ltr'>VII</span> <span class='ocrx_word' id='word_1_181' title='bbox 1306 2157 1462 2223; x_wconf 76' lang='lat' dir='ltr'>Calendas</span> 
     </span>
     <span class='ocr_line' id='line_1_41' title="bbox 856 2257 1311 2342; baseline 0.011 -21"><span class='ocrx_word' id='word_1_182' title='bbox 856 2258 992 2342; x_wconf 84' lang='lat' dir='ltr'>Aprilis,</span> <span class='ocrx_word' id='word_1_183' title='bbox 1017 2257 1146 2323; x_wconf 86' lang='lat' dir='ltr'>Valerio</span> <span class='ocrx_word' id='word_1_184' title='bbox 1171 2259 1311 2329; x_wconf 81' lang='lat' dir='ltr'>consule.</span> 
     </span>
    </p>
   </div>
   <div class='ocr_carea' id='block_1_7' title="bbox 690 2733 975 2836">
    <p class='ocr_par' dir='ltr' id='par_1_7' title="bbox 690 2733 975 2836">
     <span class='ocr_line' id='line_1_42' title="bbox 690 2733 975 2836; baseline -0.004 -19"><span class='ocrx_word' id='word_1_185' title='bbox 690 2733 872 2836; x_wconf 82' lang='lat' dir='ltr'>Epistola</span> <span class='ocrx_word' id='word_1_186' title='bbox 898 2735 975 2816; x_wconf 77' lang='lat'><strong>142.</strong></span> 
     </span>
    </p>
   </div>
   <div class='ocr_carea' id='block_1_8' title="bbox 259 2883 1613 3027">
    <p class='ocr_par' dir='ltr' id='par_1_8' title="bbox 259 2883 1613 3027">
     <span class='ocr_line' id='line_1_43' title="bbox 259 2883 1613 3027; baseline 0.004 -76"><span class='ocrx_word' id='word_1_187' title='bbox 259 2885 471 2952; x_wconf 86' lang='lat' dir='ltr'>llermisdae</span> <span class='ocrx_word' id='word_1_188' title='bbox 494 2902 603 2969; x_wconf 89' lang='lat' dir='ltr'>papae</span> <span class='ocrx_word' id='word_1_189' title='bbox 626 2885 669 2951; x_wconf 83' lang='lat' dir='ltr'>ml</span> <span class='ocrx_word' id='word_1_190' title='bbox 692 2883 892 2952; x_wconf 79' lang='lat' dir='ltr'>Salustium</span> <span class='ocrx_word' id='word_1_191' title='bbox 915 2886 1164 2970; x_wconf 85' lang='lat' dir='ltr'>Hispaleusom</span> <span class='ocrx_word' id='word_1_192' title='bbox 1185 2887 1400 2971; x_wconf 84' lang='lat' dir='ltr'>episcopum.</span> <span class='ocrx_word' id='word_1_193' title='bbox 1473 2894 1613 3027; x_wconf 48' lang='grc' dir='ltr'>(ολρξριρι</span> 
     </span>
    </p>
   </div>
   <div class='ocr_carea' id='block_1_9' title="bbox 400 3026 1259 3091">
    <p class='ocr_par' dir='ltr' id='par_1_9' title="bbox 400 3026 1259 3091">
     <span class='ocr_line' id='line_1_44' title="bbox 400 3026 1259 3091; baseline 0.001 -17"><span class='ocrx_word' id='word_1_194' title='bbox 400 3028 437 3076; x_wconf 77' lang='lat' dir='ltr'>Ile</span> <span class='ocrx_word' id='word_1_195' title='bbox 456 3028 584 3076; x_wconf 71' lang='lat' dir='ltr'>neminisse</span> <span class='ocrx_word' id='word_1_196' title='bbox 603 3029 655 3075; x_wconf 82' lang='lat' dir='ltr'>viee</span> <span class='ocrx_word' id='word_1_197' title='bbox 673 3043 720 3091; x_wconf 83' lang='lat' dir='ltr'>per</span> <span class='ocrx_word' id='word_1_198' title='bbox 740 3026 869 3075; x_wconf 79' lang='lat' dir='ltr'>Baeticam</span> <span class='ocrx_word' id='word_1_199' title='bbox 888 3033 912 3073; x_wconf 81' lang='lat' dir='ltr'>et</span> <span class='ocrx_word' id='word_1_200' title='bbox 935 3026 1089 3074; x_wconf 78' lang='lat' dir='ltr'>Lusitaniam</span> <span class='ocrx_word' id='word_1_201' title='bbox 1107 3028 1259 3090; x_wconf 77' lang='lat' dir='ltr'>provincias.</span> 
     </span>
    </p>
   </div>
   <div class='ocr_carea' id='block_1_10' title="bbox 350 3140 1206 3206">
    <p class='ocr_par' dir='ltr' id='par_1_10' title="bbox 350 3140 1206 3206">
     <span class='ocr_line' id='line_1_45' title="bbox 350 3140 1206 3206; baseline 0.001 -2"><span class='ocrx_word' id='word_1_202' title='bbox 350 3140 622 3206; x_wconf 87' lang='lat' dir='ltr'>Dilectissimo</span> <span class='ocrx_word' id='word_1_203' title='bbox 644 3142 764 3205; x_wconf 84' lang='lat' dir='ltr'>fratri</span> <span class='ocrx_word' id='word_1_204' title='bbox 787 3141 966 3205; x_wconf 84' lang='lat' dir='ltr'>Salustie</span> <span class='ocrx_word' id='word_1_205' title='bbox 988 3140 1206 3205; x_wconf 85' lang='lat' dir='ltr'>Hormisda.</span> 
     </span>
    </p>
   </div>
   <div class='ocr_carea' id='block_1_11' title="bbox 195 3260 1465 3752">
    <p class='ocr_par' dir='ltr' id='par_1_11' title="bbox 195 3260 1465 3752">
     <span class='ocr_line' id='line_1_46' title="bbox 287 3260 1463 3345; baseline 0 -21"><span class='ocrx_word' id='word_1_206' title='bbox 287 3263 314 3324; x_wconf 90' lang='lat'>1.</span> <span class='ocrx_word' id='word_1_207' title='bbox 349 3261 565 3345; x_wconf 74' lang='lat' dir='ltr'>Suscipientes</span> <span class='ocrx_word' id='word_1_208' title='bbox 587 3261 683 3344; x_wconf 87' lang='lat' dir='ltr'>plena</span> <span class='ocrx_word' id='word_1_209' title='bbox 702 3261 916 3325; x_wconf 75' lang='lat' dir='ltr'>fraternitatis</span> <span class='ocrx_word' id='word_1_210' title='bbox 937 3264 1012 3324; x_wconf 88' lang='lat' dir='ltr'>tuae</span> <span class='ocrx_word' id='word_1_211' title='bbox 1034 3260 1140 3324; x_wconf 88' lang='lat' dir='ltr'>votiva</span> <span class='ocrx_word' id='word_1_212' title='bbox 1162 3261 1379 3344; x_wconf 73' lang='lat' dir='ltr'>gratulatione</span> <span class='ocrx_word' id='word_1_213' title='bbox 1402 3262 1463 3327; x_wconf 87' lang='lat' dir='ltr'>eol-</span> 
     </span>
     <span class='ocr_line' id='line_1_47' title="bbox 195 3361 1463 3448; baseline 0.001 -22"><span class='ocrx_word' id='word_1_214' title='bbox 195 3363 321 3448; x_wconf 84' lang='lat' dir='ltr'>loquia,</span> <span class='ocrx_word' id='word_1_215' title='bbox 345 3363 493 3447; x_wconf 85' lang='lat' dir='ltr'>quibus¹)</span> <span class='ocrx_word' id='word_1_216' title='bbox 515 3385 574 3426; x_wconf 89' lang='lat' dir='ltr'>uos</span> <span class='ocrx_word' id='word_1_217' title='bbox 597 3363 744 3446; x_wconf 81' lang='lat' dir='ltr'>geminae</span> <span class='ocrx_word' id='word_1_218' title='bbox 767 3361 880 3426; x_wconf 90' lang='lat' dir='ltr'>salutis</span> <span class='ocrx_word' id='word_1_219' title='bbox 901 3366 976 3426; x_wconf 85' lang='lat' dir='ltr'>tuae</span> <span class='ocrx_word' id='word_1_220' title='bbox 999 3362 1184 3425; x_wconf 81' lang='lat' dir='ltr'>laetificavit</span> <span class='ocrx_word' id='word_1_221' title='bbox 1204 3362 1373 3446; x_wconf 77' lang='lat' dir='ltr'>indicium,</span> <span class='ocrx_word' id='word_1_222' title='bbox 1398 3385 1463 3427; x_wconf 85' lang='lat' dir='ltr'>coi·-</span> 
     </span>
     <span class='ocr_line' id='line_1_48' title="bbox 195 3463 1464 3551; baseline -0.002 -21"><span class='ocrx_word' id='word_1_223' title='bbox 195 3465 300 3551; x_wconf 87' lang='lat' dir='ltr'>porali</span> <span class='ocrx_word' id='word_1_224' title='bbox 331 3486 402 3528; x_wconf 86' lang='lat' dir='ltr'>eum</span> <span class='ocrx_word' id='word_1_225' title='bbox 429 3464 649 3548; x_wconf 88' lang='lat' dir='ltr'>spiritualibus</span> <span class='ocrx_word' id='word_1_226' title='bbox 677 3464 790 3527; x_wconf 87' lang='lat' dir='ltr'>officiis</span> <span class='ocrx_word' id='word_1_227' title='bbox 818 3463 1038 3527; x_wconf 87' lang='lat' dir='ltr'>incolumitate</span> <span class='ocrx_word' id='word_1_228' title='bbox 1067 3463 1252 3548; x_wconf 76' lang='lat' dir='ltr'>subnixum,</span> <span class='ocrx_word' id='word_1_229' title='bbox 1288 3486 1464 3549; x_wconf 84' lang='lat' dir='ltr'>congruum</span> 
     </span>
     <span class='ocr_line' id='line_1_49' title="bbox 196 3565 1465 3651; baseline -0.002 -19"><span class='ocrx_word' id='word_1_230' title='bbox 196 3591 266 3632; x_wconf 86' lang='lat' dir='ltr'>esse</span> <span class='ocrx_word' id='word_1_231' title='bbox 289 3567 517 3651; x_wconf 84' lang='lat' dir='ltr'>perspeximus,</span> <span class='ocrx_word' id='word_1_232' title='bbox 546 3565 629 3630; x_wconf 87' lang='lat' dir='ltr'>hane</span> <span class='ocrx_word' id='word_1_233' title='bbox 651 3565 764 3650; x_wconf 84' lang='lat' dir='ltr'>ipsam,</span> <span class='ocrx_word' id='word_1_234' title='bbox 789 3588 883 3649; x_wconf 89' lang='lat' dir='ltr'>quam</span> <span class='ocrx_word' id='word_1_235' title='bbox 906 3571 1013 3629; x_wconf 88' lang='lat' dir='ltr'>mente</span> <span class='ocrx_word' id='word_1_236' title='bbox 1036 3565 1185 3648; x_wconf 71' lang='lat' dir='ltr'>gentitus,</span> <span class='ocrx_word' id='word_1_237' title='bbox 1215 3566 1319 3630; x_wconf 81' lang='lat' dir='ltr'>verbis</span> <span class='ocrx_word' id='word_1_238' title='bbox 1341 3567 1465 3650; x_wconf 85' lang='lat' dir='ltr'>aperire</span> 
     </span>
     <span class='ocr_line' id='line_1_50' title="bbox 196 3667 1464 3752; baseline -0.002 -18"><span class='ocrx_word' id='word_1_239' title='bbox 196 3669 366 3734; x_wconf 90' lang='lat' dir='ltr'>laetitiam.</span> <span class='ocrx_word' id='word_1_240' title='bbox 411 3668 548 3732; x_wconf 78' lang='lat' dir='ltr'>Edidisti</span> <span class='ocrx_word' id='word_1_241' title='bbox 571 3668 655 3731; x_wconf 87' lang='lat' dir='ltr'>enim</span> <span class='ocrx_word' id='word_1_242' title='bbox 678 3667 753 3731; x_wconf 89' lang='lat' dir='ltr'>boni</span> <span class='ocrx_word' id='word_1_243' title='bbox 776 3667 966 3731; x_wconf 88' lang='lat' dir='ltr'>documenta</span> <span class='ocrx_word' id='word_1_244' title='bbox 988 3668 1148 3750; x_wconf 87' lang='lat' dir='ltr'>pontificis</span> <span class='ocrx_word' id='word_1_245' title='bbox 1155 3718 1163 3750; x_wconf 81' lang='grc'><em>,</em></span> <span class='ocrx_word' id='word_1_246' title='bbox 1192 3668 1266 3731; x_wconf 90' lang='lat' dir='ltr'>dum</span> <span class='ocrx_word' id='word_1_247' title='bbox 1288 3672 1320 3732; x_wconf 89' lang='lat' dir='ltr'>et</span> <span class='ocrx_word' id='word_1_248' title='bbox 1343 3669 1464 3752; x_wconf 86' lang='lat' dir='ltr'>praedi·</span> 
     </span>
    </p>
   </div>
   <div class='ocr_carea' id='block_1_12' title="bbox 196 3818 1466 4059">
    <p class='ocr_par' dir='ltr' id='par_1_12' title="bbox 196 3818 1466 4059">
     <span class='ocr_line' id='line_1_51' title="bbox 196 3818 1465 3888; baseline -0.003 -11"><span class='ocrx_word' id='word_1_249' title='bbox 196 3839 311 3877; x_wconf 70' lang='lat' dir='ltr'>(musam</span> <span class='ocrx_word' id='word_1_250' title='bbox 327 3820 611 3875; x_wconf 69' lang='lat' dir='ltr'>&#39;thessalonicensium</span> <span class='ocrx_word' id='word_1_251' title='bbox 631 3837 681 3873; x_wconf 87' lang='lat' dir='ltr'>nec</span> <span class='ocrx_word' id='word_1_252' title='bbox 699 3819 855 3888; x_wconf 77' lang='lat' dir='ltr'>Epiphanio</span> <span class='ocrx_word' id='word_1_253' title='bbox 879 3819 980 3872; x_wconf 89' lang='lat' dir='ltr'>nedum</span> <span class='ocrx_word' id='word_1_254' title='bbox 1002 3818 1089 3887; x_wconf 82' lang='lat' dir='ltr'>ipsius</span> <span class='ocrx_word' id='word_1_255' title='bbox 1112 3819 1211 3888; x_wconf 78' lang='lat' dir='ltr'>legatis</span> <span class='ocrx_word' id='word_1_256' title='bbox 1229 3820 1465 3885; x_wconf 78' lang='lat' dir='ltr'>eontmittemlsm,</span> 
     </span>
     <span class='ocr_line' id='line_1_52' title="bbox 196 3892 1466 3974; baseline -0.002 -13"><span class='ocrx_word' id='word_1_257' title='bbox 196 3908 245 3961; x_wconf 83' lang='lat' dir='ltr'>scd</span> <span class='ocrx_word' id='word_1_258' title='bbox 264 3905 317 3959; x_wconf 87' lang='lat' dir='ltr'>sibi</span> <span class='ocrx_word' id='word_1_259' title='bbox 336 3905 500 3959; x_wconf 79' lang='lat' dir='ltr'>servandam</span> <span class='ocrx_word' id='word_1_260' title='bbox 518 3905 640 3974; x_wconf 79' lang='lat' dir='ltr'>putavit,</span> <span class='ocrx_word' id='word_1_261' title='bbox 662 3903 857 3973; x_wconf 70' lang='lat' dir='ltr'>utpoteapud</span> <span class='ocrx_word' id='word_1_262' title='bbox 880 3919 949 3971; x_wconf 88' lang='lat' dir='ltr'>quos</span> <span class='ocrx_word' id='word_1_263' title='bbox 967 3892 1135 3972; x_wconf 87' lang='lat' dir='ltr'>apostelicae</span> <span class='ocrx_word' id='word_1_264' title='bbox 1155 3903 1227 3957; x_wconf 86' lang='lat' dir='ltr'>sedis</span> <span class='ocrx_word' id='word_1_265' title='bbox 1244 3904 1354 3973; x_wconf 78' lang='lat' dir='ltr'>legatus</span> <span class='ocrx_word' id='word_1_266' title='bbox 1372 3922 1466 3960; x_wconf 73' lang='lat' dir='ltr'>caesus</span> 
     </span>
     <span class='ocr_line' id='line_1_53' title="bbox 197 3991 430 4059; baseline -0.004 -15"><span class='ocrx_word' id='word_1_267' title='bbox 197 3991 313 4059; x_wconf 80' lang='lat' dir='ltr'>imlr&#39;gne</span> <span class='ocrx_word' id='word_1_268' title='bbox 331 3991 430 4044; x_wconf 83' lang='lat' dir='ltr'>suerat.</span> 
     </span>
    </p>
   </div>
   <div class='ocr_carea' id='block_1_13' title="bbox 191 4072 1468 4998">
    <p class='ocr_par' dir='ltr' id='par_1_13' title="bbox 195 4072 1466 4231">
     <span class='ocr_line' id='line_1_54' title="bbox 266 4072 1466 4144; baseline 0.001 -15"><span class='ocrx_word' id='word_1_269' title='bbox 266 4081 299 4144; x_wconf 72' lang='lat'>²⁸)</span> <span class='ocrx_word' id='word_1_270' title='bbox 318 4077 376 4129; x_wconf 85' lang='lat' dir='ltr'>a¹b</span> <span class='ocrx_word' id='word_1_271' title='bbox 394 4093 450 4144; x_wconf 86' lang='lat' dir='ltr'>seq.</span> <span class='ocrx_word' id='word_1_272' title='bbox 471 4080 666 4143; x_wconf 73' lang='lat' dir='ltr'>rorisen&#39;psae&#39;sse,</span> <span class='ocrx_word' id='word_1_273' title='bbox 685 4074 718 4128; x_wconf 68' lang='lat' dir='ltr'>G¹</span> <span class='ocrx_word' id='word_1_274' title='bbox 737 4079 885 4140; x_wconf 73' lang='lat' dir='ltr'>scripsisse:</span> <span class='ocrx_word' id='word_1_275' title='bbox 904 4072 1061 4127; x_wconf 80' lang='lat' dir='ltr'>concinnius</span> <span class='ocrx_word' id='word_1_276' title='bbox 1081 4076 1103 4127; x_wconf 85' lang='grc' dir='ltr'>ο1</span> <span class='ocrx_word' id='word_1_277' title='bbox 1119 4076 1144 4127; x_wconf 85' lang='lat' dir='ltr'>c²</span> <span class='ocrx_word' id='word_1_278' title='bbox 1163 4090 1224 4128; x_wconf 90' lang='lat' dir='ltr'>cum</span> <span class='ocrx_word' id='word_1_279' title='bbox 1243 4075 1276 4128; x_wconf 87' lang='lat' dir='ltr'>al.</span> <span class='ocrx_word' id='word_1_280' title='bbox 1290 4093 1353 4129; x_wconf 89' lang='lat' dir='ltr'>mss.</span> <span class='ocrx_word' id='word_1_281' title='bbox 1372 4083 1466 4130; x_wconf 76' lang='lat' dir='ltr'>rescri-</span> 
     </span>
     <span class='ocr_line' id='line_1_55' title="bbox 195 4157 981 4231; baseline -0.005 -17"><span class='ocrx_word' id='word_1_282' title='bbox 195 4170 293 4231; x_wconf 71' lang='lat' dir='ltr'>psisse.</span> <span class='ocrx_word' id='word_1_283' title='bbox 314 4161 379 4228; x_wconf 88' lang='lat' dir='ltr'>quia</span> <span class='ocrx_word' id='word_1_284' title='bbox 396 4160 526 4215; x_wconf 86' lang='lat' dir='ltr'>nimirum</span> <span class='ocrx_word' id='word_1_285' title='bbox 544 4159 715 4229; x_wconf 81' lang='lat' dir='ltr'>Epiphanius</span> <span class='ocrx_word' id='word_1_286' title='bbox 733 4158 809 4227; x_wconf 88' lang='lat' dir='ltr'>prius</span> <span class='ocrx_word' id='word_1_287' title='bbox 826 4157 981 4227; x_wconf 83' lang='lat' dir='ltr'>scripserat.</span> 
     </span>
    </p>

    <p class='ocr_par' dir='ltr' id='par_1_14' title="bbox 194 4242 1467 4570">
     <span class='ocr_line' id='line_1_56' title="bbox 267 4242 1465 4314; baseline -0.003 -13"><span class='ocrx_word' id='word_1_288' title='bbox 267 4249 300 4314; x_wconf 65' lang='lat'>²³)</span> <span class='ocrx_word' id='word_1_289' title='bbox 320 4249 343 4300; x_wconf 75' lang='grc' dir='ltr'>οΙ</span> <span class='ocrx_word' id='word_1_290' title='bbox 359 4249 384 4301; x_wconf 71' lang='lat' dir='ltr'>c²</span> <span class='ocrx_word' id='word_1_291' title='bbox 401 4252 534 4314; x_wconf 77' lang='grc' dir='ltr'><em>Ιεμοίίοαίι·</em></span> <span class='ocrx_word' id='word_1_292' title='bbox 555 4251 674 4299; x_wconf 66' lang='lat' dir='ltr'>miradolo</span> <span class='ocrx_word' id='word_1_293' title='bbox 693 4256 717 4298; x_wconf 84' lang='lat' dir='ltr'>et</span> <span class='ocrx_word' id='word_1_294' title='bbox 735 4250 876 4312; x_wconf 81' lang='lat' dir='ltr'>snpientia:</span> <span class='ocrx_word' id='word_1_295' title='bbox 900 4243 933 4297; x_wconf 63' lang='grc' dir='ltr'>(δ’</span> <span class='ocrx_word' id='word_1_296' title='bbox 948 4243 1006 4296; x_wconf 81' lang='lat' dir='ltr'>a¹b</span> <span class='ocrx_word' id='word_1_297' title='bbox 1026 4259 1082 4310; x_wconf 78' lang='lat' dir='ltr'>seq.</span> <span class='ocrx_word' id='word_1_298' title='bbox 1102 4242 1123 4295; x_wconf 78' lang='lat' dir='ltr'>i²</span> <span class='ocrx_word' id='word_1_299' title='bbox 1143 4249 1269 4313; x_wconf 76' lang='grc' dir='ltr'><em>Ιομοίὶοκο</em></span> <span class='ocrx_word' id='word_1_300' title='bbox 1287 4251 1407 4298; x_wconf 71' lang='lat' dir='ltr'>stratulum</span> <span class='ocrx_word' id='word_1_301' title='bbox 1424 4265 1465 4298; x_wconf 83' lang='lat' dir='ltr'>sc·</span> 
     </span>
     <span class='ocr_line' id='line_1_57' title="bbox 194 4327 1467 4403; baseline -0.004 -17"><span class='ocrx_word' id='word_1_302' title='bbox 194 4339 312 4403; x_wconf 76' lang='lat' dir='ltr'>pientiae</span> <span class='ocrx_word' id='word_1_303' title='bbox 331 4332 375 4399; x_wconf 84' lang='lat' dir='ltr'>(G¹</span> <span class='ocrx_word' id='word_1_304' title='bbox 389 4331 410 4383; x_wconf 83' lang='lat' dir='ltr'>i²</span> <span class='ocrx_word' id='word_1_305' title='bbox 427 4333 565 4399; x_wconf 76' lang='lat' dir='ltr'>sapientie)</span> <span class='ocrx_word' id='word_1_306' title='bbox 641 4342 803 4399; x_wconf 69' lang='lat' dir='ltr'>conprecare.</span> <span class='ocrx_word' id='word_1_307' title='bbox 843 4329 948 4382; x_wconf 82' lang='lat' dir='ltr'>Haeret</span> <span class='ocrx_word' id='word_1_308' title='bbox 965 4327 1113 4381; x_wconf 87' lang='lat' dir='ltr'>Hormisda</span> <span class='ocrx_word' id='word_1_309' title='bbox 1134 4327 1163 4380; x_wconf 91' lang='lat' dir='ltr'>in</span> <span class='ocrx_word' id='word_1_310' title='bbox 1186 4328 1312 4382; x_wconf 87' lang='lat' dir='ltr'>laudibus</span> <span class='ocrx_word' id='word_1_311' title='bbox 1333 4328 1467 4381; x_wconf 81' lang='lat' dir='ltr'>Johsunis</span> 
     </span>
     <span class='ocr_line' id='line_1_58' title="bbox 196 4412 1466 4488; baseline -0.006 -15"><span class='ocrx_word' id='word_1_312' title='bbox 196 4416 324 4488; x_wconf 85' lang='lat' dir='ltr'>episcopi</span> <span class='ocrx_word' id='word_1_313' title='bbox 343 4414 588 4484; x_wconf 82' lang='lat' dir='ltr'>Claudiopolitani,</span> <span class='ocrx_word' id='word_1_314' title='bbox 606 4415 672 4483; x_wconf 90' lang='lat' dir='ltr'>quia</span> <span class='ocrx_word' id='word_1_315' title='bbox 688 4413 834 4482; x_wconf 86' lang='lat' dir='ltr'>legationis</span> <span class='ocrx_word' id='word_1_316' title='bbox 852 4412 979 4481; x_wconf 84' lang='lat' dir='ltr'>princeps</span> <span class='ocrx_word' id='word_1_317' title='bbox 997 4416 1070 4478; x_wconf 91' lang='lat' dir='ltr'>erat,</span> <span class='ocrx_word' id='word_1_318' title='bbox 1089 4412 1159 4467; x_wconf 84' lang='lat' dir='ltr'>adeo</span> <span class='ocrx_word' id='word_1_319' title='bbox 1178 4416 1209 4466; x_wconf 91' lang='lat' dir='ltr'>ut</span> <span class='ocrx_word' id='word_1_320' title='bbox 1227 4413 1363 4479; x_wconf 81' lang='lat' dir='ltr'>lustinus,</span> <span class='ocrx_word' id='word_1_321' title='bbox 1382 4430 1466 4480; x_wconf 88' lang='lat' dir='ltr'>quum</span> 
     </span>
     <span class='ocr_line' id='line_1_59' title="bbox 196 4496 1465 4570; baseline -0.008 -12"><span class='ocrx_word' id='word_1_322' title='bbox 196 4506 272 4558; x_wconf 79' lang='lat' dir='ltr'>harre</span> <span class='ocrx_word' id='word_1_323' title='bbox 292 4501 485 4555; x_wconf 86' lang='lat' dir='ltr'>destinandam</span> <span class='ocrx_word' id='word_1_324' title='bbox 504 4500 694 4570; x_wconf 86' lang='lat' dir='ltr'>polliceretur,</span> <span class='ocrx_word' id='word_1_325' title='bbox 717 4516 801 4552; x_wconf 87' lang='lat' dir='ltr'>uuum</span> <span class='ocrx_word' id='word_1_326' title='bbox 823 4496 901 4550; x_wconf 90' lang='lat' dir='ltr'>illum</span> <span class='ocrx_word' id='word_1_327' title='bbox 919 4498 1100 4562; x_wconf 84' lang='lat' dir='ltr'>memoraret,</span> <span class='ocrx_word' id='word_1_328' title='bbox 1123 4499 1155 4550; x_wconf 91' lang='lat' dir='ltr'>ut</span> <span class='ocrx_word' id='word_1_329' title='bbox 1172 4497 1289 4551; x_wconf 81' lang='lat' dir='ltr'>vidimus</span> <span class='ocrx_word' id='word_1_330' title='bbox 1307 4497 1386 4566; x_wconf 84' lang='lat' dir='ltr'>epist.</span> <span class='ocrx_word' id='word_1_331' title='bbox 1410 4503 1465 4550; x_wconf 70' lang='lat' dir='ltr'>l‘Jd.</span> 
     </span>
    </p>

    <p class='ocr_par' dir='ltr' id='par_1_15' title="bbox 268 4582 1380 4651">
     <span class='ocr_line' id='line_1_60' title="bbox 268 4582 1380 4651; baseline -0.004 -11"><span class='ocrx_word' id='word_1_332' title='bbox 268 4592 301 4651; x_wconf 81' lang='lat'>³⁰)</span> <span class='ocrx_word' id='word_1_333' title='bbox 320 4586 364 4640; x_wconf 86' lang='lat' dir='ltr'>lta</span> <span class='ocrx_word' id='word_1_334' title='bbox 382 4588 405 4639; x_wconf 75' lang='grc' dir='ltr'>τ’</span> <span class='ocrx_word' id='word_1_335' title='bbox 420 4590 445 4639; x_wconf 85' lang='lat' dir='ltr'>c²</span> <span class='ocrx_word' id='word_1_336' title='bbox 464 4603 526 4639; x_wconf 89' lang='lat' dir='ltr'>eum</span> <span class='ocrx_word' id='word_1_337' title='bbox 543 4603 606 4637; x_wconf 79' lang='lat' dir='ltr'>mss</span> <span class='ocrx_word' id='word_1_338' title='bbox 627 4585 737 4637; x_wconf 74' lang='lat' dir='ltr'>tarento</span> <span class='ocrx_word' id='word_1_339' title='bbox 756 4598 864 4651; x_wconf 77' lang='lat' dir='ltr'>gracco.</span> <span class='ocrx_word' id='word_1_340' title='bbox 902 4583 939 4634; x_wconf 80' lang='lat' dir='ltr'>At</span> <span class='ocrx_word' id='word_1_341' title='bbox 957 4582 1015 4635; x_wconf 85' lang='lat' dir='ltr'>a&#39;b</span> <span class='ocrx_word' id='word_1_342' title='bbox 1033 4589 1179 4651; x_wconf 68' lang='grc' dir='ltr'><em>ιστημιαν</em></span> <span class='ocrx_word' id='word_1_343' title='bbox 1197 4589 1380 4640; x_wconf 74' lang='lat' dir='ltr'>aestimatione.</span> 
     </span>
    </p>

    <p class='ocr_par' dir='ltr' id='par_1_16' title="bbox 191 4666 1468 4998">
     <span class='ocr_line' id='line_1_61' title="bbox 266 4666 1467 4739; baseline -0.002 -16"><span class='ocrx_word' id='word_1_344' title='bbox 266 4676 301 4739; x_wconf 77' lang='lat'>³¹)</span> <span class='ocrx_word' id='word_1_345' title='bbox 322 4670 495 4725; x_wconf 73' lang='lat' dir='ltr'>ltaG1a1b.</span> <span class='ocrx_word' id='word_1_346' title='bbox 533 4671 569 4723; x_wconf 88' lang='lat' dir='ltr'>At</span> <span class='ocrx_word' id='word_1_347' title='bbox 587 4685 678 4737; x_wconf 78' lang='lat' dir='ltr'>graec.</span> <span class='ocrx_word' id='word_1_348' title='bbox 697 4668 738 4720; x_wconf 86' lang='lat' dir='ltr'>ita</span> <span class='ocrx_word' id='word_1_349' title='bbox 756 4666 872 4720; x_wconf 87' lang='lat' dir='ltr'>claudit:</span> <span class='ocrx_word' id='word_1_350' title='bbox 897 4671 932 4719; x_wconf 74' lang='lat' dir='ltr'>Ee</span> <span class='ocrx_word' id='word_1_351' title='bbox 950 4673 1093 4719; x_wconf 81' lang='lat' dir='ltr'>aliaumnu.</span> <span class='ocrx_word' id='word_1_352' title='bbox 1127 4673 1328 4721; x_wconf 76' lang='lat' dir='ltr'>llenstesunum</span> <span class='ocrx_word' id='word_1_353' title='bbox 1342 4673 1467 4722; x_wconf 79' lang='lat' dir='ltr'>custodiat</span> 
     </span>
     <span class='ocr_line' id='line_1_62' title="bbox 191 4750 942 4829; baseline -0.009 -18"><span class='ocrx_word' id='word_1_354' title='bbox 191 4770 286 4829; x_wconf 66' lang='lat' dir='ltr'>frater</span> <span class='ocrx_word' id='word_1_355' title='bbox 303 4761 459 4811; x_wconf 74' lang='lat' dir='ltr'>venerabilis.</span> <span class='ocrx_word' id='word_1_356' title='bbox 496 4755 583 4808; x_wconf 83' lang='lat' dir='ltr'>JOc¹</span> <span class='ocrx_word' id='word_1_357' title='bbox 598 4754 619 4806; x_wconf 82' lang='lat' dir='ltr'>i²</span> <span class='ocrx_word' id='word_1_358' title='bbox 638 4756 784 4819; x_wconf 88' lang='lat' dir='ltr'>utrumque</span> <span class='ocrx_word' id='word_1_359' title='bbox 803 4750 942 4804; x_wconf 89' lang='lat' dir='ltr'>omittunt.</span> 
     </span>
     <span class='ocr_line' id='line_1_63' title="bbox 195 4841 1468 4908; baseline -0.005 -10"><span class='ocrx_word' id='word_1_360' title='bbox 195 4852 248 4901; x_wconf 73' lang='lat'>142&gt;</span> <span class='ocrx_word' id='word_1_361' title='bbox 288 4847 306 4908; x_wconf 83' lang='lat'>¹)</span> <span class='ocrx_word' id='word_1_362' title='bbox 327 4843 369 4895; x_wconf 84' lang='lat' dir='ltr'>lta</span> <span class='ocrx_word' id='word_1_363' title='bbox 385 4841 400 4892; x_wconf 75' lang='lat' dir='ltr'>‚J</span> <span class='ocrx_word' id='word_1_364' title='bbox 414 4841 442 4892; x_wconf 75' lang='lat' dir='ltr'>i².</span> <span class='ocrx_word' id='word_1_365' title='bbox 473 4841 510 4894; x_wconf 78' lang='lat' dir='ltr'>At</span> <span class='ocrx_word' id='word_1_366' title='bbox 528 4843 551 4893; x_wconf 87' lang='grc' dir='ltr'>οΙ</span> <span class='ocrx_word' id='word_1_367' title='bbox 571 4857 628 4908; x_wconf 85' lang='lat' dir='ltr'>seq.</span> <span class='ocrx_word' id='word_1_368' title='bbox 648 4859 712 4908; x_wconf 83' lang='grc' dir='ltr'><em>ηαοε</em></span> <span class='ocrx_word' id='word_1_369' title='bbox 730 4856 776 4890; x_wconf 84' lang='lat' dir='ltr'>nos</span> <span class='ocrx_word' id='word_1_370' title='bbox 848 4843 1048 4903; x_wconf 78' lang='lat' dir='ltr'>laetificaverunt</span> <span class='ocrx_word' id='word_1_371' title='bbox 1065 4842 1170 4900; x_wconf 77' lang='lat' dir='ltr'>indicio,</span> <span class='ocrx_word' id='word_1_372' title='bbox 1188 4844 1310 4907; x_wconf 77' lang='lat' dir='ltr'>siquidem</span> <span class='ocrx_word' id='word_1_373' title='bbox 1328 4845 1468 4892; x_wconf 72' lang='lat' dir='ltr'>retulerunt</span> 
     </span>
     <span class='ocr_line' id='line_1_64' title="bbox 191 4921 1467 4998; baseline -0.005 -13"><span class='ocrx_word' id='word_1_374' title='bbox 191 4947 221 4987; x_wconf 76' lang='lat' dir='ltr'>te</span> <span class='ocrx_word' id='word_1_375' title='bbox 241 4933 383 4998; x_wconf 75' lang='lat' dir='ltr'>corporali.</span> <span class='ocrx_word' id='word_1_376' title='bbox 414 4921 483 4979; x_wconf 83' lang='lat' dir='ltr'>&#39;Mox</span> <span class='ocrx_word' id='word_1_377' title='bbox 501 4925 542 4980; x_wconf 89' lang='lat' dir='ltr'>cd.</span> <span class='ocrx_word' id='word_1_378' title='bbox 563 4925 686 4994; x_wconf 84' lang='lat' dir='ltr'>(praeter</span> <span class='ocrx_word' id='word_1_379' title='bbox 702 4922 734 4991; x_wconf 84' lang='lat' dir='ltr'>i²)</span> <span class='ocrx_word' id='word_1_380' title='bbox 754 4929 864 4991; x_wconf 76' lang='lat' dir='ltr'>perimus</span> <span class='ocrx_word' id='word_1_381' title='bbox 885 4929 1011 4992; x_wconf 68' lang='lat' dir='ltr'>aspediae</span> <span class='ocrx_word' id='word_1_382' title='bbox 1034 4929 1167 4986; x_wconf 79' lang='lat' dir='ltr'>laetitiam,</span> <span class='ocrx_word' id='word_1_383' title='bbox 1190 4924 1218 4975; x_wconf 76' lang='lat'>‚1²</span> <span class='ocrx_word' id='word_1_384' title='bbox 1236 4928 1319 4979; x_wconf 70' lang='lat' dir='ltr'>vertis</span> <span class='ocrx_word' id='word_1_385' title='bbox 1336 4932 1467 4994; x_wconf 78' lang='lat' dir='ltr'>experr&#39;rc.</span> 
     </span>
    </p>
   </div>
   <div class='ocr_carea' id='block_1_14' title="bbox 1202 5014 1266 5073">
    <p class='ocr_par' dir='ltr' id='par_1_17' title="bbox 1202 5014 1266 5073">
     <span class='ocr_line' id='line_1_65' title="bbox 1202 5014 1266 5073; baseline 0.016 -1"><span class='ocrx_word' id='word_1_386' title='bbox 1202 5014 1266 5073; x_wconf 71' lang='lat'>62*</span> 
     </span>
    </p>
   </div>
   <div class='ocr_carea' id='block_1_15' title="bbox 0 0 1719 5664">
    <p class='ocr_par' dir='ltr' id='par_1_18' title="bbox 0 0 1719 5664">
     <span class='ocr_line' id='line_1_66' title="bbox 0 0 1719 5664; baseline 0 0"><span class='ocrx_word' id='word_1_387' title='bbox 0 0 1719 5664; x_wconf 95' lang='lat' dir='ltr'> </span> 
     </span>
    </p>
   </div>
  </div>
 </body>
</html>
