3450 5678
450 260 459 292 Ι
537 253 541 258 .

635 325 806 377 scissem
829 315 879 371 42.
1328 309 1390 374 457

124 489 200 549 tuno
222 483 383 568 episcope,
407 481 441 545 in
464 431 526 565 qua
549 480 743 545 Nestorisue
765 482 798 543 et
819 478 1024 564 Eutychiana
1038 479 1186 544 haereses
1209 478 1303 542 simul
1320 470 1392 543 cuni

124 587 276 651 Dioscoro
298 585 430 671 ejusque
453 583 660 667 eomplicibus
683 582 854 647 damnatae
877 582 1011 666 sunt¹⁵).

188 791 197 803 -
678 752 759 818 Gur.
783 751 841 816 ΠΙ.

206 861 236 924 3.
281 859 363 924 Item
386 857 538 942 opuscula
559 856 645 921 beati
668 854 800 921 Caecilii
808 853 845 940 ¹⁸)
869 854 1024 939 Cypriani
1038 854 1190 940 martyris
1211 857 1244 918 et
1257 853 1390 920 Cartha·

124 960 268 1047 pirensis
291 959 443 1044 episcopi.

207 1063 290 1127 Item
312 1061 464 1146 opuscula
487 1061 573 1125 beati
597 1060 744 1145 Gregorii
767 1060 965 1125 Nazianzeni
988 1060 1139 1144 episcopi.

208 1165 290 1229 Item
312 1163 465 1248 opuscula
487 1163 573 1227 beati
596 1162 707 1226 Basilii
731 1161 951 1247 Cappadociae
973 1161 1124 1245 episcopi.

208 1266 289 1331 Item
311 1265 465 1350 opuscula
486 1265 573 1329 beati
596 1263 768 1343 Athanasii
792 1263 1177 1347 Alexandrinicpiscopi.

209 1368 291 1432 Item
313 1368 467 1452 opuscula
488 1367 575 1431 beati
597 1366 757 1430 Johannis
780 1365 1130 1449 Constantinopolitani
1153 1365 1304 1449 episcopi.

209 1468 291 1533 Item
314 1469 467 1554 opuscula
488 1469 576 1533 beati
597 1467 768 1552 Theophili
791 1467 1003 1531 Alexandrini
1025 1467 1177 1551 episcopi.

210 1572 292 1636 Item
314 1570 466 1655 opuscula
489 1569 576 1635 beati
599 1570 710 1654 Cyrilli
734 1569 945 1634 Alexandrini
968 1569 1119 1653 episcopi.

209 1673 340 1757 lemn)
361 1669 515 1757 opuscula
536 1673 623 1736 beati
646 1672 764 1735 Hilarii
785 1672 984 1735 Pictavensis
1007 1672 1157 1755 episcopi.

210 1776 291 1840 Item
313 1775 468 1860 opuscula
489 1774 576 1838 beati
600 1773 762 1867 Ambrosii
785 1772 1032 1838 Mediolanensis
1056 1773 1207 1857 episcopi.

210 1877 292 1942 Item
315 1877 468 1961 opuscula
489 1876 577 1941 beati
599 1875 774 1960 Augustini
797 1875 1106 1960 Hipponeregiensis
1128 1875 1279 1960 episcopi.

211 1981 293 2045 Item
313 1980 467 2064 opuscula
489 1979 575 2043 beati
598 1977 787 2062 Hieronymi
809 1977 998 2061 presbyteri.

210 2083 292 2147 Item
314 2081 468 2166 opuscula
490 2080 639 2164 Prosperi
648 2080 685 2163 18)
708 2080 768 2144 viri
791 2079 1032 2164 religiosissimi.

210 2184 292 2249 Itern
314 2184 481 2269 epistolam
509 2183 596 2246 beati
623 2183 738 2246 Leonis
760 2205 864 2266 papae
892 2182 932 2245 ad
955 2180 1144 2246 Flaviamun
1166 2183 1393 2248 Constantino-

113 2287 305 2371 politanum
327 2285 511 2372 episcopum
535 2283 745 2366 destinatam,
774 2284 812 2347 dc
822 2285 860 2370 19)
888 2284 978 2366 cujus
1000 2287 1091 2347 textu
1113 2284 1272 2369 quispiam
1294 2287 1321 2349 si
1344 2309 1393 2350 us-

112 2410 187 2473 que
208 2388 249 2452 ad
271 2410 371 2452 unum
389 2387 459 2471 jota
482 2386 704 2471 disputaverit,
728 2388 761 2449 et
782 2408 848 2450 non
864 2409 934 2451 eam
949 2387 984 2452 in
1006 2386 1153 2451 omnibus
1168 2387 1394 2452 venerabiliter

112 2489 293 2575 leecperit,
318 2489 491 2555 anathema
513 2490 566 2554 sit.

209 2592 291 2657 Item
317 2593 471 2676 opuscula
499 2596 594 2676 atque
617 2594 775 2656 tractatus
802 2592 945 2657 omnium
973 2590 1220 2656 orthodoxorum
1252 2596 1391 2677 patrum,

108 2697 180 2780 qui
207 2696 241 2760 in
264 2694 352 2759 nullo
380 2718 399 2759 a
427 2697 559 2759 sanctae
582 2693 733 2758 ecclesiae
762 2693 926 2758 Ronrauae
955 2695 1115 2758 consortio
1142 2693 1311 2760 deviarunt
1333 2718 1393 2761 nec

193 2934 275 3002 η)111
292 2937 319 2988 a¹
333 2950 364 2988 co
382 2932 458 2987 utin
476 2932 688 3002 exemplaribus,
708 2949 778 2999 quae
791 2932 956 2986 Hormisdac
974 2949 1075 2986 nomen
1092 2950 1160 3002 prae
1179 2950 1207 2986 se
1226 2934 1330 3000 fenmt,
1348 2934 1393 2988 hic

114 3018 301 3088 adjungitur:
323 3023 371 3072 red
391 3029 418 3071 et
439 3010 463 3072 si
484 3038 534 3088 qua
555 3030 613 3072 suut
635 3024 742 3073 concilia
759 3038 777 3071 a
793 3023 889 3071 raucus
908 3021 1027 3085 putribus
1049 3021 1169 3090 dardanus
1185 3023 1312 3080 uestitum,
1334 3031 1394 3087 post

111 3107 212 3159 horma
229 3103 268 3172 (in
280 3121 342 3158 mss.
356 3102 522 3157 Hormisdac
540 3109 644 3158 istorum
656 3104 775 3172 quatuor)
794 3108 969 3156 ‹ructoritalem
985 3103 1014 3156 et
1031 3108 1196 3156 remediatoris
1208 3114 1233 3156 et
1245 3108 1394 3171 recipiendo

116 3194 284 3243 decernimur
300 3201 327 3242 et
343 3192 496 3242 mandamus.
524 3187 579 3241 Sed
597 3188 666 3241 haec
684 3205 701 3240 a
718 3205 782 3239 mss.
797 3186 826 3240 C'
841 3186 873 3240 Οἳ
885 3187 916 3239 F'
929 3187 962 3240 F²
975 3187 1012 3240 Η8
1019 3187 1055 3255 ,F1
1067 3187 1099 3240 F*
1113 3187 1145 3241 l't'
1158 3188 1192 3240 Fe
1205 3187 1245 3240 ΡΜ
1257 3187 1295 3240 Η3
1306 3188 1344 3240 Hb
1361 3205 1393 3242 ac

118 3273 225 3329 ceteris
243 3273 398 3339 codicibus,
421 3273 449 3326 in
472 3273 572 3341 quibus
591 3273 644 3326 hoc
662 3272 804 3326 decretum
823 3270 932 3325 Gelasio
951 3271 1131 3338 adscribitur,
1154 3289 1266 3342 prorsus
1285 3273 1394 3339 absunt,

120 3359 149 3412 si
166 3375 322 3430 perpaucos
340 3356 474 3427 excipias,
498 3357 598 3426 quibus
621 3359 649 3410 ct
672 3357 739 3423 alia,
762 3358 792 3410 ut
814 3356 921 3422 monui,
944 3374 978 3411 cx
995 3356 1160 3411 Hormisdac
1178 3358 1311 3427 exemplis
1330 3360 1395 3412 suut

28 3483 31 3487 -
123 3440 236 3498 inserta.
265 3443 342 3499 Haec
359 3445 454 3498 autem
471 3442 602 3509 antiquus
620 3441 760 3511 Hispanae
780 3441 949 3495 collectionis
962 3444 1058 3497 auctor
1076 3442 1105 3495 in
1118 3442 1242 3511 ejusdcm
1256 3442 1394 3498 collectio·

123 3528 167 3582 nis
183 3527 358 3599 praefatione
381 3527 420 3582 sic
436 3526 562 3581 imitatus
580 3529 634 3581 cst:
662 3531 716 3581 Sed
732 3539 758 3581 ct
774 3533 869 3596 siqua
888 3539 945 3582 suut
968 3533 1089 3591 condita,
1113 3549 1178 3597 quac
1201 3535 1284 3583 sancti
1303 3540 1395 3596 putres

127 3619 218 3681 spiritu
235 3618 286 3667 Dei
300 3619 373 3682 pleni
388 3624 543 3675 causemur,
564 3624 623 3681 post
642 3619 745 3667 ustorum
763 3626 872 3683 quuluor
890 3621 1066 3668 auctoritatem
1084 3620 1150 3668 orunr'
1166 3626 1267 3668 monent
1283 3619 1395 3669 stabilita

1404 497 1428 532 a.
1439 486 1489 535 496

1403 554 1495 635 5496.

127 3704 225 3766 ripere:
243 3715 315 3766 quae
333 3698 446 3768 quidem
464 3698 550 3752 verba
567 3697 689 3752 Isidorus
708 3698 811 3769 Hispal.
831 3698 907 3753 haud
924 3700 1012 3753 multo
1031 3701 1095 3768 poet
1112 3697 1160 3752 lib.
1175 3704 1190 3751 6
1204 3700 1272 3768 orig.
1288 3717 1348 3769 cap.
1364 3705 1395 3754 15
1470 3710 1472 3715 '

130 3782 278 3854 exscripsit.

194 3872 225 3935 ¹⁸)
244 3871 269 3923 o¹
282 3872 383 3938 cyrilli,
402 3869 436 3922 F<¹
447 3869 489 3922 ΕΜ
503 3872 592 3932 cecili,
612 3868 643 3923 C²
655 3869 689 3922 F'
703 3873 782 3923 Ciuili.
814 3871 839 3922 a*
854 3872 879 3923 c²
898 3887 955 3938 seq.
972 3870 1106 3924 omittunt
1117 3873 1233 3931 Caecilii,
1253 3886 1336 3937 quam
1350 3888 1395 3924 vo-

130 3970 186 4007 cem
199 3971 233 4008 ex
245 3971 310 4007 mss.
323 3952 503 4009 restituimus.
533 3953 640 4009 Deinde
659 3959 776 4022 episcopi
792 3954 927 4008 vocabulo
940 3955 999 4009 sola
1011 3954 1176 4009 Hormisdac
1195 3954 1322 4023 exempla
1333 3954 1395 4008 sub·

127 4037 223 4104 jiciunt
240 4044 266 4092 iu
284 4043 395 4094 omnibu
412 4044 573 4107 recipienda,
597 4056 668 4106 quae
686 4038 808 4093 accessio
826 4040 943 4109 proptor
960 4040 1129 4108 singularem
1143 4038 1277 4109 Cypriani
1296 4039 1330 4094 de
1348 4040 1395 4093 ba·

128 4121 228 4191 ptismo
245 4122 450 4178 haereticorum
469 4124 626 4194 opinionem
645 4123 770 4178 nomrihil
788 4125 916 4193 suspectu
930 4125 994 4193 juro
1012 4125 1149 4179 videatur.

194 4210 225 4275 17)
244 4210 270 4261 a¹
285 4209 309 4262 ό
327 4225 383 4275 seq.
403 4208 447 4261 hic
466 4208 502 4263 ud
520 4208 675 4277 niarginem
693 4208 804 4262 notant:
824 4213 888 4264 Item
907 4217 1027 4277 opuscula
1040 4213 1074 4263 B.
1088 4215 1203 4266 Proterr'r'
1215 4214 1395 4264 Alexandriae

127 4298 253 4362 episcopi3
271 4291 350 4359 cujus
368 4295 451 4347 notae
469 4293 574 4346 nullum
593 4295 636 4347 cst
652 4292 680 4346 in
699 4293 800 4346 nostris
817 4311 880 4346 mss.
900 4292 1054 4363 vestigium.
1300 4358 1302 4363 Ι

194 4379 226 4445 ¹⁸)
244 4377 289 4431 Ita
299 4376 427 4447 plerique
439 4395 502 4430 mss.
517 4376 789 4446 (F2H0F'F8K⁴0⁹);
807 4377 875 4432 editi
887 4396 950 4432 cum
964 4378 1074 4434 C¹C²Fl
1080 4379 1120 4433 Fu
1128 4382 1164 4434 Γ2
1169 4381 1186 4447 β
1199 4379 1306 4433 addunt
1318 4382 1394 4454 tongi.

195 4462 227 4529 19)
245 4461 290 4515 lta
300 4461 330 4515 C'
338 4461 471 4527 F²F⁶F¹¹²3
483 4462 552 4516 editi
565 4480 627 4516 cunr
638 4460 751 4516 (ἓψθο
761 4469 836 4530 cujus
849 4474 952 4518 reatuin.
971 4464 1035 4518 Mox
1047 4465 1173 4535 plerique
1186 4482 1248 4517 mss.
1263 4461 1396 4531 (exceptis

125 4546 158 4600 C'
170 4545 203 4599 F*
215 4545 249 4599 Ρ*
262 4545 308 4614 0⁹)
322 4551 418 4613 J'otom,
438 4552 466 4600 et
484 4546 583 4601 deinde
601 4547 635 4600 F'
654 4549 785 4618 corrupto
803 4553 927 4617 quispiam
943 4555 997 4603 suis
1014 4570 1079 4619 quae
1096 4556 1177 4603 ututur.
1208 4548 1278 4602 Huic
1292 4545 1396 4603 Gelasii

123 4629 280 4686 sententiae
299 4631 446 4685 concinens
459 4631 613 4701 Pelagiusl
632 4633 711 4703 epist.
726 4639 742 4687 5
760 4651 786 4686 n.
803 4640 814 4686 1
834 4633 1071 4690 anathematizare
1084 4635 1113 4688 ct
1125 4635 1161 4688 ab
1176 4636 1308 4688 aeternae
1321 4631 1395 4686 vitae

122 4715 257 4787 praemiis
275 4715 396 4771 alionum
410 4716 539 4786 judicare
557 4735 585 4771 sc
604 4718 727 4788 scripsit,
745 4717 902 4787 quicunque
921 4719 956 4773 ab
975 4737 1009 4773 ea
1026 4720 1094 4785 fide,
1112 4735 1196 4788 quarn
1210 4735 1286 4787 papa
1297 4717 1354 4771 Leo
1366 4715 1395 4768 in

120 4800 179 4857 suis
198 4800 322 4870 epistolis
339 4802 524 4871 praedicavit,
543 4808 569 4857 in
587 4824 637 4857 una
654 4808 753 4873 syllaba
770 4815 814 4858 aa!
831 4810 856 4858 r‘n
874 4824 923 4859 uno
940 4806 1017 4859 uerbo
1034 4811 1074 4860 uel
1090 4810 1115 4856 in
1133 4823 1207 4857 seusu
1281 4807 1394 4856 declina·

120 4893 158 4941 οὔ
174 4892 216 4940 vel
233 4890 408 4963 declinaverit.
441 4910 455 4932 ε
733 4894 734 4897 ’
