3450 5678
210 226 274 290 504
687 237 871 285 secessu
894 235 1009 283 eneis

211 393 428 480 supradictam
456 391 652 477 processioni
680 390 792 455 solitae
819 390 947 455 noveris
975 412 1043 454 esse
1066 389 1276 473 reddendam,
1304 392 1339 455 et
1365 393 1404 456 ut
1432 413 1484 456 sc-

213 496 336 582 ccssu⁴)
360 495 513 560 ecclesiae
536 498 568 560 et
590 493 814 578 mysteriorum
836 514 928 558 sacra
951 492 1174 558 communione
1196 493 1351 578 potiatur.

664 664 947 768 Fragmentum
973 664 1032 748 39.

540 807 578 855 De
596 806 640 859 iis,
660 808 703 870 qui
719 806 882 854 ecclesiarum
898 804 973 867 asyla
989 809 1153 854 terueraraut.
1497 824 1541 876 ¹

366 920 553 986 Gelasius
576 919 802 1005 Epiphanio
825 920 1023 1003 episcope.

297 1041 349 1105 Ad
372 1040 538 1125 episcopos
554 1042 676 1104 ceteros
686 1040 711 1124 ¹)
726 1039 899 1103 direximus
910 1039 1098 1122 jussionem,
1123 1043 1161 1103 ut
1175 1063 1239 1121 ees,
1262 1041 1316 1125 qui
1333 1041 1489 1106 ecclesias

214 1143 349 1208 violasse
372 1141 592 1226 perhibentur,
616 1163 746 1206 accessu
768 1162 878 1206 earum
895 1141 1044 1225 judicent
1065 1163 1134 1207 esse
1156 1164 1222 1207 nen
1245 1142 1373 1227 dignos.

664 1312 946 1415 Fragmentum
972 1312 1033 1396 40.

258 1454 292 1505 Ut
309 1454 341 1503 ab
360 1454 522 1503 ecclesiarum
539 1454 611 1502 aditu
629 1459 779 1509 arceantur,
797 1453 842 1517 qui
858 1454 883 1501 iu
901 1453 1026 1502 ecclesiae
1042 1454 1199 1503 sanctuariis
1216 1454 1379 1504 constituisses
1396 1471 1447 1520 per
1539 1470 1541 1474 ·

721 1539 768 1586 eim
785 1537 976 1588 abstraxerunt.

368 1652 556 1718 Gelasius
579 1652 752 1736 Victori,
776 1652 1059 1737 Constantine,
1084 1654 1487 1740 Martyrio,⁴Felicis-

460 1756 573 1839 sime,
598 1755 745 1821 Serene
768 1758 807 1819 et
828 1755 1035 1820 Timotheo
1057 1757 1267 1842 episcopis.

300 1875 414 1939 Frater
447 1878 480 1940 et
508 1879 713 1960 coepiscopus
741 1878 850 1939 noster
877 1873 1081 1959 Epiphanius
1114 1897 1172 1940 sus
1204 1876 1297 1941 nobis
1330 1877 1490 1945 relatione

216 1977 390 2063 suggessit,
424 1974 627 2041 Benenatum
649 1980 683 2042 et
704 1977 852 2041 Maurum
874 1974 1124 2042 Beneventanae
1146 1978 1325 2062 municipes
1348 1979 1492 2047 civitatis

216 2082 252 2146 in
275 2079 500 2144 contumeliam
523 2079 689 2163 religionis
712 2079 828 2144 acerba
849 2079 946 2144 nimis
968 2083 1001 2145 et
1018 2079 1174 2164 plectibili
1191 2082 1398 2146 contumacia
1420 2105 1492 2168 pro·

218 2182 358 2266 siluisse,
381 2182 435 2266 qui
459 2182 700 2266 confugientem
723 2181 764 2245 ad
786 2181 939 2246 ccclesiae
961 2184 1053 2267 septa
1076 2181 1227 2247 cundem
1249 2204 1342 2248 suum
1365 2206 1409 2249 ne
1424 2184 1492 2250 illic

216 2284 344 2370 quidem
366 2286 472 2348 tutum
495 2285 552 2346 aut
573 2283 611 2347 de
627 2283 747 2367 injuria
762 2305 909 2348 securum
930 2307 998 2350 csse
1014 2285 1168 2368 siverunt,
1192 2285 1260 2350 ausi
1271 2286 1295 2369 ¹)
1309 2283 1492 2372 irruptione

218 2386 405 2452 temerariae
427 2385 546 2449 mentis
568 2384 748 2468 admittere,
772 2386 856 2470 qued
878 2408 939 2451 nec
953 2387 1168 2472 potestatibus
1185 2386 1314 2472 quidem
1335 2389 1388 2455 vel
1403 2391 1493 2475 prin·

219 2489 343 2573 cipibus
365 2509 506 2571 unquam
529 2487 621 2552 licuit
642 2488 877 2573 perpetrare²):
899 2491 936 2552 ut
956 2487 1118 2553 hominem
1142 2490 1176 2553 in
1198 2490 1396 2557 sanctuariis
1419 2514 1493 2558 con·

217 2580 384 2672 stitutum,
413 2590 544 2672 captata
566 2590 740 2654 sacerdotis
762 2589 924 2672 absentia,
957 2591 1169 2656 reluctantem
1197 2590 1494 2681 reclamantemque

219 2691 376 2757 violenter
398 2689 634 2755 abstraherent.
676 2690 771 2775 Quos,
795 2695 952 2776 quantum
974 2693 1067 2757 nobis
1090 2716 1148 2758 sua
1170 2695 1380 2780 suggestione
1404 2700 1494 2782 pate·

219 2795 308 2875 fecit,
333 2792 447 2856 merite
469 2792 620 2877 indignos
643 2814 711 2857 esse
733 2816 825 2859 sacra
841 2795 1064 2860 communione
1075 2796 1243 2879 judicavit.
1277 2796 1366 2863 Etsi
1381 2820 1496 2865 revera

220 2895 304 2961 tanti
333 2893 487 2958 facinoris
516 2896 643 2958 constat
672 2893 861 2979 admissum,
899 2900 1010 2962 nestra
1038 2897 1135 2962 eham
1163 2899 1339 2964 auctoritas
1368 2900 1403 2965 iu
1433 2900 1496 2967 hac

220 3001 312 3083 parte
346 2996 518 3061 consentit.
574 2993 643 3060 Nee
671 2995 757 3060 enim
780 2997 854 3080 jure
882 2999 921 3062 nd
950 2999 1196 3084 supplicandum
1224 3000 1319 3067 debet
1352 3002 1495 3083 admitti,

221 3100 309 3185 ubii)
344 3097 513 3163 admittere
545 3097 751 3183 saerilegium
781 3119 848 3162 non
881 3100 1084 3187 dubiuviu).
1136 3101 1253 3167 Nullus
1287 3103 1376 3168 enim
1405 3104 1496 3171 intra

222 3374 281 3410 mos
299 3358 368 3409 erat.
402 3355 466 3409 Jam
485 3355 552 3408 tunc
570 3353 664 3407 autem
682 3351 744 3407 aliis
761 3353 790 3406 in
807 3351 968 3422 regionibus
986 3355 1157 3410 consuetudo
1175 3356 1231 3411 alia
1249 3356 1375 3427 vigebat.
1406 3358 1498 3429 Siqui-
1535 3382 1541 3391 ·

222 3441 286 3494 dem
309 3439 454 3492 concilium
477 3437 696 3507 carthaginense
719 3437 757 3490 Ν
780 3454 802 3492 c.
822 3442 871 3492 104
896 3443 953 3492 siue
976 3443 1177 3495 Christianorum
1199 3449 1370 3498 commnione
1391 3465 1498 3501 maere
1532 3462 1541 3471 ·

222 3523 360 3593 ejusmodi
377 3522 474 3578 viduas
493 3523 563 3590 vult,
582 3544 647 3592 qnae
665 3527 701 3577 ad
717 3527 820 3590 nuptias
837 3521 985 3577 saeculares
1002 3530 1163 3586 transierint,
1183 3525 1286 3597 quiippe
1304 3533 1412 3585 etune
1424 3535 1497 3585 aded-

223 3615 283 3662 terii
300 3613 460 3663 notabuntur.
496 3609 559 3664 Non
580 3609 663 3677 longe
681 3607 746 3677 pest
762 3606 848 3662 etiam
867 3607 971 3663 Romae
989 3606 1170 3677 Symmachus
1187 3609 1262 3665 idem
1279 3613 1421 3681 expressis
1438 3630 1537 3669 ver-⁷·

224 3693 267 3748 bis
284 3693 429 3764 prohibuit
446 3693 538 3764 (epist.
553 3699 584 3748 15
603 3710 625 3746 e.
639 3695 674 3760 5).

291 3781 312 3846 ⁴)
331 3781 356 3833 θ’
374 3798 491 3833 accessus
508 3785 631 3833 ecclesiae
648 3788 674 3831 et
695 3781 896 3836 unuhterierum.
933 3776 1073 3834 Orationis
1090 3779 1174 3834 series
1191 3800 1296 3835 accessu
1313 3785 1344 3835 et
1360 3790 1518 3852 apem-

224 3885 276 3918 rum
294 3863 438 3919 evidenter
453 3863 585 3934 postulat.
622 3862 693 3916 Hine
710 3863 740 3916 et
757 3861 912 3931 colligitur,
929 3862 1079 3919 Antistiam
1097 3865 1221 3936 episcopi
1237 3863 1404 3935 injudicio
1421 3886 1442 3925 a
1457 3885 1509 3925 ιι-

224 3968 272 4005 era
290 3949 481 4005 communiens
501 3950 530 4003 et
546 3947 674 4017 ingressu
691 3946 824 4003 ecclesiae
842 3946 926 4002 inisse
944 3947 1115 4016 submotam,
1135 3948 1251 4019 jamque
1269 3949 1338 4018 quid
1356 3950 1413 4005 sibi
1431 3951 1517 4009 relit-

222 4041 384 4105 processioui
399 4039 490 4089 solitae
508 4039 584 4087 reddi
599 4032 683 4103 plane
700 4031 875 4102 intelligitur.

225 4128 257 4176 39
294 4123 312 4189 ¹)
330 4118 468 4174 Nimirum
485 4117 514 4171 in
531 4117 683 4187 fragmenti
700 4117 841 4187 sequentis
857 4116 1037 4188 inscriptione
1055 4120 1233 4175 memoratos.

224 4212 258 4259 40
293 4207 313 4272 ¹)
332 4207 358 4258 c'
370 4206 407 4258 c¹⁰
426 4209 483 4256 ausi
499 4209 650 4258 temerariae
668 4210 755 4271 menti,
773 4221 825 4274 per
843 4218 967 4258 errorem
983 4201 1098 4258 librarii.
1155 4248 1165 4265 ,

292 4291 313 4357 ²)
331 4287 365 4342 D'
381 4290 417 4344 ΠΙ
435 4282 584 4356 penetrare.
613 4287 655 4342 De
672 4287 718 4355 iis,
740 4289 788 4358 qui
805 4288 841 4344 ad
860 4288 1004 4344 ecclesiam
1022 4288 1198 4359 confugiunt,
1215 4288 1278 4344 vide
1296 4288 1453 4348 Theodosii
1470 4295 1500 4349 et

226 4372 415 4429 Valentiniani
433 4371 643 4427 constitutiones
660 4374 707 4429 l.4
726 4375 756 4429 et
772 4381 788 4430 5
806 4373 873 4445 (lod.
892 4373 998 4428 Theod.
1012 4372 1059 4440 IX,
1070 4379 1112 4441 45,
1129 4375 1161 4428 ut
1178 4375 1209 4428 et
1225 4372 1375 4430 condilum
1386 4376 1499 4433 Anad-

227 4476 326 4513 canum
344 4459 357 4511 1
376 4475 397 4512 c.
412 4464 436 4524 t,
453 4457 650 4513 Aurelianense
668 4460 680 4513 1
700 4476 721 4513 e.
738 4466 765 4525 1,
782 4459 945 4514 arelatense
963 4458 988 4513 ΙΙ
1007 4476 1029 4514 e.
1043 4465 1085 4526 30,
1102 4458 1301 4513 Aurelianense
1319 4458 1359 4513 1v
1377 4478 1401 4515 e.
1416 4468 1458 4517 21.

294 4546 316 4610 ³)
334 4543 353 4596 Z
373 4549 429 4612 qai,
448 4541 548 4596 rectius
566 4543 614 4597 alii
631 4548 680 4599 irbi.
716 4542 796 4608 Quod
813 4543 927 4613 planum
945 4544 1006 4612 fiet,
1023 4543 1048 4597 si
1065 4546 1130 4599 ante
1148 4542 1336 4614 exprimamus
1354 4565 1400 4612 eo,
1423 4546 1498 4616 qued

228 4627 404 4695 subauditur,
426 4645 458 4683 ae
480 4627 630 4696 legerimus
652 4632 725 4683 debet
748 4648 778 4684 eo
799 4634 907 4684 aestui.
946 4627 999 4682 Hie
1020 4628 1097 4684 locus
1118 4629 1147 4684 in
1168 4627 1311 4698 superiore
1333 4630 1498 4700 fragmento

228 4713 348 4767 notatur.

296 4799 317 4864 ⁴)
335 4797 369 4852 X'
383 4796 419 4852 D⁸
433 4800 468 4853 Π1
491 4804 594 4859 scarsali,
613 4799 684 4853 forie
701 4814 753 4868 pre
771 4805 864 4854 citauit.
901 4798 1020 4868 Moxque
1039 4799 1057 4853 Z
1077 4809 1164 4854 rarae
1238 4802 1376 4856 essetnec
