3450 5678
241 308 304 372 702
696 328 721 369 s.
740 320 920 370 sunniam
943 319 1057 367 asena

145 492 219 561 «post
241 476 363 541 fuerint
385 475 585 559 approbata?
629 472 711 549 Quid
732 473 848 556 facies,
872 473 1056 557 imperator,
1080 475 1115 538 in
1137 475 1246 539 divino
1265 474 1424 559 judicio?
1469 476 1524 541 An

121 566 316 663 ¹¹··'¹⁰⁰·³quia
338 578 512 661 imperator
536 598 585 658 ee,
620 576 743 639 nullum
766 576 824 640 Dei
848 581 943 661 putas
965 596 1033 640 esse
1056 576 1238 659 judicium?
1280 576 1411 661 Taceo,
1437 578 1524 662 quod

240 681 464 765 imperatorem
493 681 709 742 accusatorem
737 699 805 741 esse
835 698 900 741 uon
930 678 1145 760 conveniat¹).
1197 678 1367 744 Postremo
1404 678 1524 743 iisdem

240 782 357 846 divinis
385 781 595 865 humanisque
624 779 749 864 legibus
779 800 873 844 nemo
903 779 1005 863 possit
1039 800 1108 844 esse
1143 782 1313 845 accusator
1341 784 1376 845 et
1404 780 1522 865 judex.

239 884 477 968 Numquidnam
499 882 558 945 sub
581 881 685 945 alieno
704 880 825 963 judicio
847 880 989 945 dicturus
1018 902 1052 945 es
1080 901 1226 963 causam,
1262 883 1315 947 vel
1344 888 1524 947 accusator

240 984 405 1051 adstabis?

323 1088 353 1151 6.
391 1085 480 1151 Dicis
502 1107 570 1150 esse
592 1106 642 1148 me
665 1083 899 1149 Manichaeum.
938 1084 1101 1170 Numquid
1123 1106 1184 1170 ego
1198 1084 1433 1170 Eutychianus
1449 1108 1522 1151 sum

239 1188 288 1253 vel
311 1186 531 1271 Eutychianos
554 1186 708 1268 defendo,
732 1207 865 1269 quorum
887 1186 977 1251 furor
998 1188 1137 1251 maxime
1160 1186 1432 1252 Manichaeorum
1455 1190 1522 1255 suf·

238 1289 419 1375 fragaturl)
435 1288 557 1353 errori?
593 1287 694 1352 Roma
714 1287 793 1351 mihi
816 1288 908 1352 testis
929 1291 979 1353 est
1000 1292 1033 1353 et
1054 1289 1174 1353 serinia
1196 1288 1424 1355 testimonium
1448 1312 1516 1377 per-

238 1392 366 1474 hibent,
397 1395 502 1454 utrum
525 1413 543 1453 a
565 1389 627 1453 fide
650 1389 824 1471 catholica,
859 1411 955 1474 quarn
984 1390 1017 1453 in
1047 1390 1121 1454 sede
1149 1391 1235 1455 beati
1259 1392 1402 1475 apostoli
1426 1391 1519 1458 Petri

237 1494 370 1558 verriana
393 1514 431 1556 ex
454 1492 642 1577 paganitate
664 1492 805 1576 suscepi,
829 1490 937 1575 aliqua
951 1512 989 1555 cx
1005 1496 1097 1576 parte
1113 1492 1318 1557 deviaverim.
1352 1492 1519 1559 Procedst

238 1595 369 1679 aliquis,
404 1596 437 1658 et
459 1593 601 1677 qualibet
628 1576 753 1657 ratibne
776 1592 962 1657 convineat:
996 1592 1138 1678 alioquin
1161 1594 1308 1659 convicia
1335 1600 1418 1661 sunt
1441 1596 1517 1679 aa,

238 1718 304 1761 non
324 1695 504 1780 criminal),
533 1694 640 1759 nescio
668 1698 774 1758 utrum
797 1692 911 1779 quibus
933 1694 1085 1778 objicitur
1111 1694 1246 1777 falsum,
1275 1718 1319 1761 an
1342 1695 1441 1761 falsis
1463 1698 1517 1761 ob

233 1798 410 1884 jectoribus
433 1797 573 1862 inimica.

210 1948 215 1979 ,
323 1902 352 1965 7.
391 1899 507 1964 Dicitis
528 1919 579 1963 mc
603 1919 668 1962 non
690 1898 801 1962 ordine
830 1902 1061 1963 consecratum.
1106 1899 1197 1965 Inter
1224 1899 1345 1965 imbres
1366 1900 1515 1987 lapidum

237 2003 372 2085 tutus¹¹)
395 2001 497 2065 evasi:
522 1999 681 2084 judicavit
702 1999 798 2064 Deus.
847 2000 899 2063 An
921 1998 997 2084 quia
1024 2000 1273 2085 imperatores,
1302 2004 1339 2065 ct
1365 2000 1514 2068 divinum

237 2107 331 2189 putas
354 2101 622 2168 contemnendum
645 2122 714 2164 esse
732 2099 912 2185 judicium?
956 2100 1017 2167 sen
1039 2101 1177 2168 fortasse
1199 2104 1304 2185 dicas,
1341 2104 1445 2170 etiam
1466 2104 1513 2171 in-

224 2198 428 2290 dignantem
442 2202 546 2268 Deum
568 2203 664 2267 noxia
686 2203 876 2289 quaeque¹¹)
899 2202 1085 2288 plerumque
1108 2204 1304 2288 permittere.
1345 2204 1512 2291 Scriptum

124 2294 223 2417 ³¹7¹¹¹¹¹J¹
239 2311 302 2372 est:
327 2312 377 2371 lia·
395 2310 549 2382 fructibus
570 2325 673 2368 eornm
695 2312 882 2381 coyaosreu's
896 2326 955 2369 cos.
984 2304 1126 2370 Ostende
1140 2327 1229 2389 ergo,
1253 2303 1329 2392 quid
1347 2307 1511 2373 existimes

237 2578 404 2635 'l'hcodorici
417 2578 497 2647 jussu
516 2580 688 2646 congregata
705 2576 758 2630 hoe
773 2583 864 2641 stanam
884 2592 942 2629 cssc
961 2575 1021 2645 ipso
1039 2594 1107 2646 rege
1125 2576 1286 2633 declarante
1306 2578 1507 2648 pronuntiarit

237 2663 372 2729 Quocirca
394 2666 423 2718 et
445 2663 542 2716 Avitus
564 2661 725 2715 Viennensis
749 2660 828 2730 epist.
853 2666 882 2714 31
907 2660 1016 2726 scribit,
1042 2676 1107 2716 mox
1129 2661 1233 2717 dietam
1255 2660 1409 2731 synodum,
1433 2676 1508 2733 pour

236 2754 347 2804 breviter
363 2754 458 2817 poluit,
477 2753 617 2814 testificor-i.
638 2751 698 2800 aiau
715 2751 753 2799 ael
770 2750 818 2799 sihi
835 2753 874 2799 ac!
888 2750 1069 2813 plorr‘osissr‘rno
1087 2750 1141 2799 niro
1158 2752 1216 2813 rcys'
1232 2751 1265 2800 de
1282 2750 1323 2801 aa
1339 2768 1407 2817 pene
1423 2768 1507 2819 pupae

237 2838 386 2889 dicebantur
404 2837 506 2900 objecta
523 2839 644 2901 paterisne.

303 2920 324 2987 ⁷)
343 2918 447 2988 Utpotc
471 2917 518 2985 qui
540 2933 574 2971 ex
596 2915 710 2985 proprio
728 2931 842 2969 munere
864 2916 893 2969 et
911 2914 1002 2970 officio
1022 2914 1118 2984 judex.
1155 2914 1244 2970 Nemo
1262 2918 1373 2983 autam,
1397 2920 1429 2972 nt
1446 2932 1507 2973 mar

237 3003 349 3068 dicitur,
371 3006 515 3056 accusator
537 3001 618 3056 siruul
640 3002 809 3070 potestesse
828 3000 856 3053 ct
869 2998 970 3067 judex:
994 2998 1117 3067 alioquin
1141 3000 1257 3071 propria
1274 3000 1303 3057 iu
1322 3017 1409 3057 eausa
1422 3001 1507 3071 iudex

235 3092 321 3156 soret,
340 3088 415 3158 quod
433 3087 499 3142 Cod.
520 3085 625 3139 '1¹hc0d.
644 3084 692 3138 lib.
713 3091 728 3137 *2
747 3083 789 3138 tit.
810 3084 1015 3154 aprohibetur.

305 3178 325 3243 ¹)
344 3172 485 3238 Quatenus
503 3170 608 3226 scilicet
626 3168 716 3224 carnis
728 3168 843 3223 aVcrbo
861 3171 1007 3239 susceptae
1025 3169 1173 3225 veritatem
1189 3186 1297 3241 negare
1313 3172 1508 3227 censebantur.

304 3265 325 3327 9)
344 3257 420 3312 Edltl
438 3263 565 3312 criminum
583 3260 760 3324 probamenta.
784 3256 813 3309 et
831 3270 894 3308 mox
912 3258 1085 3321 objectoribus
1103 3261 1202 3311 inlatos
1219 3260 1365 3313 dicentibus
1382 3276 1449 3313 non:
1465 3276 1506 3313 ω·

236 3345 375 3413 stigantur
392 3361 426 3397 ex
444 3360 493 3396 ms.

306 3432 336 3496 ¹⁰)
354 3429 385 3482 lu
403 3426 524 3495 vulgatis
546 3437 625 3489 rotas,
654 3424 755 3479 tectim
777 3424 805 3478 iu
823 3441 873 3478 me.
893 3435 969 3477 triten.
1010 3424 1144 3479 Barouim
1166 3442 1200 3480 aa
1216 3424 1334 3497 Pagina,
1361 3426 1404 3483 uti
1424 3444 1505 3499 prae·

236 3513 403 3574 monuimus,
420 3511 465 3567 hic
483 3510 576 3566 notari
592 3512 704 3579 putant,
723 3509 798 3577 quod
810 3526 883 3563 anuo
896 3516 943 3563 adl
963 3508 999 3563 ad
1012 3508 1149 3577 synodum
1160 3508 1325 3579 procedenti
1338 3510 1507 3581 Symmacho

235 3598 367 3654 accidisse
390 3613 474 3667 supra
496 3595 576 3666 epist.
596 3602 611 3650 t
629 3612 654 3647 n.
675 3600 690 3647 6
709 3597 738 3647 et
754 3592 830 3663 apud
851 3592 1007 3646 Ennodium
1029 3592 1114 3649 libell.
1139 3594 1307 3664 apologelic.
1325 3604 1508 3651 memoratur.

237 3682 265 3737 Si
282 3686 376 3737 autem
394 3682 460 3737 ferri
479 3684 617 3748 utcunque
635 3676 728 3748 potuit
745 3693 841 3731 eorum
859 3677 965 3748 opinio,
988 3676 1054 3731 ‹lum
1076 3678 1255 3748 perturbatus
1279 3682 1342 3735 erat
1365 3680 1413 3737 hie
1430 3680 1508 3751 Sym·

236 3767 327 3822 machi
344 3768 428 3828 locus,
447 3781 479 3820 cu
494 3765 555 3834 jam
574 3765 671 3817 sanate
690 3761 801 3816 admit-ti
819 3777 931 3831 prorsus
948 3762 1052 3831 nequit.
1090 3762 1158 3817 Indo
1175 3762 1249 3819 enim
1267 3764 1388 3833 planum
1405 3774 1463 3829 est.
1480 3770 1508 3821 et

234 3854 432 3921 imperatorem
455 3850 577 3918 objicere
595 3846 761 3916 Symmacho
785 3847 1021 3902 consecrationem
1044 3854 1157 3917 praeter
1173 3847 1301 3903 ordinem
1319 3865 1355 3905 aa
1377 3852 1508 3922 receptu

235 3937 311 4006 leges
334 3938 450 4003 factam,
473 3939 502 3989 ct
520 3951 537 3988 a
554 3931 721 4002 Symmacho
743 3948 802 3986 rem
824 3932 960 3993 chamari,
983 3949 1055 4001 quas
1078 3932 1261 3988 ordinationis
1283 3950 1354 3990 susa
1378 3938 1508 4007 ternpore

235 4020 364 4092 configit,
387 4026 415 4075 ct
436 4038 492 4090 qua
509 4019 583 4073 Deus
604 4017 808 4073 ordinationem
829 4017 916 4087 ipsius
939 4018 993 4072 sibi
1014 4019 1164 4088 probatam
1186 4032 1247 4073 esse
1264 4018 1430 4075 duumvir.
1469 4024 1509 4077 hc

235 4123 300 4161 vero
314 4106 495 4175 Symmachus
512 4119 585 4159 anno
603 4110 650 4158 501
671 4103 707 4157 ad
719 4103 854 4171 synodum
871 4101 1068 4173 progrediens,
1091 4119 1148 4157 non
1164 4103 1238 4157 inter
1254 4103 1361 4157 imbres
1382 4104 1509 4177 lapidum

234 4194 311 4247 tutus
330 4192 430 4257 euasit,
448 4190 508 4256 sed,
527 4193 558 4243 ut
575 4188 716 4242 Enuodius
734 4187 751 4241 l.
770 4205 793 4242 c.
812 4187 946 4257 loquitur,
965 4187 1066 4257 jaculis
1083 4204 1118 4243 ac
1140 4187 1203 4242 telis
1220 4190 1415 4245 strenuorum
1431 4190 1508 4245 ultri-

235 4278 306 4333 cium
327 4276 496 4332 assumtione
519 4275 656 4344 repulsus,
679 4289 712 4327 co
737 4272 808 4327 uude
831 4275 1007 4342 processerat
1026 4272 1138 4341 regredi
1159 4276 1272 4327 coactu
1294 4277 1344 4329 est.
1391 4274 1422 4331 Si
1444 4274 1508 4345 qais

235 4382 299 4419 vcro
318 4364 445 4429 miretur,
469 4361 540 4415 unde
562 4358 608 4413 illc
631 4359 726 4429 populi
750 4360 839 4424 furor,
861 4372 916 4427 quo
939 4357 1136 4427 Symmachum
1158 4356 1282 4427 lapidum
1306 4358 1402 4415 imbre
1420 4360 1508 4415 voluit

234 4452 383 4517 conficere,
402 4449 461 4502 tum
479 4461 540 4501 rcus
557 4443 701 4515 lapidandi
718 4458 825 4498 morem
842 4442 961 4498 necdum
979 4443 1156 4513 antiquatum
1172 4459 1234 4498 esse
1245 4442 1364 4498 recolat.
1396 4444 1506 4517 Quippe

235 4552 289 4589 uon
307 4536 390 4604 louge
407 4536 483 4603 post,
507 4530 548 4584 uti
566 4529 720 4600 Cyprianus
731 4528 895 4583 Toloncnsis
912 4529 941 4582 in
959 4528 1017 4583 vita
1034 4547 1055 4583 s.
1070 4526 1191 4583 Caesarii
1210 4527 1316 4583 Arelat
1335 4527 1387 4584 lib.
1402 4528 1414 4585 l
1432 4548 1459 4585 n
1475 4538 1507 4583 13

233 4620 384 4683 irretisset,
407 4617 596 4673 Theodericus
614 4632 674 4681 rex,
696 4614 786 4669 sancti
807 4613 888 4683 hujus
911 4613 1046 4685 praesulis
1064 4614 1210 4684 compertu
1230 4612 1409 4677 mussantis.
1430 4634 1503 4669 sses-

232 4718 344 4761 satorem
361 4710 418 4772 ejas
433 4708 569 4774 praecepit
585 4706 707 4770 Ioptdarr'.
741 4706 859 4771 Jamque,
882 4699 973 4768 inquit
990 4697 1156 4768 cypriana,
1177 4718 1232 4753 erm
1249 4702 1381 4769 inpulsu
1398 4720 1503 4755 marm

233 4796 323 4846 redunt
339 4796 440 4860 populi,
460 4810 531 4860 qnam
549 4793 600 4842 ctc.

304 4880 333 4947 ¹¹)
353 4877 433 4945 Apud
453 4875 552 4931 lidron.
572 4896 678 4945 quiesque.
