3412 5664
694 122 890 171 amasonia
914 112 964 170 12.
990 113 1040 170 13.
1439 108 1499 172 717

202 275 387 360 gloriosa,
416 275 612 360 accipientes
635 277 943 341 consummationem
965 275 1039 340 fidei
1067 297 1143 340 suae
1164 276 1199 340 in
1221 277 1358 342 salutem
1381 277 1501 341 anima-
1514 291 1607 340 asra

207 396 285 441 rum
312 398 452 441 suarum
475 380 508 441 et
529 379 697 443 audientes
719 378 940 443 suavissimam
967 400 1077 443 vocem
1106 378 1176 462 ojus
1203 378 1356 444 dicentis:
1384 385 1498 457 Venite,
1513 370 1611 492 {stifft

213 481 381 543 benedicti
393 483 496 543 Patris
516 489 584 558 mei,
609 486 800 546 haereditate
817 494 964 562 puratum
987 486 1068 545 vohis
1089 502 1213 559 requam
1230 486 1268 545 ah
1284 488 1371 546 initio
1386 488 1499 546 mundi.
1515 478 1528 490 ”
1548 475 1566 503 ”
1596 479 1601 487 ’

218 578 322 663 Cujus
357 580 471 645 beatae
498 582 584 646 vocis
614 605 686 647 cum
713 587 770 647 tua
798 583 998 647 beatitudine
1027 585 1060 646 et
1086 604 1144 645 nos
1172 583 1324 667 indignos
1351 582 1504 667 dignetur

222 678 378 746 Christus
401 681 558 748 Dominus
580 688 701 770 noster,
724 707 782 769 per
804 685 911 748 omnia
933 684 1135 749 sanctissime
1158 687 1266 768 pater!

526 984 535 1005 ι
735 872 917 975 llpistola
944 872 999 956 13.

540 1020 744 1113 Symmachi
767 1043 879 1109 pupae
901 1024 945 1090 ad
970 1023 1185 1091 orientales.

1513 1019 1537 1055 a.
1548 1009 1597 1055 cla
1609 1002 1634 1054 d.

1528 1072 1616 1123 8001.

191 1154 208 1203 7-
246 1157 310 1209 Eos
334 1165 513 1214 communionis
534 1181 596 1214 suae
619 1183 743 1231 nunquam
763 1168 907 1230 participes
928 1167 987 1228 fore
1009 1165 1140 1222 rescribit,
1168 1167 1211 1230 qui
1233 1168 1320 1230 quouis
1342 1167 1427 1215 colore
1450 1181 1467 1214 a

241 1242 446 1308 durandum,
464 1249 489 1297 h.
502 1264 524 1302 e.
540 1249 696 1314 Eutychetis.
716 1252 843 1310 Dioscuri,
867 1250 996 1314 Timothei,
1015 1250 1089 1299 Petri
1105 1257 1130 1299 et
1142 1250 1234 1299 Aeacii
1249 1253 1372 1301 sacietate
1384 1253 1469 1301 diuelli

799 1338 950 1388 nutrierint·

276 1508 287 1525 ,
383 1466 707 1554 Dilectissimis¹)
730 1469 927 1532 fratribus
949 1468 1151 1532 universis
1174 1468 1392 1554 episcopia,
1414 1491 1501 1554 pre-

477 1570 670 1654 sbyteris,
700 1571 898 1654 diaconis,
934 1569 1268 1634 archimandritis
1300 1576 1338 1634 et
1360 1577 1502 1636 cuncto

477 1671 609 1735 ordini
632 1676 671 1736 et
691 1672 800 1757 plebi
821 1695 891 1757 per
912 1672 1136 1757 Illyricum,
1163 1671 1407 1737 Dardaniam
1430 1674 1502 1758 et²l

476 1776 682 1858 utramque
705 1774 870 1839 Daciam
893 1774 1156 1859 Symmachus.

302 1890 349 1956 1.
383 1890 508 1980 Quom)
530 1893 625 1977 plene
653 1894 722 1958 fieri
751 1894 911 1978 cupimus,
941 1895 969 1958 si
995 1917 1076 1979 quae
1103 1894 1270 1958 scribimus
1295 1894 1501 1979 impleantur,

200 1978 338 2055 nullus
362 1998 492 2081 stupeat
514 1998 675 2059 servatum
697 1996 853 2061 hactenus
874 2019 934 2061 nos
952 2018 1040 2061 nunc
1055 1996 1187 2061 solvisse
1202 1997 1382 2080 silentium,
1406 2020 1503 2082 quum

199 2086 473 2162 prudentissimi
487 2097 667 2162 Salomonis
683 2098 745 2162 ista
760 2121 820 2164 vox
836 2101 1001 2182 personet:
1026 2102 1154 2179 Tempus
1168 2106 1320 2177 loquendi,
1344 2112 1374 2164 et
1386 2111 1504 2181 tempus
1515 2089 1617 2182 1111111·

199 2192 364 2264 tacendi,
398 2200 481 2275 Quia
502 2200 758 2264 taciturnitatem
780 2223 931 2286 praesens
946 2206 1073 2285 tempus
1089 2204 1269 2286 expugnat:
1292 2223 1369 2264 nam
1383 2201 1502 2279 inter⁴)
1525 2167 1549 2221 3’
1566 2180 1585 2211 ⁴‘

199 2302 250 2366 1111»
297 2318 398 2385 quae
420 2301 572 2366 accidunt
593 2324 695 2385 nunc,
730 2302 823 2366 silere
851 2324 910 2367 nec
939 2302 1013 2366 fidei
1041 2302 1179 2367 stimulis
1206 2303 1356 2385 excitari,
1390 2304 1503 2389 magni

200 2398 361 2467 1111181111
388 2426 457 2469 esse
484 2404 617 2469 fastidii.
668 2404 793 2488 Quippe
822 2405 876 2468 ubi
908 2404 1073 2489 religionis
1102 2405 1282 2468 reverentia
1315 2409 1348 2468 et
1380 2428 1503 2469 sunnna

201 2506 432 2599 uacuum,
467 2510 577 2591 aptum
601 2507 697 2590 juxta
723 2507 866 2570 divinam
889 2505 1087 2591 Scripturam
1110 2507 1230 2588 dicere,
1265 2528 1318 2571 eos
1345 2509 1399 2592 qui
1427 2513 1504 2572 sunt
1516 2498 1594 2604 33119,

202 2594 336 2690 1111168,
360 2608 476 2674 debere
498 2630 567 2673 esse
589 2630 764 2693 pugnaces.
798 2608 891 2694 11811)
915 2609 1070 2692 siquidem
1093 2612 1126 2671 et
1147 2609 1324 2693 spiritualis
1346 2576 1602 2693 quaedan1“‘³‘''

209 2862 215 2873 .
282 2790 314 2858 ’1
339 2796 372 2850 In
398 2795 465 2850 edit.
488 2794 571 2850 Basil.
596 2795 771 2849 desideratur
795 2801 968 2850 Dilectissimis
988 2799 1115 2862 [ratribus
1137 2801 1260 2849 carlivensis
1282 2802 1423 2864 episcopis,
1451 2795 1504 2850 'scd

208 2872 378 2947 uter-ipfio
395 2882 432 2936 ab
450 2880 494 2935 his
511 2880 602 2934 verbis
619 2880 729 2950 incipit:
755 2885 928 2947 l'restpteris.
953 2887 1067 2934 diaconis
1086 2891 1133 2933 etc.
1170 2879 1303 2950 Superior
1320 2878 1451 2949 epistola,
1474 2883 1506 2933 ut

214 2962 245 3003 0²
265 2969 360 3020 num,
379 2971 395 3020 t
416 2965 518 3034 liquet,
540 2983 596 3020 non
614 2967 725 3018 mutum
747 2980 856 3031 eorum,
880 2964 980 3032 quihus
997 2964 1135 3019 nullarum
1154 2965 1310 3019 animarum
1328 2966 1390 3019 erat
1407 2965 1505 3019 sollici-

217 3033 309 3128 111110,
331 3050 382 3105 sed
399 3052 430 3105 et
447 3067 555 3117 eorum,
578 3055 665 3120 quibus
687 3057 819 3104 multarum
843 3059 979 3104 anisiacum
1002 3071 1064 3103 cura
1087 3058 1216 3105 caminissa
1240 3063 1310 3111 erat,
1332 3050 1458 3118 adeoque
1477 3054 1506 3105 et

222 3134 428 3206 aucupum
445 3135 556 3190 noniine
574 3134 678 3205 scriptu
695 3134 755 3189 suit.
787 3135 832 3189 Sic
851 3138 880 3189 et
891 3134 1073 3204 Symmachus
1091 3135 1127 3189 ad
1146 3135 1291 3205 episcopos
1309 3135 1463 3189 rescribere
1475 3152 1505 3189 se
1555 3148 1559 3155 ·

228 3202 264 3260 111
282 3210 351 3285 ipso
369 3221 483 3277 exordio
501 3220 569 3275 satis
586 3219 703 3286 indicat,
722 3222 751 3274 et
768 3239 842 3275 num.
862 3228 878 3274 a
896 3221 1049 3274 confirmat.

300 3303 493 3370 ι)Ι111(1111.
530 3308 568 3360 a:
589 3304 671 3359 Basil.
694 3318 719 3360 et
738 3312 843 3360 [lamara
865 3313 1008 3360 constitutis
1030 3309 1190 3375 Symmachus
1213 3311 1338 3360 hicmarus
1361 3313 1505 3376 episcopus,

239 3374 372 3447 Batonius
394 3394 489 3446 autem
511 3404 536 3445 et
558 3402 689 3461 utramque
715 3395 849 3445 Thraciam
870 3395 1064 3446 wmistentihus
1087 3394 1248 3459 Symmachus
1272 3398 1413 3460 episcopus.
1456 3390 1506 3445 Cui

247 3470 359 3531 quodam
380 3477 465 3531 modo
486 3478 576 3539 iavet,
599 3476 673 3545 qnod
696 3476 725 3530 in
747 3476 912 3530 Hormisdao
935 3474 1015 3546 epist.
1034 3482 1067 3529 11
1089 3475 1126 3529 ad
1143 3476 1256 3529 Avitum
1279 3496 1305 3530 n.
1324 3484 1341 3531 3
1360 3478 1421 3531 014
1443 3494 1506 3530 cum

249 3547 354 3623 myricis
371 3564 400 3617 et
411 3560 550 3617 Dardanis
562 3561 683 3616 Thraces
701 3562 908 3631 conjunguntur
926 3564 955 3615 et
972 3579 990 3615 a
1007 3561 1155 3615 schismate
1173 3561 1254 3615 sirnul
1272 3561 1429 3617 discessisse
1446 3580 1507 3616 aar·

252 3643 343 3701 111111.
378 3646 434 3702 Sed
451 3646 612 3718 hujusmodi
629 3646 746 3701 mutatio
764 3650 877 3717 praeter
895 3665 960 3700 mss.
979 3647 1061 3701 fidem
1080 3647 1140 3700 lieri
1157 3662 1212 3700 non
1231 3646 1323 3701 debet.

310 3732 387 3800 uua
408 3732 445 3787 G¹
461 3733 492 3799 b,
520 3732 563 3787 ed.
587 3732 669 3786 Baail.
695 3731 801 3786 omittit
823 3735 897 3795 Quod
917 3761 951 3772 -
972 3740 1158 3801 compleantur,
1186 3731 1347 3786 immediate
1373 3731 1508 3803 incipiens

254 3816 330 3870 rl'uhse
338 3829 449 3888 stupeat.
480 3816 569 3871 Simili
584 3818 725 3872 sententia
740 3816 878 3887 incipiunt
894 3823 952 3871 tres
964 3816 1068 3871 Gelasii
1087 3816 1234 3886 epistolae,
1253 3816 1359 3872 scilicet
1370 3817 1469 3871 Felicis
1481 3817 1507 3871 ll

250 3900 320 3973 epist.
340 3908 371 3957 lt
388 3904 419 3959 ct
436 3908 468 3957 18
487 3907 516 3957 at
532 3902 636 3958 Gelasii
653 3902 733 3973 epist.
753 3910 776 3956 3.

307 3990 328 4059 1)
343 3988 421 4043 Edit-i
436 3995 505 4043 inter
522 4000 621 4051 cetera,
639 3989 669 4042 ct
686 3987 820 4043 omittunt
836 4008 910 4042 auae.

308 4078 329 4144 ⁵)
345 4074 390 4128 aa
406 4073 456 4141 G',
472 4073 526 4128 nisi
543 4073 618 4144 quod
635 4085 661 4128 et
677 4079 800 4144 siqudem
817 4085 844 4128 et
914 4079 972 4128 inde
991 4083 1024 4127 et.
1047 4072 1120 4126 Edit.
1140 4072 1223 4129 Basil.
1242 4078 1365 4143 siquidem
1381 4079 1508 4142 spiritalis

238 4179 305 4237 qnae
322 4171 404 4215 estet
423 4164 477 4214 Deo
494 4171 602 4229 accepta
619 4165 766 4228 conmercia
783 4164 902 4213 caiuma
921 4162 1084 4233 laudabiliter
1105 4165 1200 4213 tolerat
1272 4169 1419 4228 separetur.
1455 4161 1510 4212 Sed

235 4264 374 4315 comm
391 4256 431 4299 est
447 4248 505 4302 illis.
541 4244 599 4299 bc¹
611 4262 668 4312 seq.
688 4246 818 4314 Siquidem
835 4254 860 4298 et
932 4249 992 4297 inde
1009 4254 1034 4296 et
1109 4250 1214 4306 tolerat,
1233 4265 1266 4297 ae
1338 4249 1508 4298 necessarium

233 4346 264 4393 es
282 4335 342 4383 stite
358 4337 424 4384 tales
441 4335 593 4384 adtrahere:
612 4350 658 4384 aec
675 4336 747 4384 enim.
785 4327 865 4394 Quod
881 4328 928 4382 hio
945 4327 1045 4382 suadet
1063 4328 1258 4397 Symmachus,
1277 4327 1440 4382 Constantio
1458 4329 1507 4381 im-

230 4416 371 4493 peratore
391 4413 502 4469 Arianis
524 4416 634 4470 favente
655 4414 858 4485 praestiterunt
878 4413 930 4468 viri
951 4430 1036 4468 sanae
1059 4416 1089 4467 et
1107 4413 1278 4467 orthodoxae
1300 4413 1365 4465 lidci
1382 4412 1508 4479 studiosi,

230 4508 284 4579 qud
303 4505 417 4563 mesu,
445 4499 597 4570 Gregorius
619 4500 808 4556 Nazianzenus
831 4502 901 4554 urat.
924 4505 956 4552 ⁴21
980 4498 1083 4567 inquit,
1107 4505 1204 4568 alisqui
1223 4508 1311 4569 pracati
1332 4520 1363 4553 aa
1384 4505 1510 4553 moderati

227 4597 301 4649 sint,
320 4590 369 4642 hae
386 4600 468 4643 tusses
484 4592 511 4640 ia
528 4606 558 4640 re
576 4594 645 4640 leues
663 4599 688 4640 et
708 4592 800 4655 faciles
818 4605 874 4639 esse
892 4605 943 4639 noa
958 4591 1095 4647 sustineat,
1117 4607 1189 4655 quiem
1198 4606 1249 4654 per
1260 4591 1385 4640 silentium
1402 4597 1427 4637 et
1440 4591 1509 4654 quie-

226 4692 287 4737 tet!
305 4680 357 4730 aei
374 4695 452 4731 carisa
468 4680 602 4744 proditur:
624 4696 708 4729 serim
726 4679 858 4728 actrrrodum
876 4676 985 4727 bellaces
1001 4683 1061 4724 sciat
1077 4684 1153 4740 ‹uqrse
1170 4676 1197 4724 in
1214 4676 1373 4738 condicendo
1391 4690 1466 4724 acres
1483 4680 1510 4723 ct
