3450 5678
588 272 783 323 arraromn
807 239 933 322 '10:11.
1341 266 1398 329 197

163 429 205 494 2.
276 427 325 493 [it
345 448 424 513 ergo
445 427 665 512 tranquillitas
689 427 787 492 vestri
809 433 964 513 perpetua
987 433 1021 493 et
1042 430 1106 494 fixa
1128 431 1171 494 sit
1187 433 1290 517 regui,
1314 435 1399 518 quie·
1413 453 1505 500 aria

92 559 164 617 pem,
185 552 323 615 sarram
345 530 471 595 cunctis
493 530 527 594 in
549 534 725 595 memorata
748 530 883 595 ecclesia
905 533 1096 617 praestistis,
1124 535 1272 619 pervigili
1294 542 1399 620 prote-

98 647 202 717 ctione
237 633 424 720 munite⁶);
447 637 480 698 et
500 632 584 718 quod
604 634 739 716 juvante
763 655 817 698 vos
833 633 970 698 Domino
987 656 1044 718 pro
1060 636 1281 700 innocentium
1297 638 1400 703 salute
1443 658 1451 678 ¹

102 729 235 819 fecisfiss
257 736 454 818 animarum,
472 735 670 822 religiosiore
683 736 788 800 studio
804 742 836 801 et
851 737 1021 822 diligentia
1036 739 1209 802 attentiore
1222 740 1399 824 protegite:

109 845 289 938 quianon
314 839 448 904 minoris
478 841 526 902 est
548 839 672 924 gloriae
679 889 687 923 ,
718 838 799 923 quod
831 840 1010 903 condideris
1038 862 1165 904 servare
1197 864 1292 925 quani
1327 865 1399 907 con-

116 929 228 1018 detes)
270 944 303 1004 et
317 941 467 1019 omnibus
486 944 534 1005 est
549 942 729 1025 probatum,
754 944 881 1005 tantum
904 942 993 1005 vobis
1015 942 1116 1007 divini
1138 943 1258 1007 favoris
1277 944 1400 1028 impen-

123 1063 210 1117 sum,
237 1046 392 1125 quantum
415 1042 619 1109 Christianae
648 1043 799 1129 religioni
827 1066 847 1107 a
876 1048 982 1109 vestra
1004 1045 1125 1129 pietate
1148 1049 1197 1110 est
1220 1045 1400 1111 sedulitatis

129 1136 316 1217 exhibitum.
358 1146 404 1211 Et
425 1146 570 1232 quamvis
591 1146 742 1210 inomni
765 1150 857 1230 parte
879 1147 972 1231 regni
995 1147 1043 1210 sui
1065 1147 1234 1232 profutura
1257 1147 1365 1213 divino
1373 1150 1399 1234 a)

135 1238 242 1318 cultui
264 1248 457 1331 providentia
485 1253 592 1314 vest-ra
619 1271 685 1313 non
708 1249 841 1313 desistet
867 1249 951 1313 curis
974 1249 1111 1333 publicis
1131 1250 1399 1334 tranquillitatem

138 1344 296 1421 Ecclesiae
313 1352 486 1437 praeferre,
516 1373 630 1436 precor
651 1355 771 1435 tamen,
795 1355 831 1416 ut
861 1352 945 1434 quod
968 1374 1024 1435 per
1052 1373 1109 1415 uos
1137 1352 1220 1431 serio
1245 1354 1398 1437 postulat,

139 1459 242 1523 immo
258 1453 329 1537 quod
350 1454 412 1538 ipsi
435 1454 607 1539 specialius
629 1455 857 1539 supplicamus,
884 1453 1017 1519 Petrum
1039 1454 1279 1519 Alexandrinae
1302 1456 1400 1521 eccle·
1498 1442 1501 1447 ¹

140 1559 214 1624 siae
234 1576 418 1639 pervasorem
440 1562 473 1622 et
494 1558 535 1622 ob
558 1557 618 1624 hoc
637 1558 710 1642 jure
733 1558 930 1641 damnatum,
955 1559 1029 1642 quia
1051 1558 1155 1622 moliri
1177 1558 1333 1642 quaedam
1355 1558 1399 1625 la-

138 1670 219 1726 tens
237 1657 267 1723 in
284 1658 512 1746 Alexandrina,
537 1661 620 1735 sicut
642 1661 682 1726 ad
701 1682 759 1724 nos
782 1660 937 1744 scriptum
960 1663 1018 1745 est,
1044 1660 1174 1724 civitate
1198 1661 1399 1727 contraham

134 1782 225 1850 quae
242 1782 259 1825 a
278 1762 362 1828 vobis
385 1767 461 1829 sunt
477 1766 598 1829 statuta
613 1766 818 1847 memoratur,
843 1763 882 1827 ad
899 1763 1057 1827 exteriora
1071 1763 1240 1827 transferri
1256 1764 1399 1847 piissima

133 1865 352 1954 praeceptione
376 1865 530 1952 jubeatis,
560 1889 601 1932 ne
630 1866 916 1951 aliquosmodicae
939 1865 1023 1948 fidei,
1055 1864 1138 1949 quod
1166 1865 1272 1929 lacere
1291 1866 1399 1950 perhi-

130 1972 235 2050 betur,
258 1967 378 2033 inficiat
400 1973 433 2033 et
455 1969 494 2034 ad
517 1968 736 2054 perversitatis
759 1991 834 2033 suae
856 1969 1071 2033 instrumenta
1092 1968 1250 2033 traducat.
1292 1968 1399 2055 Longe

125 2074 198 2139 sint
218 2070 261 2135 ab
280 2070 505 2137 innocentibus
527 2072 707 2157 perniciosa
731 2072 893 2157 contagia,
922 2074 959 2135 ut
980 2092 1037 2155 per
1059 2092 1114 2135 vos
1137 2071 1224 2135 intra
1247 2070 1398 2137 dominici

121 2173 236 2263 gregis
264 2171 345 2239 ovile
373 2173 416 2238 sit
444 2172 623 2258 sinceritas,
653 2197 749 2258 quam
777 2175 844 2238 sola
871 2177 981 2239 tenere
1008 2176 1115 2258 potest
1139 2173 1317 2258 imperialis
1346 2198 1399 2239 au·

123 2277 271 2346 ctoritaa

631 2499 813 2603 Epistola
841 2501 890 2582 ll.

235 2650 421 2738 Simplicii
444 2623 555 2738 papae
577 2653 621 2720 ad
644 2652 812 2720 Acacium
836 2651 1285 2736 constantinopolitanum.
1397 2647 1550 2785 sapgnsspgd-

34 2840 59 2891 p,
76 2831 99 2880 7,
155 2814 321 2869 Timotheum
337 2827 386 2876 per
404 2815 501 2878 legatos
518 2814 617 2863 erroris
634 2814 730 2863 veniam
746 2813 851 2876 petiisse
869 2810 904 2873 (a.
919 2812 953 2871 1).
991 2811 1123 2873 Apendam
1145 2811 1215 2873 apud
1232 2813 1366 2873 insperato-

142 2925 220 2970 ναι,
246 2916 278 2958 ut
293 2905 403 2965 latentes
421 2898 565 2949 haereticos
588 2899 744 2964 oramineque
763 2898 865 2946 Petram
884 2895 1003 2959 lllonpum
1020 2897 1111 2959 procul
1128 2896 1153 2943 iu
1172 2895 1286 2943 ceciliam
1304 2895 1367 2957 pelli
1389 2961 1393 2965 Ι

133 2995 246 3061 jubeat
266 2992 301 3059 (η,
315 2992 351 3055 2),
386 2985 578 3047 Satissactioaia
595 2999 691 3041 coriam,
716 2984 759 3049 qai
780 2984 848 3046 lapsi
862 2981 979 3044 sacrant,
1007 2979 1119 3029 libellum
1134 2978 1183 3027 sibi
1200 2995 1216 3028 (ι
1238 2978 1366 3028 Timotheo

544 3071 694 3121 declinatam
711 3083 768 3118 esse
787 3068 885 3116 nantia!
904 3064 938 3129 (a.
952 3064 988 3129 3).

279 3226 511 3314 Simplicius
539 3221 749 3305 episcopus
773 3217 921 3280 Acacio
944 3214 1400 3298 Constantinopolitano

356 3329 575 3415 episcopo.
619 3327 679 3388 Per
701 3343 790 3405 quern
813 3342 914 3402 supra.
928 3320 951 3404 ¹)

205 3478 238 3539 l.
280 3470 426 3547 Quantos
454 3470 486 3529 et
512 3483 608 3547 quam
636 3460 749 3524 uberes
770 3458 895 3521 fructus
919 3455 1135 3540 constantia2)
1159 3454 1231 3518 fidei
1255 3457 1287 3518 et
1309 3453 1401 3517 devo-

94 3592 227 3649 tanun
256 3573 344 3639 circa
366 3569 555 3654 religionem
579 3561 769 3628 catholicam
792 3561 946 3624 mentium
963 3580 1088 3642 semper
1102 3557 1221 3621 habeat
1236 3556 1400 3636 fortitude,

95 3686 209 3752 labor
234 3682 317 3743 tuac
339 3669 524 3738 dilectionis·
543 3672 575 3732 et
598 3688 717 3743 eorum,
747 3664 799 3748 qui
828 3663 948 3746 pariter
972 3663 1103 3745 repente
1130 3661 1257 3724 diabolo
1276 3659 1401 3741 jamdu-

94 3790 190 3855 dum
215 3775 487 3859 turbabanturi),
518 3769 669 3836 ostendit.
715 3766 798 3831 Nam
821 3787 917 3849 quum
941 3764 1058 3829 Christi
1082 3763 1231 3827 inimicus
1255 3765 1287 3825 et
1309 3761 1401 3847 regni

93 3884 348 3960 Christianam
370 3897 496 3962 semper
518 3874 625 3939 aulam
647 3893 720 3935 mox
744 3890 873 3934 casurus
901 3866 1067 3930 invaderet
1094 3868 1189 3949 atque
1212 3865 1311 3949 impia
1333 3886 1401 3949 per-

181 4200 210 4253 ‘i
232 4192 283 4247 lta
300 4187 390 4255 6¹02,
407 4185 481 4254 vulg.
501 4186 635 4238 custodite.
672 4178 749 4233 idem
776 4175 930 4246 imperator
949 4173 1089 4243 rogandus
1106 4172 1135 4226 iu
1153 4191 1228 4241 sequ.
1247 4173 1326 4241 epist.
1347 4177 1402 4223 nst.)

94 4287 235 4343 dicitur,
256 4285 286 4331 ai
304 4277 443 4328 catholicae
461 4273 591 4338 reapana·
608 4270 733 4319 salalaria
750 4268 850 4330 scripta
868 4265 988 4314 mittendo
1006 4265 1102 4312 arramire
1121 4265 1238 4327 dipacati·
1257 4262 1385 4310 ecelesias.

182 4370 210 4423 ⁷)
231 4362 284 4417 lta
305 4377 368 4413 cum
390 4361 405 4410 t
424 4352 605 4417 communae,
636 4349 683 4404 ubi
707 4348 773 4404 editi
797 4351 938 4402 convalere
961 4344 1005 4411 iG'
1026 4351 1123 4401 iarael.
1172 4347 1200 4398 „a
1223 4342 1314 4412 potius
1338 4341 1402 4392 ante

95 4449 283 4526 legendum
302 4441 457 4514 suspicatur
475 4444 543 4509 qaod
560 4459 613 4492 cam
631 4442 742 4490 desieris,

185 4543 212 4591 ‘i
234 4534 285 4587 Ita
303 4529 351 4593 G¹;
370 4526 437 4581 editi
455 4531 539 4580 (lirina
559 4528 754 4578 ..edecimare
792 4517 898 4572 Deinde
917 4517 950 4572 G'
971 4521 1136 4586 pr‘acscralr's.

189 4598 213 4673 'i
233 4617 281 4672 Ex
299 4615 335 4669 G'
349 4613 385 4667 (ἶ2
402 4608 573 4666 restituimus
592 4613 645 4662 Per
663 4627 734 4676 quera
751 4625 839 4673 capra.

186 4712 214 4763 ’ξι
235 4704 286 4757 lta
303 4699 401 4763 l}¹(1'‘;
419 4697 493 4766 vulg.
513 4699 680 4750 constantiae.

188 4796 214 4847 ³1
236 4790 286 4843 lta
303 4786 339 4838 G¹
353 4784 401 4852 G²;
419 4783 493 4854 vulg.
514 4785 647 4836 turbantur
718 4783 792 4847 rapui
810 4782 955 4833 Christiani.
991 4776 1021 4828 lu
1040 4770 1220 4841 sequentibus
1239 4768 1404 4838 epistolaess

101 4892 135 4939 ct
157 4889 179 4935 9
205 4871 380 4931 indicantia.
