3412 5664
214 317 257 382 30
473 325 482 335 ‘
582 333 717 382 uonrrn
739 332 892 381 rnaavrn
915 333 951 380 ru
974 331 1113 381 onnnsn

213 498 239 551 si
253 502 373 550 taceret.
404 493 479 550 Unde
494 494 636 568 epistolam
652 494 719 550 hanc
741 492 844 550 duabus
864 491 1050 566 superioribus
1072 509 1123 549 nec
1142 494 1304 549 anteriorem
1326 509 1377 549 nee
1393 493 1480 549 multo

213 581 394 653 posteriorem
410 595 471 635 esse
486 569 565 635 lacilo
585 580 700 653 quisque
712 576 852 649 judicabit.

377 712 416 774 In
437 712 553 773 Golosii
573 728 673 809 popae
694 711 857 789 sputohm
877 709 913 771 13
935 707 1304 793 („1ntaringruentiam“).

179 840 199 908 ³]
298 833 442 908 lipistolam
470 835 538 889 hauc
557 834 584 888 in
606 832 712 889 schedis
733 831 889 907 Hieronymi
911 833 1029 906 vignerii
1051 833 1172 889 relictam
1192 832 1276 889 lucas
1298 832 1445 890 bacharius
1466 851 1481 888 a

212 919 295 975 fratre
310 918 383 974 illins
400 917 553 989 Benjarnino
569 920 681 992 accepit,
704 926 732 973 et
747 917 885 993 Spicilegii
901 917 1005 974 tomoV
1020 935 1046 992 p.
1056 918 1116 975 581
1133 919 1160 973 in
1176 917 1263 974 luecm
1279 920 1378 975 emisit.
1396 917 1482 986 Quam

213 1003 247 1059 ab
263 1020 368 1059 causam
384 1005 491 1078 scripta.
513 1020 567 1077 qua
587 1005 729 1059 occasione
750 1004 831 1059 missa
845 1004 895 1064 sit,
917 1004 975 1076 ipsa
990 1003 1105 1077 epistola
1120 1003 1278 1076 explicatur.
1309 1003 1412 1078 Nempe
1427 1003 1482 1060 lio·

211 1090 295 1145 sticus
310 1088 510 1164 Lugdunensis,
526 1089 645 1143 leonius
661 1087 840 1149 Arelatensis.
866 1104 897 1142 ac
913 1087 984 1143 sorte
999 1087 1043 1143 alii
1059 1087 1205 1143 Galliarum
1220 1089 1341 1162 episcopi
1357 1087 1391 1144 dc
1407 1090 1481 1145 tristi

211 1172 300 1230 ltaliae
315 1181 388 1229 statu
402 1174 519 1247 permoti
535 1172 693 1228 subsidiaria
707 1171 740 1227 ad
756 1172 889 1228 Gelasium
906 1189 1016 1228 monera
1031 1174 1169 1235 miserant,
1193 1188 1277 1246 eaque
1293 1188 1388 1230 recens
1405 1190 1482 1230 aoce-

211 1267 287 1332 pcrat
301 1260 324 1314 is
339 1275 416 1332 papa,
433 1274 515 1332 quum
528 1255 712 1313 Theudoricus
727 1256 818 1313 ltaliae
833 1273 880 1312 rex
896 1256 1073 1332 Epiphanium
1085 1257 1256 1314 lirinensem
1271 1259 1432 1332 episcopum
1446 1257 1480 1313 ad

212 1342 419 1399 Gundohaldum
440 1342 658 1417 Burgundiorum
680 1359 772 1416 regom
793 1342 825 1396 ad
846 1344 936 1416 gentis
957 1359 1021 1398 suae
1044 1341 1199 1398 relevandas
1220 1343 1342 1398 miserias
1364 1351 1392 1399 et
1408 1343 1482 1400 redi·

211 1428 323 1485 mondus
339 1428 457 1501 captivos
473 1427 593 1500 legatum
609 1427 763 1482 destinavit.
786 1425 872 1498 liujus
883 1429 969 1502 igitur
980 1427 1127 1501 legationis
1139 1429 1371 1501 opportunitatem
1382 1438 1481 1484 nactus

212 1513 332 1568 Gelasius
345 1513 414 1568 hanc
423 1512 456 1567 ad
468 1511 606 1568 Rusticum
617 1513 725 1586 scripsit
737 1513 889 1586 epistolam,
906 1520 972 1567 tunc
983 1520 1013 1567 ut
1025 1522 1133 1586 gratum
1146 1512 1179 1569 de
1191 1513 1307 1587 acceptis
1319 1512 1480 1570 muneribus

211 1599 327 1654 animum
343 1595 541 1661 testificaretur,
564 1585 627 1653 tum'
637 1599 716 1653 etiam
731 1605 762 1652 ut
778 1595 955 1672 Epiphaniam
971 1598 995 1652 ei
1011 1598 1220 1654 commendaret.

432 1731 471 1793 In
492 1729 608 1791 Galerii
628 1746 729 1808 popae
751 1729 922 1807 epistolem·
937 1729 975 1790 14
996 1726 1255 1810 (,‚Neeessaria“).

177 1862 198 1929 ³]
298 1853 325 1908 1.
349 1851 420 1908 llaec
432 1852 546 1926 epistola
558 1853 676 1926 antiquis
685 1850 891 1907 collectionibus
903 1851 1006 1907 scilicet
1015 1845 1340 1928 [Vaticanalleg.1997]‚
1358 1852 1480 1928 dionysii

211 1937 307 2012 Exigui
322 1948 403 2012 atquc
419 1936 544 1993 lladriani
559 1935 584 2000 l,
606 1953 657 1993 nec
671 1954 725 1992 non
741 1937 769 1992 in
785 1934 1000 2010 Langobardira,
1022 1936 1153 2010 llispana.
1175 1932 1337 2002 isidoriana,
1360 1945 1391 1992 ut
1406 1948 1436 1994 et
1451 1940 1479 1995 in

211 2022 346 2078 veteribus
362 2022 462 2078 codicis
478 2020 649 2090 aQuesnello
665 2021 768 2096 vulgati
783 2020 979 2095 caerrrplaribus
995 2020 1147 2078 erlribetur.
1170 2020 1231 2076 llam
1248 2021 1356 2079 landant
1371 2031 1481 2080 veteres

211 2124 342 2163 canonum
359 2106 549 2181 compilatores
558 2107 727 2169 Cresconius,
744 2106 888 2161 dnselmus
903 2105 1041 2169 Lucensis,
1058 2106 1111 2168 lvo,
1128 2105 1302 2181 polycarpus,
1324 2108 1480 2169 Gratianus.

210 2194 274 2247 item
290 2192 403 2249 concilia
417 2191 615 2256 Parisienson
633 2192 828 2248 Suessionenso
841 2190 874 2246 lll
887 2199 939 2247 etc.
962 2191 1015 2247 Sed
1027 2193 1054 2247 in
1068 2193 1147 2248 variis
1159 2191 1213 2248 illis
1226 2194 1409 2249 monumentis
1423 2210 1481 2250 non

212 2294 264 2333 una
285 2278 327 2334 osi
348 2276 406 2348 ejus
426 2278 578 2351 inscriptio.
615 2277 643 2333 ln
660 2277 716 2333 aliis
732 2277 802 2332 enim
819 2278 858 2332 ad
872 2280 1021 2334 uniuersos
1036 2281 1195 2349 episcopos,
1218 2279 1245 2332 in
1261 2277 1319 2333 aliis
1335 2280 1376 2334 ad
1389 2295 1480 2352 quos·

210 2364 276 2419 dam
290 2363 396 2419 ltaliae
408 2366 577 2435 prouincias
591 2370 701 2418 notatur
715 2363 824 2435 scripta.
864 2360 928 2417 Utra
950 2378 1014 2417 vero
1035 2379 1050 2417 e
1066 2360 1169 2417 duabus
1185 2361 1238 2420 illis
1254 2362 1481 2437 inscriptionibus

210 2446 385 2521 praeferenda
401 2455 482 2509 esset,
498 2446 661 2520 aliquamdiu
677 2448 758 2503 haesi.

296 2531 324 2588 2.
355 2531 388 2588 Et
405 2534 432 2588 in
455 2532 590 2588 veteribus
613 2531 721 2605 quidem
737 2530 918 2598 Quosnelliani
940 2531 1041 2588 codicis
1062 2531 1191 2605 exemplis
1206 2530 1376 2589 inscribitur:
1398 2533 1484 2590 one-

211 2620 343 2674 ctissimis
358 2617 506 2689 fratribus
528 2620 669 2674 universis
689 2620 832 2688 episcopis
848 2616 991 2673 Gelasius.
1026 2616 1100 2672 Unde
1121 2615 1287 2681 inducimur.
1311 2626 1341 2674 ut
1363 2635 1423 2675 eam
1444 2618 1480 2674 ad

211 2719 305 2757 omnes
321 2704 464 2776 episcopos
480 2703 617 2775 pertinere
632 2703 789 2757 sentiamus.
812 2700 885 2756 ldom
900 2701 997 2757 suadet
1012 2708 1040 2756 ot
1056 2703 1128 2763 haec,
1145 2704 1256 2774 quaein
1272 2700 1481 2778 langobardico

211 2786 381 2843 Colbertiuae
401 2786 580 2843 bibliothecae
602 2781 667 2863 [neo
683 2804 737 2842 non
753 2788 779 2842 in
796 2786 878 2842 Vatic.
896 2785 962 2860 lleg.
982 2786 1072 2849 1997,
1095 2786 1223 2843 Vaticano
1240 2787 1321 2844 1342
1338 2796 1366 2844 et
1380 2787 1481 2844 Barbe-

210 2873 270 2927 rino
280 2865 378 2947 2888]
394 2871 433 2928 illi
448 2871 616 2946 praeligitur.
636 2872 798 2946 epigraphe:
814 2872 962 2944 Incipiunt
976 2879 1087 2929 statuta
1098 2873 1207 2929 Gelasii
1215 2888 1327 2946 papae.
1344 2873 1482 2931 Gelasimo

210 2961 364 3029 episcopas
385 2960 528 3014 universis
547 2961 690 3031 episeopis
708 2974 765 3030 per
786 2973 1016 3030 unamquamque
1027 2961 1209 3029 prouinciam
1231 2962 1403 3016 constitutis.
1448 2958 1479 3015 ln

210 3058 268 3097 earn
283 3058 394 3117 quoque
409 3043 570 3099 sententiam
585 3060 636 3100 nos
651 3042 783 3099 inducunt
798 3058 881 3115 quum
895 3042 1036 3114 Dionysius
1043 3041 1173 3116 Exiguus,
1189 3059 1270 3116 aquo
1284 3043 1349 3101 haec
1360 3043 1479 3117 epistola

209 3128 237 3182 in
251 3129 360 3201 praevio
376 3126 464 3183 indice
479 3128 598 3201 generali
611 3144 711 3201 papae
723 3128 833 3184 Gelasii
845 3129 984 3201 generale
999 3129 1147 3185 decretum
1162 3130 1202 3184 ad
1215 3144 1313 3185 omnes
1324 3133 1480 3202 episcopos

209 3220 395 3286 nuncupatur,
413 3221 469 3267 tum
482 3212 630 3269 lladrianus
637 3213 655 3277 Ι,
673 3214 719 3287 qui
731 3212 921 3285 dionysianum
934 3211 1048 3269 indicem
1061 3229 1093 3268 eo
1110 3211 1162 3269 loci
1177 3213 1310 3269 intactum
1321 3213 1435 3287 reliquit
1443 3209 1476 3286 ¹).

210 3295 256 3352 llis
277 3298 357 3352 etiam
377 3296 542 3372 sullragatur
560 3296 621 3354 libri
644 3295 806 3372 pontificalis
827 3299 959 3371 scriptor,
988 3296 1033 3354 ubi
1062 3297 1205 3372 epistolam
1232 3299 1310 3354 istam
1333 3307 1412 3355 notat
1434 3300 1478 3355 his

210 3379 312 3436 verbis:
332 3383 380 3437 hic
398 3382 471 3453 facil
493 3386 676 3440 constitutum
696 3385 731 3439 de
754 3386 829 3439 omrai
848 3387 984 3440 ccclesia.
1020 3382 1075 3439 llac
1095 3384 1195 3458 quippe
1215 3382 1347 3458 loquendi
1367 3385 1478 3442 ratione

209 3465 347 3521 decretum
363 3464 505 3540 designare
520 3466 605 3530 solet,
627 3468 700 3542 quod
721 3466 754 3522 ad
776 3467 915 3524 ecclesiam
930 3469 1064 3542 pertineat
1085 3470 1246 3525 universam.
1279 3468 1389 3526 oenum
1405 3486 1477 3528 earn·

209 3550 269 3606 dem
286 3549 428 3624 epistolam
445 3559 475 3606 ut
490 3552 530 3607 ad
543 3567 640 3610 omncs
655 3556 807 3625 episcopos
822 3553 948 3627 scriptam
963 3552 1128 3628 Polycarpus
1143 3554 1218 3610 citat.

294 3635 323 3692 3.
354 3634 453 3691 Verum
474 3636 500 3692 in
521 3635 638 3711 llispana
663 3637 824 3694 collectione
846 3640 966 3712 quamvis
992 3639 1093 3713 pariter
1113 3646 1225 3695 vocetur
1245 3655 1347 3712 papae
1368 3640 1480 3698 Galerii

206 3722 345 3794 generale
359 3722 515 3792 decretum,
531 3721 686 3778 inscribitur
701 3730 787 3779 tamen
804 3724 1000 3781 Dilectissimis
1011 3723 1159 3796 fratribus
1173 3727 1316 3781 uniuersis
1330 3729 1477 3799 episcopis

206 3822 263 3878 per
277 3805 451 3877 laconiam,
475 3807 595 3865 Bratios
610 3816 639 3864 et
654 3808 783 3865 Siciliam
798 3812 967 3866 constitutis.
999 3807 1067 3865 llinc
1081 3818 1109 3865 et
1123 3810 1150 3865 in
1165 3818 1325 3883 pervetusto
1340 3827 1477 3868 canonum

208 3890 301 3947 codice
316 3890 348 3946 ad
364 3889 496 3965 llispanao
512 3892 641 3950 ecclcsiae
656 3911 735 3950 usum
750 3894 925 3956 concinnato,
948 3892 992 3949 ubi
1008 3893 1139 3968 epistolae
1155 3893 1235 3964 hujus
1252 3894 1416 3952 asscribitur
1430 3913 1476 3952 ex·

209 3975 324 4039 ordinm,
340 3975 432 4032 eadem
447 3977 472 4033 ei
487 3979 668 4052 praemittitur
682 3979 837 4053 inscriptio:
858 3980 977 4053 quamvis
993 3978 1050 4035 aliis
1066 3980 1093 4035 in
1109 3978 1190 4041 locis,
1207 3979 1252 4035 obi
1267 3979 1390 4051 subjecta
1405 3981 1476 4038 rele-

208 4069 306 4117 runtur
332 4060 454 4123 decreta,
482 4062 523 4119 rel
546 4068 693 4138 generalis
714 4067 835 4137 epistola
863 4063 904 4120 vel
923 4068 1062 4139 gencrale
1081 4066 1228 4121 decretum
1254 4065 1295 4122 rol
1315 4065 1476 4140 simpliciter

207 4149 354 4204 decretam
370 4147 479 4203 Gelasii
489 4165 589 4221 popae
605 4149 764 4224 appellatur.
795 4146 880 4204 Porro
895 4147 1015 4205 isidorus
1030 4148 1163 4206 blercator
1178 4166 1239 4206 eum
1253 4151 1342 4224 ipsum
1354 4150 1475 4215 titulum,

208 4247 289 4306 quem
303 4230 418 4305 llispana
433 4231 558 4289 collectio
574 4251 638 4308 prae
653 4252 683 4290 se
702 4234 769 4298 lert,
791 4235 915 4296 retinuit.
942 4233 1055 4309 ejusque
1070 4236 1232 4291 auctoritate
1252 4237 1317 4291 varii
1339 4253 1474 4293 canonum

208 4316 397 4390 compilatores
412 4317 555 4375 doselmus
570 4319 712 4383 Lucensis,
731 4318 790 4381 lvo.
812 4319 953 4376 Gratianus
969 4327 997 4375 et
1012 4319 1055 4375 alii
1070 4319 1189 4376 eamdem
1206 4320 1348 4395 epistolam
1364 4320 1476 4378 laudant

208 4410 238 4458 ut
253 4404 294 4459 ad
306 4406 457 4475 episcopos
468 4393 625 4475 Lucaniae,
636 4406 804 4461 Brittiorum
819 4413 906 4480 atque
921 4404 1039 4462 Siciliae
1060 4407 1195 4480 scriptam:
1217 4404 1313 4462 lisdem
1325 4408 1475 4463 concinunt

207 4496 235 4544 et
250 4504 344 4544 omnes
360 4486 502 4544 editiones.

292 4572 321 4629 4.
348 4572 378 4629 ln
395 4574 447 4630 boc
461 4573 585 4631 codicum
600 4574 710 4632 dissidio
725 4575 793 4631 nihil
808 4583 909 4632 temero
924 4576 1095 4650 sequendum
1110 4574 1243 4647 (luximus,
1260 4576 1374 4634 maxime
1390 4594 1475 4652 quum

276 4755 296 4821 ¹)
313 4752 401 4808 lnrmo
419 4752 473 4807 hoc
490 4752 573 4808 modo
592 4754 670 4822 quusi
688 4753 833 4877 arnfflinvit
850 4754 1070 4824 inscriptionem:
1089 4760 1186 4825 Incipit
1200 4761 1309 4824 epistola
1321 4774 1411 4824 papae
1425 4759 1476 4810 Ge·

207 4827 273 4876 larii.
302 4826 393 4890 Papae
412 4826 509 4876 Gelasii
522 4831 643 4890 generale
661 4823 709 4891 (¹1⁵⁸
755 4825 775 4858 ¹⁵
790 4826 957 4892 generaliter)
980 4830 1107 4878 decretum
1129 4831 1165 4878 od
1185 4844 1271 4878 ornnes
1288 4829 1425 4893 episcopor
1443 4830 1476 4879 dc

207 4895 328 4944 institutis
345 4895 525 4945 ecclesiasticis
542 4895 672 4946 moderate
687 4911 739 4960 pro
758 4898 878 4962 temporis
896 4899 1018 4962 qualitate
1036 4898 1178 4962 dispositis.
1216 4891 1293 4961 [Ed]
