3450 5678
327 310 389 375 506
803 328 831 375 s.
848 325 989 374 oannsn
1011 325 1125 372 onena

328 504 420 547 suum
442 482 544 544 modis
567 480 714 544 omnibus
736 502 893 562 remeare,
919 482 975 543 ant
996 479 1024 543 si
1045 480 1081 543 in
1103 478 1164 543 hac
1186 478 1400 564 pervicacia⁴)
1423 479 1508 543 forte
1531 434 1602 564 pcr-

329 584 448 650 sliterit
470 586 543 670 post-
565 584 801 650 sacramentum
824 581 884 649 sibi
907 581 1145 671 praestitutum,
1167 581 1320 651 reddatur
1341 581 1474 649 invitus.

779 757 1060 861 Fragmentum
1085 757 1143 842 42.

363 900 479 959 Felicem,
497 899 540 962 qui
557 899 593 946 od
609 899 740 946 ecclesian
757 898 907 962 constiparet
926 904 950 946 ct
969 899 1028 947 inde
1045 912 1162 961 emensus
1180 913 1264 947 reram
1276 897 1326 947 riti
1336 897 1497 961 olrJectarunr
1508 911 1570 947 con·
1639 915 1697 967 ἡ

632 984 711 1032 or'rtnn
726 983 784 1044 fait,
797 983 861 1045 jure
879 983 1009 1033 custodiae
1027 984 1194 1055 munctpotum
1212 983 1303 1035 teneri.

482 1097 665 1163 Gelasins
687 1097 865 1163 Johanni
889 1098 1077 1183 episeopo
1098 1098 1367 1184 Vibonensi¹).

412 1219 501 1284 Uxor
524 1218 638 1283 Felicis
667 1221 699 1283 et
727 1218 811 1282 filiae
833 1218 986 1302 Romam,
1021 1219 1096 1303 quia
1124 1218 1170 1282 sie
1198 1217 1357 1303 oportuit,
1393 1219 1601 1307 venerrrnt²).

328 1322 492 1408 Siquidem
514 1321 600 1385 hunc
623 1321 727 1406 ipsum
749 1321 887 1404 primum
908 1342 942 1385 se
958 1321 998 1384 ad
1015 1321 1221 1386 barbarorum
1245 1321 1409 1385 basilicam
1433 1323 1602 1388 conferen-

328 1428 393 1490 tem
416 1445 511 1508 seque
534 1424 634 1487 bonas
659 1445 769 1486 causas
791 1423 910 1488 habere
928 1423 1109 1507 jactantem
1124 1424 1233 1508 egredi
1255 1423 1315 1488 sub
1338 1423 1399 1488 hac
1416 1424 1602 1490 conditione

328 1526 563 1610 praecepimus,
602 1529 638 1590 ut
665 1526 692 1589 si
720 1528 810 1589 actus
839 1547 912 1588 siros
940 1524 1077 1590 fideliter
1105 1529 1137 1590 et
1165 1525 1401 1591 rationabiliter
1429 1525 1599 1613 allegaret,

327 1629 408 1695 nihil
432 1629 516 1692 circa
539 1650 610 1691 erun
632 1650 761 1712 prorsus
785 1650 934 1711 asperum
956 1629 1024 1692 fieri
1039 1629 1216 1713 durumque
1234 1631 1433 1714 pateremur3
1456 1630 1599 1716 alioquin

328 1733 354 1796 si
378 1734 490 1796 contra
513 1729 606 1794 fidem
629 1732 662 1794 et
683 1729 856 1795 utilitatem
886 1731 1113 1814 dominicam³t
1141 1731 1267 1796 venisse
1295 1731 1503 1817 probaretur,
1533 1732 1600 1818 ipsc

327 1834 457 1899 sibimet
478 1834 662 1917 imputaret,
687 1835 782 1917 atque
804 1833 999 1898 ordinationi
1016 1834 1382 1918 congruaesutjaceret.
1414 1832 1478 1910 Qui
1492 1858 1600 1921 snper-

328 1938 477 2001 venicnte
505 1935 570 2000 filio
598 1939 708 2000 nostro
737 1935 804 1998 viro
831 1935 999 2019 spectabili
1022 1936 1215 2001 Heorthasio
1248 1936 1293 1999 sic
1325 1938 1374 2000 est
1400 1937 1439 2001 ad
1469 1937 1600 2024 singrrln

328 2061 471 2124 quaeque
494 2039 670 2121 convictus,
694 2041 730 2101 ut
751 2060 787 2101 os
810 2039 933 2121 aperire
955 2061 1021 2102 non
1044 2042 1162 2122 posset,
1186 2043 1220 2104 et
1233 2061 1309 2104 vcra
1324 2060 1403 2122 csse,
1427 2061 1511 2124 quae
1525 2039 1599 2106 hnic

327 2141 559 2225 objicerentur,
594 2141 724 2225 propria
757 2162 832 2207 voce
860 2141 1032 2225 fateretur,
1068 2141 1201 2228 ideoque
1235 2145 1364 2207 tenetur
1394 2142 1600 2229 mancipatus

328 2243 500 2310 custodiae.

778 2381 1058 2485 Fragmentum
1084 2383 1145 2467 43.

387 2525 426 2573 oe
443 2539 525 2577 servo.
545 2524 588 2588 qni
604 2523 703 2572 Jrnloeo
721 2524 817 2572 seruire
834 2526 922 2572 nolens
940 2525 976 2573 od
992 2524 1123 2574 ecclesiane
1141 2523 1262 2588 confregit,
1281 2523 1445 2590 obtenditpne
1462 2538 1492 2575 se
1509 2524 1545 2574 ad
1610 2536 1679 2600 pag

810 2608 920 2669 insontia
939 2608 1115 2658 Cdriatc'onum.

479 2723 665 2788 Gelasius
688 2723 908 2805 Siracusio,
940 2724 1183 2790 Constantio
1210 2727 1248 2789 et
1271 2724 1495 2792 Laurentio
1517 2729 1604 2813 spi·

572 2849 713 2910 scopis.

409 2948 522 3029 dudae,
546 2946 599 3030 qni
617 2945 771 3010 Judaicac
794 2946 1002 3031 professionis
1018 2945 1144 3011 exsistit
1155 2949 1189 3033 ¹),
1214 2947 1410 3032 mancipium
1428 2948 1515 3031 juris
1539 2954 1604 3031 sui,

325 3051 410 3137 quod
433 3052 508 3113 ante
531 3070 649 3133 paucos
672 3071 773 3112 annos
801 3070 834 3113 sc
863 3048 977 3113 asserit
1000 3071 1216 3134 comparasse,
1245 3072 1333 3115 nnnc
1359 3050 1400 3115 ad
1428 3050 1604 3119 eeclesiam

325 3273 427 3328 nilacio
450 3275 561 3326 clectus.
600 3271 774 3339 Quamquam
796 3271 947 3325 secundum
971 3271 1079 3326 concilii
1096 3271 1301 3327 Aurelianensis
1319 3273 1345 3326 11
1362 3290 1498 3329 monem
1518 3282 1537 3330 3
1555 3277 1605 3333 de

327 3362 404 3414 crcto
422 3357 486 3412 hoic-
504 3357 695 3411 eoucincntcm
713 3355 796 3410 solius
816 3356 921 3410 domini
939 3360 1000 3410 erat
1017 3359 1192 3412 sacramenta
1208 3360 1362 3428 praestare.
1392 3355 1438 3412 Sic
1456 3358 1536 3415 enim
1554 3361 1605 3417 lna·

326 3445 386 3498 net:
404 3463 505 3505 sernas,
524 3449 568 3510 qut
584 3447 621 3495 od
636 3446 767 3495 ecclesium
783 3461 834 3509 pro
851 3446 964 3511 quolibet
981 3448 1056 3510 culpa
1067 3447 1225 3510 confnperr't,
1243 3450 1267 3497 ri
1278 3464 1295 3496 a
1306 3447 1406 3498 ἀοιίιιο
1422 3462 1474 3512 pro
1485 3449 1605 3501 ael-tm

326 3536 401 3596 culpo
422 3539 583 3581 alteramenta
604 3533 756 3595 susceperit,
781 3532 866 3580 rtnttm
890 3532 926 3580 ad
946 3533 1074 3581 emittam
1096 3532 1189 3581 dantnr'
1210 3534 1251 3581 rnr'
1267 3533 1354 3583 redire
1370 3537 1480 3596 condar
1556 3534 1605 3586 ssa

326 3633 386 3667 nero
403 3632 490 3666 terma
507 3634 555 3680 pro
573 3619 649 3680 culpo
665 3632 712 3665 rao
730 3614 762 3665 od
780 3618 888 3665 ecclesio
905 3617 1054 3680 defensatur
1070 3624 1232 3667 sacraemnta
1249 3618 1344 3668 donia
1353 3618 1457 3667 clericis
1468 3619 1602 3684 tripenti-

326 3704 371 3753 bur
383 3704 414 3752 de
427 3703 573 3765 irapnnitotc
589 3703 750 3766 perceperit.
768 3702 843 3750 entre
856 3704 978 3751 uolentem
991 3719 1007 3751 o
1019 3702 1119 3753 donnino
1131 3703 1207 3752 licent
1219 3704 1342 3767 occupari
1352 3696 1450 3764 (Eud.
1463 3698 1499 3764 ll,
1514 3705 1605 3770 1009).

326 3784 364 3837 nt
380 3799 446 3837 vcro
470 3785 569 3852 postca
591 3783 708 3847 domini,
730 3788 754 3834 ri
775 3786 806 3835 ob
824 3788 932 3835 ecclesio
950 3787 1101 3836 exeuntibus
1122 3783 1239 3851 paenale
1257 3781 1363 3852 aliquid
1383 3781 1549 3852 intulerint,
1572 3788 1605 3841 ut

326 3867 464 3923 Ecclesiae
482 3867 585 3922 inimici
598 3868 754 3922 habeantur
767 3883 975 3933 cxcoumruncs,
993 3867 1085 3936 inquit
1096 3867 1259 3922 Arelatcuee
1271 3867 1296 3920 ll
1309 3865 1457 3922 concilium
1469 3885 1538 3925 aun.
1550 3876 1603 3927 sat

327 3973 348 4007 c.
363 3961 396 4009 30
414 3953 508 4019 (llrrrd.
523 3955 556 4020 ll,
569 3956 636 4021 775).
667 3952 728 4006 Huc
746 3951 867 4006 attinent
884 3951 970 4005 ctiam
982 3953 1069 4007 verba
1086 3952 1156 4021 legis
1169 3950 1319 4006 Theodosii
1333 3950 1454 4021 juniori·
1469 3955 1606 4024 proxime

326 4038 413 4094 allata
429 4057 481 4093 nco
498 4053 554 4091 non
571 4037 641 4092 hace
659 4037 749 4092 Caroli
767 4035 863 4105 Magni
881 4035 909 4090 in
927 4036 1074 4106 capitulari
1093 4054 1157 4092 ann.
1175 4042 1225 4092 782
1243 4043 1295 4091 aa
1314 4036 1473 4105 sarcienda,
1489 4049 1520 4094 ut
1538 4048 1606 4111 rens,

326 4131 371 4195 qut
385 4129 423 4178 ad
438 4128 568 4177 ecclesian
586 4126 759 4191 consumunt,
776 4133 887 4190 propter
903 4127 1022 4176 donarem
1032 4127 1082 4176 oet
1097 4133 1291 4192 rrrnctoraraque
1304 4126 1428 4177 ecclesiae
1440 4127 1529 4192 ipsiu
1540 4146 1605 4182 m-

325 4214 501 4264 eewturvito
522 4220 549 4262 et
570 4212 786 4262 cantumerulam.
822 4207 864 4260 Ab
884 4224 956 4262 anno
975 4211 1024 4262 630
1046 4205 1224 4276 Dagobertus
1246 4207 1274 4261 in
1293 4205 1442 4276 capitulari
1460 4224 1484 4261 c.
1505 4213 1523 4263 'l
1540 4210 1607 4279 J'am

326 4293 464 4348 edixerat:
484 4300 551 4346 nullo
568 4299 602 4346 ait
618 4299 694 4361 culpo
712 4304 761 4346 taur
777 4298 875 4360 prauis,
894 4304 921 4346 ut
938 4297 989 4347 nito
1008 4312 1057 4347 non
1075 4297 1230 4347 concedatur
1244 4303 1358 4361 propter
1374 4297 1491 4349 tinem
1506 4299 1564 4353 Det
1580 4308 1608 4352 et

326 4384 493 4433 reuerentiam
508 4388 661 4434 sanctornm.

392 4465 414 4531 ⁴)
432 4463 451 4516 Z
469 4467 613 4530 pertinacia
629 4467 699 4528 forte
715 4469 867 4532 perstiterit.
903 4462 967 4517 Non
984 4461 1144 4532 displiceret
1161 4463 1276 4518 verbnm
1292 4467 1447 4531 perstiterit.

325 4554 358 4602 Ω
394 4547 455 4616 “)Τ
478 4551 623 4610 Viennensi,
643 4550 678 4602 Π1
699 4547 801 4618 (prima
818 4548 951 4617 manu)Z
974 4553 1114 4603 Vtenncntt
1130 4548 1160 4623 et
1176 4549 1195 4603 Ζ
1214 4548 1252 4604 ad
1268 4566 1357 4618 marg.
1381 4552 1539 4612 rumas,
1569 4554 1607 4608 ΠΙ

326 4633 457 4698 (wconda
474 4631 522 4686 sed
540 4632 650 4700 aequali
668 4636 763 4701 manu)
781 4633 817 4686 D⁶
839 4639 983 4688 Viennensi.

392 4720 414 4784 ²)
432 4718 452 4772 Z
469 4729 655 4786 pervenerint:
673 4717 773 4772 deinde
792 4718 867 4773 Tc¹⁰
884 4731 974 4773 ronna
992 4739 1045 4773 euru
1060 4739 1180 4788 prorsus.

393 4803 414 4868 ³)
432 4801 465 4854 H.
480 4818 502 4854 e.
523 4800 627 4855 domini
645 4802 694 4855 sui.
731 4802 795 4857 Mox
813 4804 832 4856 Z
850 4815 927 4873 atque
945 4810 1039 4858 donum·
1054 4809 1211 4859 ordinationi
1285 4806 1411 4859 Ortltarto.

326 4889 359 4939 43
396 4889 414 4952 ¹)
432 4887 470 4940 0¹⁰
487 4892 595 4941 exstitit.
630 4886 695 4942 Mox
712 4886 749 4940 D‘
762 4891 798 4942 Π1
818 4899 976 4959 prensante.
