3412 5664
654 349 850 399 saissonis
875 340 945 398 136.
971 339 1042 398 137.
1423 332 1485 399 959

213 499 401 584 hensibilia',
426 501 603 566 catholicae
625 502 698 567 fidei
721 503 971 580 correctionibus
979 503 1006 588 θ)
1030 501 1218 567 clarescant.
1264 502 1613 588 opprimebaris.)

210 603 316 688 igitur
338 603 559 668 existimantes
581 603 733 669 fraternis
754 605 873 669 litteris
901 607 1041 669 uestram
1069 605 1276 669 sanctitatem
1302 607 1334 668 et
1362 605 1484 669 carissi-

208 705 275 769 mis
299 705 434 790 alloqui,
458 726 624 790 rogamus,
659 709 696 770 ut
716 706 821 792 majus
843 710 876 771 et
897 705 1073 771 instantius
1094 728 1152 791 pro
1175 706 1317 790 piissimo
1339 705 1485 790 principe

208 811 326 871 nostro
348 807 490 872 omnium
505 807 678 872 Dominum
693 807 797 874 Deum
819 829 910 873 orare
931 807 1120 894 dignemini.
1156 809 1292 872 Omnem
1305 807 1341 872 in
1357 806 1485 873 Christo

207 907 470 993 fraternitatem,
504 931 585 996 quae
608 931 679 974 cum
702 913 808 975 vestra
830 913 879 974 est
900 910 1088 993 sanctitate,
1123 930 1183 994 ego
1212 930 1335 994 quoque
1363 913 1396 974 et
1421 909 1485 973 mei

208 1009 387 1094 plurimum
410 1010 596 1076 salutamus.
644 1016 683 1078 Et
706 1017 770 1077 alia
791 1033 893 1076 manu.
937 1011 1111 1077 incolumis
1133 1013 1168 1075 in
1190 1009 1327 1075 Domino
1349 1032 1405 1075 ora
1427 1032 1485 1095 pro

208 1111 325 1197 nobis,
350 1112 497 1178 amabilis
520 1111 589 1177 Deo
611 1116 645 1177 et
667 1113 868 1178 sanctissime
891 1113 1043 1200 frater⁸)i

710 1300 893 1404 Epistola
920 1300 997 1384 137.

395 1453 607 1521 Hormisdac
630 1470 740 1538 papae
762 1453 806 1519 ad
829 1453 1016 1521 lustinum
1038 1453 1306 1536 imperatorem.
1497 1438 1624 1561 gbffi

171 1598 200 1646 3.
247 1593 443 1657 Interrogatus,
461 1611 518 1643 amn
531 1593 654 1644 Christum
671 1611 757 1644 unum
776 1596 812 1644 de
829 1594 988 1643 Trinitate
1006 1594 1196 1656 craecisioeum
1213 1595 1332 1656 profiteri
1349 1608 1452 1644 necesse

245 1679 294 1737 sit,
314 1679 465 1742 respondet,
488 1681 524 1729 ad
544 1680 742 1740 confutationem
763 1694 878 1728 errorum
896 1678 1011 1728 Nestorii
1032 1685 1057 1726 et
1075 1677 1225 1742 Eutpctetis
1244 1686 1306 1743 post
1327 1680 1452 1743 synodica

247 1764 355 1812 decreta
373 1770 399 1812 et
415 1762 485 1813 beati
500 1780 586 1828 papae
605 1765 700 1814 Leonis
717 1766 854 1814 constituta
872 1764 934 1813 aiiii
951 1764 1057 1827 amptius
1080 1762 1274 1812 desiderandum
1298 1761 1334 1824 (n.
1349 1764 1362 1812 l
1376 1771 1402 1812 et
1414 1761 1451 1824 2).

249 1845 335 1907 Quare
353 1849 390 1897 ad
405 1847 491 1900 iorum
507 1849 615 1912 smmum
633 1848 749 1899 breuibus
766 1851 874 1913 repetit,
894 1849 955 1913 quid
971 1848 997 1896 in
1018 1846 1143 1896 Trinitate
1161 1863 1246 1911 unum,
1271 1849 1332 1913 quid
1348 1849 1453 1912 singuiis

246 1934 368 1997 personis
384 1935 517 1998 proprium
533 1937 568 1983 stt
582 1932 617 1995 (n.
631 1931 673 1997 3),·
691 1935 783 1983 deinde
800 1932 1017 1998 quomodoVerbo
1034 1933 1144 2029 goprio
1160 1933 1195 1981 sit
1212 1933 1299 1982 earnis
1315 1933 1450 1997 susceptio,

248 2023 326 2082 atque
345 2019 369 2067 in
388 2018 489 2069 ciram
506 2021 561 2068 sine
579 2019 726 2080 confraionc
744 2019 830 2068 unitae
847 2019 897 2067 liei
917 2018 1071 2083 dominisque
1093 2025 1213 2076 naturae,
1238 2019 1332 2067 demum
1350 2019 1411 2084 quid
1426 2019 1453 2068 in

249 2119 279 2153 eo
296 2118 426 2166 personae
444 2105 506 2169 quid
521 2104 678 2154 substantiae
689 2105 863 2166 deserendum,
882 2103 996 2167 explicat
1010 2103 1070 2164 (ui
1083 2109 1107 2152 et
1119 2102 1156 2165 ὃ).
1178 2103 1253 2152 Haec
1264 2104 1322 2165 jam
1333 2103 1452 2166 sufficere

271 2189 409 2247 eaistimat,
428 2195 455 2237 ut
469 2190 612 2253 propositis
631 2187 818 2254 quaestionibus
836 2196 860 2237 ct
878 2188 1012 2238 latentibus
1029 2189 1129 2237 insidiis
1147 2187 1260 2237 obvietur
1279 2189 1314 2250 (n.
1328 2189 1344 2236 6
1358 2195 1383 2238 et
1395 2185 1433 2250 7).

369 2319 578 2385 Hormisda
599 2321 760 2386 Justino
783 2322 974 2406 Augusta.

304 2441 332 2502 l.
366 2438 533 2523 Interea,
557 2462 639 2525 quae
662 2441 702 2504 ad
723 2440 883 2505 unitatem
906 2439 1071 2504 Ecclesiae
1093 2439 1290 2523 pertinentia
1300 2441 1334 2526 ¹),
1358 2443 1489 2525 propter

213 2547 313 2625 qu'am
334 2539 421 2605 Deus
450 2542 638 2607 clementiae
667 2546 792 2607 vestrae
821 2541 919 2627 elegit
944 2541 1129 2626 imperium,
1164 2541 1199 2604 in
1225 2540 1349 2605 litteras
1378 2544 1488 2606 contu-

213 2642 312 2726 listis,
335 2641 396 2708 hoc
419 2665 552 2728 quoque,
576 2644 769 2709 venerabilis
789 2645 974 2728 imperator,
999 2665 1075 2707 cura
1090 2642 1175 2726 fidei,
1201 2643 1251 2707 cui
1267 2642 1488 2728 multipliciter

213 2765 272 2808 vos
296 2745 422 2809 studere
445 2746 632 2830 declaratis,
662 2747 794 2831 adjecit,
822 2750 859 2811 ut
881 2745 1057 2830 aliquorum
1078 2766 1189 2831 preces
1210 2745 1419 2829 perferendae
1448 2744 1488 2808 ad

214 2846 410 2912 humilitatis
432 2869 522 2913 meae
544 2848 694 2913 notitiam
712 2849 943 2933 jungerentur,
973 2846 1088 2931 quibus
1116 2846 1167 2910 vel
1195 2846 1271 2931 quid
1293 2846 1487 2961 quaestionis
1500 2841 1601 2959 {pff

214 2949 355 3013 oriretur
377 2971 600 3035 agnoscerem,
628 2949 679 3015 vel
706 2951 746 3014 ad
768 2949 1017 3014 submovendum
1038 2948 1221 3034 propositae
1244 2947 1487 3012 consultationis

215 3049 406 3137 ambiguum
428 3074 615 3136 responsum
644 3075 662 3116 a
685 3075 735 3116 me
757 3051 925 3137 religiosae
952 3051 1107 3115 scientiae
1130 3051 1323 3115 conveniens
1345 3051 1487 3116 reddero-

213 3156 280 3217 tur.
325 3152 405 3238 Legi
428 3154 535 3217 omnia
557 3153 771 3219 sollicitudine
794 3176 857 3238 qua
879 3153 1026 3236 decebat3
1049 3157 1082 3217 et
1103 3152 1180 3216 licet
1202 3153 1241 3215 ad
1261 3153 1406 3237 responsi
1421 3152 1487 3237 ple-

213 3254 399 3319 nitudinem
420 3255 567 3320 sufficere
588 3256 756 3340 potuisset,
781 3256 808 3319 si
829 3254 885 3320 illa
908 3258 1036 3318 tantum
1058 3275 1138 3339 quae
1161 3256 1212 3340 at)
1230 3255 1389 3318 veteribus
1413 3257 1489 3318 sunt

213 3356 352 3421 definita
373 3357 596 3441 rescriberem,
620 3361 729 3423 tamen
752 3362 788 3422 nt
809 3356 950 3442 religiosi
973 3355 1128 3440 propositi
1151 3355 1248 3419 vestri
1269 3377 1489 3421 remunerarer

213 3458 379 3542 affectum,
403 3481 469 3523 non
491 3459 744 3524 subtrahendum
767 3459 886 3525 credidi
901 3458 963 3522 mei
979 3480 1102 3543 quoque
1120 3458 1275 3521 sermonis
1290 3457 1486 3543 obsequium.

303 3561 334 3625 2.
374 3559 456 3636 Quid
485 3562 571 3643 enim
598 3565 663 3646 est,
691 3563 774 3647 quod
805 3560 1041 3648 emergentibus
1068 3558 1210 3624 Nestorii
1238 3562 1271 3624 et
1297 3559 1487 3645 Eutychetis

212 3663 351 3728 venenis
373 3667 510 3748 paterna
531 3664 652 3729 omittit
673 3663 869 3729 instructio?
909 3663 996 3728 Pena
1019 3683 1131 3727 omnes
1153 3663 1336 3746 impietates
1353 3684 1425 3726 cum
1439 3662 1487 3726 in·

285 3887 307 3953 ⁸)
326 3882 359 3939 G*
373 3887 399 3939 a¹
419 3890 593 3942 correctionis.
629 3885 692 3940 Non
710 3885 883 3953 dubitamus,
902 3885 968 3954 quin
986 3883 1128 3955 scripserit
1138 3883 1288 3954 interpres,
1308 3886 1339 3938 at
1351 3884 1443 3938 exstat
1460 3883 1489 3937 in

212 3975 242 4025 θ’
259 3985 333 4036 scip,
350 3973 556 4025 correctionibus.
596 3969 654 4024 Sed
676 3987 809 4040 graecum
827 3978 891 4034 ταῖς
910 3971 1059 4033 παιδείαις
1078 3969 1167 4024 latino
1184 3968 1271 4024 verbo
1293 3973 1489 4024 institutionibus

212 4053 321 4110 rectius
333 4053 506 4109 reddidisset.
537 4053 632 4110 Simile
650 4055 710 4124 ejus
728 4056 875 4125 peccatum
892 4055 1033 4126 epist.131
1052 4073 1078 4109 n.
1094 4060 1181 4110 tete
1198 4053 1364 4110 notammus.
1378 4086 1412 4094 —
1422 4054 1488 4108 Mox

212 4143 260 4195 ed.
281 4144 407 4210 alioquiis.
852 4127 859 4139 ⁹

286 4223 445 4293 ⁷)Cla1ius:
468 4229 515 4281 icoc
538 4230 615 4294 ipitur
637 4231 779 4281 conducere
801 4232 1027 4284 existimantes
1053 4238 1092 4295 ut,
1115 4226 1159 4281 vel
1182 4231 1247 4281 tanc
1268 4232 1346 4296 ipitur
1367 4229 1489 4279 iubentes

212 4315 446 4380 opportunitatem,
466 4331 516 4380 qua
531 4315 659 4377 fraternis
677 4323 702 4366 et
719 4319 818 4381 apertis
836 4315 951 4381 apicibus
963 4323 1072 4366 uernam
1083 4318 1244 4367 sanctitatem
1256 4316 1426 4382 alloquamur,
1444 4331 1489 4366 ro·

209 4415 316 4467 panius,
334 4405 360 4447 ut
378 4401 457 4465 magis
474 4416 506 4449 ac
523 4403 601 4466 magis
618 4416 667 4464 pro
684 4402 797 4465 piissimo
816 4408 864 4451 cto.

287 4482 307 4548 ⁸)
326 4480 370 4535 Ita
387 4479 430 4536 θ’.
467 4480 517 4535 Ed.
535 4487 691 4549 sanctissime
707 4495 794 4550 pater.
835 4482 871 4535 Et
887 4482 950 4553 ipsa
968 4482 1080 4552 quidem
1098 4483 1218 4555 epistola
1234 4488 1392 4537 sanctissimo
1407 4486 1491 4549 fratri

212 4581 274 4622 non
291 4572 363 4635 patri
378 4565 550 4634 inscribitur,
573 4567 601 4620 et
623 4583 708 4637 supra
725 4565 859 4622 lobannis
878 4567 922 4622 cui
938 4567 1111 4639 Epiphanius
1128 4567 1258 4624 successit
1282 4567 1360 4639 epist.
1381 4573 1429 4623 109
1446 4566 1489 4621 his

213 4649 312 4708 verbis
329 4651 398 4706 item
416 4651 566 4706 clauditur:
587 4655 639 4705 Ora
656 4673 706 4721 pro
724 4656 796 4708 nobis
813 4660 970 4708 sanctissime
986 4660 1081 4720 frater.

216 4744 267 4793 137
305 4739 325 4806 ¹)
343 4735 372 4789 h'
391 4739 415 4792 c¹
439 4743 580 4806 pertinent,
608 4736 640 4792 0¹
664 4744 784 4807 pertinet.
823 4737 889 4792 Mox
912 4742 938 4794 c⁷
959 4756 1016 4809 seq.
1041 4745 1103 4795 iaec
1125 4760 1222 4811 quoque
1245 4741 1274 4793 et
1296 4737 1385 4795 omitt.
1410 4759 1488 4794 meae.

214 4822 327 4880 Deinde
344 4820 366 4876 i'
383 4829 575 4879 consultationis
593 4827 716 4880 ambitum.

287 4910 308 4977 ¹)
326 4907 416 4962 JOc'
431 4911 456 4962 ο*
467 4908 489 4961 i’
507 4912 539 4960 at
557 4913 702 4963 siccioribus
719 4921 784 4966 sunt.
