3412 5664
793 347 820 395 S.
837 346 1044 396 lrourusuhn
1065 346 1180 394 Phene

853 534 1035 635 Epistola
1062 534 1120 617 74.
1158 580 1160 585 >

211 684 340 821 ffirprp,
693 687 904 752 Hormisdae
927 705 1038 771 papae
1061 687 1103 753 ad
1127 689 1279 755 eosdem.

378 827 457 875 Gestat
476 828 566 876 doceri
582 828 613 875 de
634 828 672 883 iis,
692 843 756 891 qnae
772 828 940 892 perfecerint.
960 844 991 877 ae
1009 829 1164 892 Stephanum
1182 830 1366 894 nepotiatorem
1384 830 1421 878 eie
1436 820 1594 879 comenda!-

503 958 713 1023 Hormisda
735 959 886 1044 legatis
908 961 1060 1025 nostris
1083 961 1225 1045 quibus
1248 983 1379 1045 supra.

435 1079 573 1143 Necesse
602 1082 666 1161 est,
699 1083 735 1142 ut
755 1079 806 1142 vel
836 1079 873 1143 de
901 1080 1066 1163 injunctae
1089 1081 1225 1145 aetionis
1253 1083 1342 1144 statu
1364 1081 1414 1145 sel
1435 1081 1472 1145 de
1490 1085 1615 1145 vetra

350 1181 531 1245 dilectionis
560 1181 736 1265 cogitemus
765 1181 926 1264 absentia,
960 1187 993 1246 et
1019 1205 1078 1266 pro
1106 1182 1157 1246 his
1185 1182 1280 1246 rebus
1308 1182 1485 1247 sollicitudo
1501 1186 1617 1247 nostra

349 1305 413 1346 non
443 1283 566 1367 patitur
596 1282 755 1346 scribendi
785 1283 943 1366 cluaslibet
973 1285 1156 1349 occasiones
1182 1284 1343 1349 omittere.
1388 1284 1524 1349 Antehac
1544 1302 1618 1369 per

349 1385 612 1469 magistrianum,
635 1385 689 1469 qui
712 1384 745 1447 in
769 1384 952 1468 Symmachi
974 1386 1103 1469 patricii
1125 1387 1281 1451 remeavit
1303 1386 1499 1470 obsequium,
1522 1386 1616 1451 litte

348 1509 401 1551 ras
424 1487 550 1551 cantati
573 1491 698 1550 vestrae
720 1486 907 1569 direximus,
931 1488 1114 1571 hortantes,
1141 1491 1177 1552 ut
1199 1510 1258 1552 nos
1281 1487 1321 1553 de
1343 1487 1614 1572 universaquae

348 1591 382 1652 in
406 1612 501 1652 causa
524 1588 740 1653 ecclesiastica
768 1593 860 1672 gesta
888 1592 965 1653 sunt
992 1589 1041 1653 vel
1064 1592 1237 1674 geruntur,
1268 1612 1336 1654 non
1358 1589 1535 1654 omitteretis
1554 1591 1608 1660 iu-

348 1694 484 1773 struem
515 1690 598 1775 quod
621 1694 654 1754 et
675 1690 782 1753 facere
804 1712 862 1773 pro
884 1695 1013 1755 nostrae
1037 1692 1243 1776 cogitationis
1266 1691 1460 1755 relevatione
1480 1690 1600 1764 debetis

347 1790 457 1855 Nostri
479 1793 565 1855 enim
588 1792 653 1856 voti
676 1796 734 1874 cst,
757 1796 794 1855 ut
815 1791 916 1856 labori
939 1797 1045 1857 vestro
1067 1792 1154 1857 Deus
1176 1793 1381 1878 omnipotens
1404 1793 1593 1865 desideratum

348 1895 518 1958 concedere
541 1895 693 1978 dignetur
721 1894 878 1958 effectum.
930 1894 1131 1979 Stephanum
1158 1895 1410 1979 negotiatorem,
1440 1918 1492 1979 per
1513 1918 1585 1979 quen

346 1997 436 2060 vobis
458 2000 569 2060 nostra
597 1996 826 2060 contradentur
855 1997 1010 2082 alloquia,
1042 1998 1076 2060 in
1105 2018 1167 2081 quo
1197 1998 1279 2061 ratio
1308 1998 1498 2082 poposcerit,
1521 2018 1578 2064 oon·

344 2098 528 2182 petentibus
552 2099 674 2161 solatiis
697 2099 862 2181 adjuvate,
887 2099 962 2183 quia
984 2099 1070 2163 huno
1093 2121 1219 2183 sempor
1241 2104 1389 2163 nostrum
1410 2098 1500 2162 fnisse
1517 2120 1571 2163 roco

345 2199 422 2262 litis.
469 2199 554 2263 Data
578 2200 685 2262 eodem
709 2200 770 2263 dio.

854 2387 1034 2490 Epistola
1061 2388 1107 2471 75

957 2541 1006 2576 seu

206 2620 230 2656 a.
243 2611 291 2657 519
305 2604 330 2657 d.

208 2673 315 2740 :sonitui
495 2635 675 2702 suggestio
696 2634 851 2691 Dioscori
873 2634 1009 2691 diaconi
1031 2636 1075 2690 ad
1097 2634 1316 2691 Hormisdam
1337 2649 1462 2704 papam

378 2766 494 2826 Quotidie
512 2782 528 2813 a
545 2766 653 2815 diuersis
671 2767 798 2828 episcopis
817 2765 913 2815 libellos
930 2765 1115 2827 satisfactionis
1127 2766 1234 2829 offerri:
1252 2768 1288 2816 ad
1297 2768 1441 2815 scandalunt
1451 2767 1473 2814 in
1483 2763 1543 2827 epte

374 2853 432 2901 siaa
455 2852 557 2900 deitate
580 2851 753 2899 reanouendnm
776 2852 954 2914 imperatorem
976 2852 1128 2903 invocatam:
1156 2851 1308 2900 Antiochiae
1326 2852 1429 2900 Paridem
1448 2848 1543 2914 quenda

376 2937 521 2999 episcopam
540 2936 681 2984 ordinatum
700 2933 735 2997 (n.
747 2932 780 2999 1).
823 2935 908 2984 Nouos
926 2939 1041 2985 tnattdtua
1059 2938 1172 2984 canituri
1189 2952 1205 2984 a
1225 2935 1327 2999 Scythia
1343 2933 1463 2986 nonant
1482 2948 1544 2981 aar·

376 3022 412 3069 tte
435 3020 458 3068 T
460 3021 597 3069 ciuitate
621 3020 815 3083 crtreifisenar
839 3021 890 3069 diei
906 3020 1059 3073 volentibus:
1085 3022 1110 3070 in
1129 3038 1179 3087 qna
1196 3022 1325 3071 sententia
1342 3022 1410 3070 virne
1426 3019 1544 3070 maon

781 3107 862 3154 latere
882 3107 998 3169 earpiieat
1017 3103 1051 3167 (n.
1063 3107 1079 3154 2
1092 3113 1117 3155 et
1129 3106 1167 3168 3).

428 3257 456 3319 l.
492 3254 612 3319 Verum
635 3258 693 3337 cst,
718 3255 808 3318 nulla
837 3277 906 3319 esse
928 3255 1047 3340 gaudia
1069 3277 1267 3340 magnopere
1289 3256 1472 3339 spiritualia,
1491 3248 1568 3333 aqui·

341 3356 399 3420 hus
429 3379 467 3420 ex
496 3359 565 3421 toto
593 3357 759 3420 tribulatio
786 3357 889 3441 possit
916 3379 984 3421 esse
1012 3360 1171 3440 separata.
1217 3356 1400 3422 Gaudenms
1425 3356 1460 3419 de
1478 3352 1568 3418 nmtttt

341 3458 720 3542 Constantinopolitanae
743 3458 910 3541 ecelesiae,
941 3458 1132 3543 quaefacta
1155 3463 1203 3523 est
1231 3481 1302 3523 eum
1325 3459 1399 3523 sede
1420 3453 1568 3542 apostolor:

340 3561 497 3624 lactamur·
519 3560 660 3644 qnotidie
683 3560 879 3624 diversorum
902 3560 1123 3645 episcoporum
1151 3561 1276 3625 libellos
1304 3561 1397 3625 nobis
1418 3553 1567 3623 satannio

339 3663 390 3726 nis
413 3663 527 3726 offerri.
573 3661 735 3726 Modicum
756 3663 790 3725 in
815 3661 979 3745 Ephesina
1002 3662 1132 3727 civitate
1155 3663 1294 3747 contigit
1320 3662 1510 3741 scandalum,
1532 3653 1569 3717 ubi

340 3768 525 3849 contempta
553 3767 602 3827 est
631 3767 663 3827 et
685 3763 840 3847 injuriata
863 3764 1002 3848 synodus
1025 3763 1305 3829 Calchedonensis.
1355 3763 1414 3828 Est
1440 3760 1570 3826 invocata

340 3866 607 3930 clementissimus
629 3867 803 3949 imperator
825 3865 885 3929 hoc
909 3866 1078 3950 corrigere,
1102 3867 1185 3951 opirod
1209 3870 1242 3930 et
1256 3869 1365 3950 sperat
1387 3888 1456 3929 cum
1469 3861 1518 3927 Dei
1534 3856 1570 3922 sd·

334 3968 456 4052 jutorio
478 3968 556 4031 lieri.
602 3966 713 4050 Nunc,
739 3968 799 4031 etsi
821 3971 895 4051 post
914 3967 1056 4051 labores,
1088 3969 1148 4032 etsi
1170 3971 1244 4052 post
1265 3968 1459 4032 intentiones
1483 3963 1570 4049 plores

338 4070 544 4134 Antiochena
567 4069 701 4133 ecclesia
716 4070 863 4132 inclinata
879 4073 942 4151 est3
966 4070 1085 4134 electus
1101 4073 1149 4134 est
1164 4069 1293 4154 quidam
1308 4068 1458 4152 Paulus¹)
1475 4064 1572 4131 nomn?

338 4173 506 4256 presbyter
529 4171 907 4255 Constantinopolitanae
930 4172 1098 4254 ecelesiae,
1132 4193 1227 4256 quem
1250 4171 1325 4235 huie
1346 4170 1457 4235 honori
1478 4162 1574 4252 aptist-

339 4417 370 4465 io
407 4414 426 4479 ¹)
445 4411 497 4475 (liri
514 4410 645 4464 nimirum
663 4408 829 4478 recipiendis
850 4408 1017 4479 peregrinis,
1036 4412 1067 4464 ut
1085 4409 1272 4480 Theophanes
1294 4426 1360 4480 pag.
1381 4416 1428 4465 lii
1448 4408 1496 4475 (ed.
1512 4406 1574 4461 Bone

337 4501 397 4563 255)
416 4498 585 4561 auctorest,
607 4496 636 4548 in
653 4495 825 4548 llulmlorum
844 4495 926 4550 domo
949 4495 1126 4565 praepositus
1144 4496 1213 4549 orat.
1250 4494 1352 4549 Justini
1371 4494 1529 4550 auctoritate
1543 4490 1581 4545 el-

337 4584 397 4635 ctus
414 4580 442 4634 in
462 4580 581 4650 epistola
599 4580 725 4649 sequenti
738 4587 794 4633 ΠΛ).
812 4583 955 4647 intimatur,
974 4598 1059 4648 quum
1078 4579 1153 4649 prius
1165 4580 1297 4641 Severus,
1316 4581 1366 4650 qni
1382 4581 1455 4635 hunc
1472 4582 1500 4635 iu
1511 4577 1585 4633 tedam

336 4667 489 4732 invaserat,
506 4664 655 4720 Antiochia
672 4663 797 4731 fugisset.
834 4666 915 4719 llune
933 4666 1049 4735 qnippe,
1068 4668 1099 4719 ut
1116 4665 1253 4735 Euagrius
1270 4664 1318 4731 IV,
1337 4673 1354 4720 4
1371 4666 1474 4729 tradit,
1492 4666 1588 4736 impen-

334 4752 381 4804 tor
394 4750 604 4821 ctrnrprchcndi,
621 4748 707 4802 immo
721 4752 750 4802 ct
762 4752 894 4818 poscente
906 4750 1048 4804 vitaliano
1061 4749 1230 4804 irbscissione
1248 4749 1364 4821 linguae
1382 4752 1470 4823 plecti
1484 4752 1592 4821 jmserti.

336 4837 450 4904 op'usspm
476 4837 515 4891 rei
533 4835 738 4891 exsecutionem
761 4835 946 4891 clenoarrdarat
967 4836 1095 4903 lronac0,
1119 4837 1166 4905 qui
1187 4838 1247 4890 tum
1266 4854 1362 4893 comes
1380 4836 1594 4894 orientalium

231 4956 236 4965 ·
335 4922 413 4975 chiac
432 4923 579 4976 residebat.
