3412 5664
576 351 746 402 nrrsronn
768 341 819 400 43.
1269 336 1330 401 481

191 527 244 571 του
298 510 561 591 προσκυνοῦμεν
612 503 673 570 τόν
725 505 839 570 Petrus
876 505 1040 570 revelante
1076 506 1106 569 ei
1142 505 1239 570 Patre
1275 528 1335 571 nos
1352 524 1370 562 a
1388 514 1438 562 495

191 609 341 693 ιωμένον,
379 605 465 673 ἀλλά
492 613 523 672 X
529 605 673 691 ριστὸν
725 609 843 674 docuit.
878 608 999 674 Sancta
1021 611 1053 671 et
1074 608 1170 672 beata
1191 607 1335 672 Trinitas
1346 582 1438 630 ‘⁴⁹⁰'

191 714 258 803 τοῦ
279 713 383 775 θεοῦ
410 715 483 774 τοῦ
506 714 671 791 ζῶντος,
725 712 807 775 haud
839 710 993 796 gradibus
1028 710 1194 774 nominum
1230 711 1334 796 digni-

191 809 268 894 ίγιος
289 812 419 895 Πέτρος
442 811 477 889 ἐξ
499 809 673 876 άποκαλά-
724 814 801 877 tatis
842 813 981 877 obnoxia
1022 815 1085 895 est,
1131 813 1186 877 sed
1229 834 1335 877 rerum

191 917 236 978 ὀὗ
250 911 377 998 πατρὸς
391 915 587 990 παιδευθείς
604 914 674 978 ἑδί-
726 915 921 1000 aequalitate
956 913 1193 999 magnificatur.
1251 914 1335 979 Nam

201 1012 242 1079 ‘H
254 1012 333 1098 ἁγία
348 1016 404 1080 καί
418 1019 566 1100 μακαρία
580 1013 675 1099 τριάς
726 1019 786 1081 etsi
827 1020 893 1081 tres
936 1020 1012 1080 sunt
1048 1037 1204 1101 personae
1215 1066 1225 1100 ,
1270 1039 1336 1081 non

191 1126 274 1202 ιμοῑς
296 1115 472 1202 ὀνομάτων
500 1115 673 1183 ὑπόκειται
726 1123 835 1184 tamen
857 1122 923 1183 tres
945 1119 1131 1202 dignitates.
1174 1117 1239 1183 Ubi
1261 1140 1336 1184 con-

207 1216 284 1315 dll'
314 1219 442 1304 ἰσότητι
469 1220 674 1306 πραγμάτων
727 1219 992 1304 substantialitas,
1017 1220 1062 1284 ibi
1084 1220 1336 1305 omnipotentia3

191 1320 296 1386 νεται.
347 1323 393 1387 Εἰ
417 1320 482 1405 γὰρ
511 1324 568 1387 καί
589 1321 675 1406 πρό·
726 1322 906 1388 differentia
928 1321 1033 1386 estin
1053 1321 1246 1406 nominibus,
1270 1345 1336 1388 non

191 1426 270 1507 τρία,
293 1421 371 1487 ἀλλ’
394 1420 436 1488 ού
458 1434 549 1510 τρεῖς
568 1423 671 1502 άξίαι·
725 1426 760 1489 in
782 1426 953 1510 dignitate,
982 1424 1206 1489 dissimilitudo
1228 1425 1336 1510 appel-

191 1523 209 1590 d
231 1522 427 1610 discutiamne,
451 1526 524 1592 ἐκεῖ
534 1524 572 1591 τδ
588 1547 674 1591 παν·
726 1527 894 1611 lationnm,
911 1547 976 1591 non
992 1526 1203 1592 substantiae.
1220 1527 1337 1603 Quam-

191 1651 233 1691 ιν·
265 1625 303 1693 τὸ
331 1627 500 1712 διάφορον
529 1629 568 1694 ἐν
595 1624 674 1694 όνό-
726 1631 774 1694 vis
808 1629 894 1694 enim
930 1634 996 1694 tres
1029 1633 1105 1694 sunt
1135 1629 1335 1714 hypostases,

221 1726 298 1793 ἀλλ’
333 1728 397 1795 οόκ
433 1731 471 1795 ἐν
504 1726 593 1817 άξίᾳ·
636 1727 675 1795 τό
728 1731 834 1797 Patris
857 1753 895 1796 ac
913 1731 986 1796 Filii
1009 1735 1043 1796 ct
1059 1730 1198 1816 Spiritus
1213 1731 1336 1816 Sancti,

191 1854 226 1896 ον
255 1833 294 1897 ἐν
321 1837 578 1917 προσηγορίαις,
611 1832 674 1898 οὐκ
728 1856 793 1899 una
820 1836 930 1899 tamen
957 1833 1155 1917 substantia,
1186 1855 1256 1924 una·
1273 1834 1337 1899 dei-

191 1936 235 2020 ίμ.
265 1935 310 1999 Εἰ
329 1935 396 2018 γάρ
411 1935 468 1999 καὶ
481 1944 572 2018 τρεῖς
588 1932 675 1999 ὑπο·
728 1939 794 2001 tas:
831 1957 896 2000 una
923 1935 1054 2021 inquam
1091 1936 1125 1999 in
1152 1936 1338 2002 immortali·

191 2059 199 2111 ς
237 2034 365 2120 πατρὸς
405 2036 461 2101 καὶ
504 2037 582 2102 olori
618 2037 674 2100 καὶ
725 2041 811 2121 tate,
846 2038 881 2102 in
908 2037 1183 2122 impassibilitate,
1219 2039 1253 2101 in
1281 2039 1338 2102 im-

191 2138 389 2222 πνεάματος,
417 2135 511 2203 άλλὰ·
529 2141 589 2222 μία
615 2136 675 2203 οδ
727 2139 960 2225 mutabilitate,
1005 2140 1040 2204 in
1077 2138 1258 2225 voluntate,
1303 2141 1337 2205 in

191 2243 217 2303 ία
237 2240 371 2324 θεότης,
401 2243 460 2325 μιά
482 2241 522 2305 ἐν
544 2237 675 2305 άθανα-
728 2242 906 2326 creatione,
939 2242 973 2306 in
1002 2241 1188 2325 clementia,
1219 2243 1253 2306 in
1280 2243 1338 2307 mi-

191 2339 373 2429 ιάπαθείμ,
390 2343 429 2408 ἐν
444 2340 675 2427 άτρεπτότητι,
728 2345 908 2410 sericordia.
1029 2342 1032 2348 ’

191 2448 267 2530 νλῇ,
307 2446 347 2510 ἐν
380 2447 598 2530 δημιουργία,
638 2446 677 2510 ἐν
747 2496 751 2505 .

192 2545 228 2612 ἐν
248 2547 445 2631 οἰκτιρμοίς.

203 2646 273 2714 Οὐκ
297 2649 371 2734 ἐμοί
400 2649 436 2714 οί
455 2648 569 2732 λόγοι,
606 2654 675 2715 τῶν
812 2652 843 2716 8.
878 2651 952 2716 Νοη
974 2656 1051 2717 sunt
1079 2653 1113 2717 hi
1135 2655 1197 2718 mei
1219 2674 1336 2718 sermo-

191 2749 263 2815 ίλωυ
296 2749 383 2835 αὕτη
411 2747 431 2835 ἡ
459 2751 673 2835 διδασκαλία,
727 2775 799 2837 nes,
845 2754 900 2818 scd
937 2754 1153 2839 apostolorum
1189 2755 1336 2821 doctrina

191 2855 262 2922 νίων
284 2849 439 2936 πατέρων
465 2851 486 2937 ἡ
510 2853 673 2938 ἐξήγησις,
727 2855 805 2921 haec
845 2859 894 2919 est
930 2860 962 2919 ct
991 2861 1175 2921 sanctorum
1208 2861 1336 2941 patrum
1436 2870 1442 2875 “

191 2977 221 3031 ας
241 2956 278 3020 δὲ
300 2956 386 3038 λέγω
402 2953 481 3032 τούς
496 2956 675 3040 διαδόχους
727 2957 898 3023 enarratio.
965 2957 1079 3022 Patres
1121 2963 1229 3023 autem
1265 2959 1336 3023 dico

191 3052 334 3122 ι’ποκτοῐν
349 3058 405 3122 καί
420 3055 598 3144 ὑπηρετῶν
613 3063 674 3124 τοῦ
726 3081 923 3126 successores
959 3059 1102 3142 illorum,
1147 3061 1202 3145 qui
1237 3064 1336 3126 testes

194 3179 200 3191 ’
226 3157 287 3237 οδς
309 3164 448 3227 λυσσων
469 3158 674 3246 άναθεματί-
726 3162 844 3227 oculati
867 3163 999 3226 fuerunt
1021 3166 1054 3226 et
1069 3162 1208 3227 ministri
1221 3162 1338 3252 Verbi3

191 3258 209 3344 ἠ
229 3263 346 3346 φέρων
368 3261 481 3329 αὐτῶν
502 3262 582 3340 τούς
596 3262 674 3328 άυε-
725 3288 803 3351 quos
831 3269 884 3348 tu,
913 3264 1102 3346 furibunde,
1132 3264 1338 3330 anathemate

191 3362 292 3440 lutuvc
314 3365 479 3449 ἐλέγχους,
508 3367 591 3451 μηδὲ
613 3365 675 3452 τὴν
727 3368 851 3452 pulsas,
885 3366 961 3451 quia
989 3365 1107 3430 liberas
1136 3366 1263 3431 illorum
1291 3388 1338 3431 rc-

191 3464 282 3550 ότητα
330 3471 399 3532 τῶν
442 3472 674 3552 μαρμαρυγῶν
726 3468 956 3555 prehensiones
992 3489 1093 3553 aequo
1130 3469 1237 3534 animo
1272 3490 1338 3533 non

191 3565 327 3645 ἀὐτοῖς
347 3572 447 3634 θείου
462 3574 673 3655 χαρίσματος.
727 3573 809 3656 fers,
847 3592 950 3655 neque
977 3570 1158 3635 radiantem
1192 3570 1339 3656 splendo

191 3670 324 3755 γνόηται
346 3671 394 3748 δὲ,
417 3669 468 3735 ὅτι
490 3669 511 3755 ἡ
532 3673 570 3737 ἐν
586 3675 676 3736 Χαλ-
727 3695 795 3738 rem
818 3672 929 3755 divini,
953 3672 1037 3757 quod
1059 3673 1093 3736 in
1116 3673 1241 3757 οἱονεί,
1266 3673 1339 3737 cha-

216 3775 283 3838 τῶν
311 3770 417 3855 ἁγίων
439 3772 584 3849 σύνοδος
607 3777 675 3838 Νε-
728 3776 879 3840 rismatis.
930 3773 1033 3839 Nemo
1061 3778 1169 3839 autem
1197 3775 1337 3859 ignorat,

191 3874 290 3960 vptv
313 3870 359 3950 ὥς
374 3877 593 3959 φρενοβλαβῆ
615 3900 676 3940 κα-
728 3876 1022 3943 Calchedonensem
1051 3880 1236 3941 sanctorum
1258 3878 1338 3941 viro-

191 3998 236 4040 ευ·
255 3974 677 4062 Εότυχίαδὲάοεβήσαντα
704 3999 799 4045 ‚rum
822 3977 978 4062 synodum
1000 3979 1169 4043 damnasse
1189 3979 1339 4043 insanum

191 4078 279 4156 >visu
300 4077 486 4164 άναθέματι
507 4081 674 4161 βαλοῦσα·
729 4078 930 4163 Nestorium,
968 4081 1101 4165 impium
1134 4079 1211 4144 item
1239 4078 1338 4164 Euty-

191 4203 262 4264 ιρον
299 4182 336 4247 δὲ
370 4178 431 4246 τόν
460 4177 677 4264 Ἀλεξανδρέα
731 4181 822 4246 chem
864 4185 1087 4248 exauctorasse
1132 4180 1339 4246 anathemate

191 4283 254 4348 ινία
276 4287 338 4349 τοῦ
354 4279 454 4366 ἁγίου
467 4285 676 4366 Φλαβιανοῦ,
728 4283 925 4369 perculsum,
963 4306 1023 4349 nco
1054 4307 1120 4349 non
1148 4282 1338 4348 Alexandri·

191 4385 207 4448 :l
227 4383 307 4463 τοδς
329 4385 522 4471 προμάχους
543 4390 602 4470 τῆς
621 4389 677 4450 πί-
728 4408 806 4450 num
833 4386 1021 4451 Dioscorum
1058 4387 1162 4452 sancti
1191 4384 1338 4450 lllaviani

191 4488 389 4572 παρανόμως
404 4488 605 4571 καθελόντα,
621 4489 677 4552 καίΙ
728 4488 983 4572 interfectorem,
1020 4484 1082 4574 qui'
1104 4493 1136 4553 et
1163 4488 1243 4552 alios
1264 4486 1338 4550 fidei

191 4614 195 4657 .’
221 4590 257 4656 δὲ
281 4587 519 4675 ἀρχαιοτέρους
541 4595 677 4675 pacari-
729 4590 913 4656 defensores
947 4591 1080 4655 sceleste
1112 4590 1279 4674 expulerat
1306 4592 1339 4651 et

191 4692 422 4777 τοκηρόξαντα,
454 4693 510 4756 καί
534 4690 682 4776 Εὐτυχεῑ
730 4693 793 4757 alia
821 4693 1004 4779 antiquiora
1025 4691 1189 4757 Ecclesiae
1216 4690 1339 4754 lumina

191 4794 330 4876 στάντα,
359 4798 420 4859 τοῦ
448 4795 600 4878 στόματος
621 4798 679 4877 τῆς
731 4795 919 4880 extmguerc
963 4795 1053 4860 nisus
1089 4794 1209 4876 fuerat,
1254 4790 1339 4854 hunc

191 4901 249 4973 τίας
270 4894 451 4975 ἀπέκοψεν.
489 4897 535 4962 Ol
553 4895 677 4961 άναθε-
730 4897 877 4980 inquam,
916 4900 1005 4961 arcto
1039 4894 1167 4960 vinculo
1199 4891 1340 4977 Eutychi

191 5017 260 5055 onan
274 5017 377 5057 nonan.
391 5017 503 5058 rorare.
523 5003 545 5053 1.
1096 5006 1135 5063 31
