3412 5664
714 346 910 395 nrrsrouna
935 339 961 395 1.
987 339 1016 396 2.
1371 343 1382 354 '
1438 341 1501 404 233

262 486 469 567 Alexandrinae
497 501 584 566 urbis
612 524 708 587 quam
736 502 790 586 qui
813 505 915 566 status
938 502 1012 567 fidei
1042 503 1140 568 totius
1163 504 1338 570 Orientalis
1361 509 1505 592 regionis
1515 535 1538 571 a.
1553 523 1610 572 teu.

264 607 326 668 esset
343 605 472 689 excepit.
517 603 608 668 Haec
630 626 689 669 nos
712 604 822 668 diebus
843 605 1053 690 noctibusque
1076 607 1309 693 perstringens,
1339 609 1380 672 ad
1402 610 1501 674 donn-

264 716 323 771 Ium
337 707 429 772 filium
452 711 597 772 nostrum
621 707 929 773 Christianissimum
951 709 1130 792 principem
1152 732 1209 793 per
1224 709 1366 775 Vitalem
1388 715 1421 776 et
1441 713 1501 776 Mi-

261 824 348 875 senum
366 811 482 875 fratres
505 813 538 874 et
561 810 764 895 coepiscopos
787 813 914 874 nostros
936 811 1131 909 legationem
1154 813 1309 897 compulit
1324 813 1501 881 destinare:

255 913 402 996 quaeriue
423 934 497 977 mea
518 912 633 996 pietati
655 913 725 995 ejus
748 915 781 976 et
803 912 911 977 debita
933 917 1155 997 praesentaret
1176 914 1293 998 officia,
1319 919 1351 980 et
1365 939 1424 1001 pro
1439 919 1500 983 fide

250 1015 389 1080 catholica
414 1015 637 1099 majorumque
664 1018 847 1080 nostrorum
878 1017 1042 1080 servandis
1071 1017 1353 1083 constitutionibus
1382 1021 1500 1105 suppli-

320 1219 348 1284 2.
388 1218 495 1306 Hac³)
517 1219 619 1305 igitur
641 1220 696 1283 illo
717 1224 884 1305 pergente,
914 1244 974 1305 par
1002 1221 1065 1285 fuit
1087 1221 1291 1287 dilectionem
1313 1228 1403 1288 tuam
1425 1226 1500 1290 dilc-

236 1324 297 1389 etis
319 1321 436 1406 pariter
458 1322 599 1386 salutare
618 1321 787 1406 colloquiis
810 1328 842 1387 et
865 1327 1096 1408 consequenter
1116 1325 1249 1408 hortari,
1273 1330 1309 1390 ut
1329 1327 1500 1411 aliquando

234 1425 364 1490 tandem
390 1425 527 1509 causis⁴)
555 1427 588 1488 te
610 1423 741 1488 Domini
770 1426 946 1490 communis
968 1427 1145 1511 impendeo,
1174 1449 1234 1492 nec
1262 1428 1500 1513 despiciendum
1601 1457 1603 1461 ¹

232 1531 337 1613 putes,
365 1526 447 1612 quod
474 1546 533 1611 pro
557 1525 677 1592 Christi
700 1528 900 1593 confessione
927 1529 1067 1593 veridica
1096 1533 1191 1613 atque
1222 1531 1409 1597 universalis
1432 1533 1501 1616 ejus

231 1629 396 1695 Ecclesiae
422 1629 610 1693 definitione
643 1629 694 1694 vel
723 1631 761 1694 de
788 1652 868 1714 pace
897 1632 1097 1696 concorditer
1123 1634 1358 1717 exsequendum
1387 1638 1445 1717 est,
1474 1636 1500 1699 si

231 1732 317 1797 illius
340 1731 514 1797 ethonore
543 1732 632 1816 cupis
659 1754 727 1796 esse
750 1732 854 1797 clarus
877 1736 910 1797 et
931 1734 1071 1797 nomine.
1109 1733 1134 1797 F
1136 1737 1260 1822 utemur
1282 1736 1368 1800 enim
1390 1758 1501 1801 eccun-

231 1835 305 1899 dnm
334 1833 542 1919 apostolicam
570 1856 691 1918 vocem,
721 1857 864 1914 mupnum
892 1842 976 1901 rrobr's
1003 1845 1098 1901 inesse
1125 1845 1279 1902 tristitiam
1306 1851 1336 1903 et
1366 1845 1500 1904 dolorem
1509 1849 1650 1916 Romus.

230 1943 337 2002 cordis
357 1946 450 2002 nostri
469 1939 743 2022 continuandumi)
772 1939 1033 2022 cogitationibus,
1063 1962 1141 2022 quas
1160 1941 1256 2025 juges
1279 1963 1336 2024 pro
1359 1940 1500 2005 coelesti-

232 2039 289 2103 bus
319 2039 458 2125 negotiis
487 2039 692 2104 sustinemus.
718 2039 898 2124 imprimis
921 2041 1010 2124 illud,
1039 2043 1121 2127 quod
1149 2042 1268 2107 dudum
1297 2046 1372 2106 ante
1394 2045 1501 2108 oculos

232 2142 297 2206 lere
322 2142 463 2206 omnium
485 2143 718 2228 versabaturi),
742 2143 895 2207 occurrit:
920 2144 1088 2227 cujusnam
1109 2144 1156 2208 rei
1179 2145 1326 2210 videlicet
1345 2145 1500 2210 interesse

231 2244 417 2329 judicamus,
444 2245 529 2329 quod
550 2243 679 2309 dilectio
701 2250 757 2309 tua
780 2267 846 2309 non
867 2247 960 2310 modo
982 2246 1083 2311 tantis
1105 2247 1398 2331 opportunitatibus
1413 2248 1501 2311 inde·

235 2346 378 2410 amenter
402 2347 521 2412 exortis
528 2397 537 2432 ,
567 2368 676 2412 verum
704 2348 802 2412 etiam
833 2370 1061 2432 saepenumero
1091 2350 1264 2414 decessoris
1291 2350 1354 2414 mei
1383 2350 1500 2415 litteris

237 2447 381 2530 incitata,
406 2449 494 2515 velut
507 2450 683 2515 'obstinata
710 2450 838 2514 silentio
866 2473 1032 2534 nunquam
1059 2474 1155 2536 super
1182 2454 1266 2516 hanc
1294 2456 1419 2536 partem
1445 2456 1501 2518 aut

242 2550 399 2616 mnerilere
424 2540 598 2637 quidquam
622 2553 758 2617 voluerit
779 2558 836 2616 aut
857 2554 991 2618 referre:
1021 2555 1151 2639 quuml)
1175 2576 1276 2638 neque
1300 2578 1357 2618 nos
1380 2555 1498 2640 aliquid

244 2654 361 2717 temere
377 2655 547 2738 sinistrum,
572 2655 655 2740 quod
677 2655 771 2738 absit,
796 2656 835 2719 de
851 2658 906 2719 tua
927 2660 1035 2720 mente
1058 2656 1230 2720 conveniat
1244 2656 1381 2740 opinari,
1406 2661 1438 2723 et
1452 2661 1500 2722 ta-

249 2771 315 2816 men
344 2757 409 2838 quia
434 2757 666 2822 venerabilium
694 2758 848 2840 virorum,
878 2759 932 2841 qui
960 2759 1127 2823 ecclesiam
1156 2759 1206 2823 cui
1234 2758 1395 2842 praesides
1424 2762 1500 2824 ante

254 2861 395 2943 rexerunt,
421 2881 541 2925 morem
569 2859 766 2944 formamque
794 2860 966 2944 destituas,
997 2861 1061 2924 ullo
1088 2861 1181 2924 modo
1208 2860 1311 2944 possit
1338 2881 1404 2925 non
1432 2883 1500 2927 esse

259 2960 437 3037 suspectum?

319 3210 377 3273 'lb'
388 3217 416 3271 El
430 3217 463 3271 i*
482 3223 538 3272 Her
551 3223 627 3285 iqitur
644 3224 687 3272 ilia
704 3231 842 3287 perpetres
860 3219 904 3275 (F²
920 3222 1055 3287 perpende)
1071 3238 1124 3286 pur
1141 3218 1185 3283 (Ε2
1200 3221 1284 3286 pars).

320 3294 339 3355 ‘l
352 3298 386 3357 lle
399 3302 489 3360 locum
501 3304 586 3358 antea
597 3303 725 3357 mutilum
738 3320 771 3357 cx
782 3304 815 3357 Ε1
828 3304 862 3356 Ε2
875 3303 908 3356 1⁴¹²
919 3304 956 3356 H*
975 3302 1155 3369 restituimus,
1174 3303 1226 3356 nisi
1245 3304 1320 3370 quod
1338 3303 1371 3356 F²
1383 3304 1420 3357 Hl
1438 3325 1496 3358 cuu-

275 3384 300 3431 ¹l¹
311 3392 371 3445 ΜΓ
383 3393 412 3443 de
428 3395 523 3444 domim
582 3395 651 3457 quod
669 3393 769 3448 Gbristi.
788 3389 820 3442 E*
835 3389 868 3442 Ε2
887 3395 971 3442 causis
990 3402 1014 3442 tc
1032 3394 1127 3443 domini
1143 3394 1276 3442 communis
1295 3389 1337 3454 (E¹
1351 3398 1500 3444 communio·

191 3480 193 3501 ¹
275 3469 321 3527 *llo
334 3468 356 3522 bb
367 3470 394 3526 t·
410 3483 447 3530 sei
462 3495 537 3544 pace.
571 3473 636 3529 Bar.
656 3475 685 3528 et
703 3473 770 3528 editi
790 3481 964 3542 patrocinius
981 3494 1076 3528 casuue
1094 3480 1188 3530 domini
1255 3486 1331 3542 putes
1350 3479 1445 3528 Christi

271 3554 423 3615 anterus
439 3581 462 3616 e.
480 3564 513 3614 Ε.
532 3565 679 3627 ἀψιίίίοηε
697 3588 731 3599 -
749 3566 787 3613 oet
804 3566 836 3615 de
853 3580 919 3629 poce
936 3567 1099 3615 concorditer
1116 3590 1149 3598 -—
1166 3565 1190 3613 si
1207 3565 1281 3616 iltius.

325 3638 339 3701 'l
352 3640 386 3698 lla
405 3662 438 3700 ex
460 3645 492 3698 Ε1
506 3644 635 3698 E²F²H⁵
652 3644 830 3701 restituimus.
868 3643 1011 3712 Siquidem
1032 3645 1065 3698 E¹
1084 3646 1118 3700 E²
1140 3651 1282 3699 continuum
1306 3649 1362 3698 duur
1437 3665 1500 3714 peras

259 3732 329 3797 jetta
339 3744 377 3792 bru
392 3733 535 3789 relatibus,
554 3729 587 3782 F²
599 3729 635 3783 H¹⁴¹
654 3736 896 3786 continuandum
911 3751 973 3800 quus
984 3737 1048 3785 iuies
1062 3731 1109 3798 (Ha
1122 3739 1196 3800 quusi
1212 3735 1275 3797 ries)
1292 3734 1499 3798 procedentibus.

232 3864 240 3877 ,
321 3811 337 3874 ⁸)
351 3810 385 3868 lle
399 3815 430 3868 Ε1
443 3815 478 3869 Ε*
489 3816 522 3869 F'
534 3815 583 3881 H⁸;
603 3814 671 3870 cditi
688 3819 842 3874 verebatur.
878 3815 997 3882 Moxque
1021 3815 1190 3871 correximus
1208 3814 1375 3869 auctoritate
1394 3831 1499 3868 eorum

255 3899 317 3957 dem
329 3911 393 3965 mm,
409 3900 461 3955 rusi
478 3899 554 3968 quod
570 3899 605 3953 E’
617 3906 791 3955 indesinenter
808 3909 936 3961 extorris,
954 3900 988 3953 ΙΝ
1000 3901 1037 3953 H,
1048 3920 1232 3968 saepenumero
1244 3904 1419 3954 decessoribus
1431 3906 1500 3955 meis.

248 3978 322 4046 [diti
336 3989 454 4050 cqrsnam
472 3991 512 4039 rei
529 4005 607 4039 cansa
625 3990 741 4039 uidelicet
764 3992 920 4047 intercessit,
940 3991 1026 4040 indico
1044 3989 1127 4049 nobis,
1152 3992 1220 4055 quod
1291 4006 1307 4037 u
1325 3989 1501 4039 decessoribus

245 4073 309 4132 ,οὐ
320 4073 402 4124 b'tteris
418 4077 526 4125 iueitsta
544 4069 591 4131 (ad
608 4087 697 4139 marg.
717 4074 834 4136 incitata)
853 4077 918 4124 reiut
935 4075 1073 4128 obstinato.
1092 4100 1126 4109 -
1144 4070 1212 4125 Cum
1230 4071 1284 4125 hac
1301 4068 1413 4138 quidem
1431 4069 1500 4123 Foli-

240 4159 286 4219 cis
299 4155 510 4223 expostulatione
528 4172 583 4209 non
602 4155 743 4221 convenit,
767 4156 842 4223 quod
860 4155 1007 4210 Liberatus
1024 4155 1143 4210 breviar.
1163 4174 1186 4209 c.
1207 4160 1237 4210 18
1256 4155 1365 4210 scribit:
1391 4160 1501 4209 Aenean

235 4263 299 4307 gem
319 4247 437 4306 susceptis
459 4247 575 4310 epistolis
598 4245 723 4310 Simplicii
743 4247 879 4310 rescripsit
901 4249 940 4303 et,
965 4247 1023 4310 quin
1040 4245 1181 4294 dobnnneru
1204 4246 1302 4310 quidem
1320 4245 1500 4294 Alexandriae

228 4337 366 4406 ,μοναί
387 4331 543 4395 episcopum,
566 4332 670 4380 Petrum
689 4347 751 4381 cero
773 4331 892 4395 Monpum
914 4332 1067 4394 suscepisset
1089 4332 1115 4379 in
1133 4333 1324 4381 comniuniouem
1346 4332 1371 4378 in
1391 4329 1501 4378 Zenonis

222 4416 357 4496 principis
375 4417 475 4468 unitivo.
505 4410 561 4465 Sed
577 4411 653 4465 idem
671 4411 789 4480 scriptor
807 4429 825 4465 a
841 4429 869 4465 sc
888 4411 946 4491 ipse
965 4410 1094 4476 dissidet,
1112 4411 1151 4464 sic
1163 4410 1261 4466 eodem
1279 4411 1308 4463 in
1327 4409 1418 4478 capite
1435 4407 1499 4462 sub·

215 4503 340 4581 jis-iens:
376 4502 451 4560 muru
474 4517 522 4565 per
544 4502 653 4567 quinque
675 4515 756 4550 annos
778 4503 881 4563 saepius
900 4500 995 4561 suisset
1016 4502 1158 4551 admonitus
1180 4501 1306 4559 Aradus,
1329 4506 1356 4548 ut
1377 4500 1409 4548 de
1432 4504 1500 4545 stutu

217 4586 429 4651 Alexandrinae
441 4587 564 4636 ecclesiae
581 4587 665 4636 suiectt
679 4602 767 4650 pupae
784 4587 976 4636 sollicitudinem
988 4587 1127 4643 releuaret,
1148 4586 1210 4635 niti!
1224 4601 1330 4649 unquam
1341 4585 1500 4647 respondere

241 4684 248 4693 ·
367 4664 427 4720 est!

212 4679 383 4811 dqussta
398 4751 491 4806 locum
509 4768 543 4806 ex
560 4751 593 4805 ΕΙ
607 4752 641 4805 Ε’
659 4751 842 4817 correximus,
861 4751 912 4805 nisi
930 4752 1005 4821 quod
1024 4753 1057 4806 Et
1075 4763 1163 4808 tenen
1180 4754 1209 4805 et
1226 4768 1288 4804 cum
1306 4749 1338 4803 E¹
1358 4756 1401 4803 ida
1418 4755 1500 4803 modo.

208 4850 248 4906 Ρ
261 4842 308 4900 Η*
326 4840 359 4893 eb
377 4835 446 4891 edili
459 4842 567 4906 Curaque
585 4856 631 4893 nos
689 4843 793 4906 opinari
811 4836 843 4902 (F
844 4839 854 4871 ²
867 4840 903 4906 et)
926 4849 1056 4894 tannen...
1069 4843 1120 4892 ullo
1143 4842 1216 4891 modo
1232 4842 1318 4904 possis
1337 4835 1380 4900 (1⁴¹²
1392 4834 1429 4887 Hk
1440 4854 1499 4903 pos-

204 4942 257 5001 ue.
279 4946 337 4981 non
357 4942 414 4978 esse
431 4928 583 4992 suspectus?
601 4923 644 4991 (F'
655 4923 692 4978 tl⁸
709 4924 861 4991 susceptus).
