3450 5678
614 339 786 388 sersaoni
808 331 836 388 1.
1299 328 1363 393 303

174 491 225 558 2⁸.
269 497 383 558 Sedet
408 505 490 572 tanc,
520 492 645 577 inquis,
675 499 805 559 Aeacius
833 505 930 559 tecum
957 500 1214 577 communicabat,
1242 502 1365 575 quando
1384 501 1419 566 (a.
1430 504 1481 554 488

40 581 262 660 Timacus
274 590 461 660 'aaaeacns
487 601 535 660 oet
555 601 610 659 iste
631 600 742 659 Petras
770 601 825 659 snt
847 608 978 678 tyranno
1002 601 1154 663 Basilisco
1175 603 1362 662 Alexandri·
1375 574 1480 640 ⁴⁸⁹)

41 700 165 757 ”aa
187 702 302 763 tenebat
328 704 497 769 ecetesiam.
542 696 627 762 Vere
653 696 749 780 dicis,
785 698 841 762 sed
873 696 925 762 his
952 701 1031 763 tunc
1063 699 1203 764 Aeacius
1229 700 1362 764 minime

47 796 357 884 communicatae,
381 803 415 864 et
434 802 472 864 in
493 822 565 863 mea
587 800 810 864 communione
833 801 978 864 durabat.
1003 799 1096 865 Unde
1118 803 1225 885 potius
1247 803 1275 866 si
1297 803 1362 866 vim

49 889 383 986 mammaeam,
412 906 446 967 et
467 925 560 972 nunc
587 900 686 966 talem
715 924 749 966 se
776 903 872 966 debet
899 903 1064 987 exhibere,
1094 903 1222 989 qualem
1248 927 1282 969 se
1310 926 1362 969 ex-

54 990 197 1068 hibuit
215 1004 275 1069 sub
296 1003 454 1069 Basilisco
475 1008 616 1089 tyranno
637 1002 800 1068 haeretico
821 1009 1024 1089 persecutore
1046 1027 1114 1071 suo.

177 1106 225 1173 29.
268 1110 333 1172 Sed
352 1128 444 1185 nnnc,
473 1105 592 1191 inquis,
621 1112 762 1171 utilitatis
783 1115 906 1172 interest
927 1114 1124 1188 reipublicae.
1171 1107 1234 1174 Sed
1258 1131 1361 1175 saeer-

59 1199 137 1267 dos
175 1209 312 1295 megara
329 1207 469 1291 debuit,
497 1206 649 1272 utilitatis
677 1208 832 1273 interesse
861 1212 967 1294 potius
995 1211 1159 1295 publicae,
1189 1214 1226 1275 ut
1251 1212 1362 1276 divina

61 1311 269 1376 communio
290 1314 325 1375 et
345 1311 424 1375 fides
446 1310 575 1395 integra
597 1315 787 1375 servaretur.
827 1311 923 1376 Utilis
946 1315 995 1376 est
1014 1313 1209 1398 reipublicae
1234 1313 1361 1399 religio-

59 1405 130 1472 nis
160 1413 293 1498 eversio,
316 1417 352 1477 et
372 1412 460 1477 utilis
482 1434 549 1477 non
570 1412 633 1477 erit
654 1412 850 1498 reipublicae
872 1415 1039 1499 religionis
1061 1414 1259 1499 integritas?
1297 1415 1360 1481 Ne-

59 1510 165 1599 seio,
187 1516 216 1581 si
236 1519 315 1580 sunt
336 1514 479 1598 ejusdem
500 1515 678 1600 religionis,
701 1518 756 1600 qui
778 1517 842 1580 ista
865 1516 1091 1601 praetendunt,
1115 1521 1148 1581 ct
1169 1519 1196 1581 si
1218 1518 1361 1601 ejusdem

57 1612 254 1703 religionis
281 1617 421 1682 debeant
451 1618 596 1682 homines
622 1618 686 1682 ista
713 1619 970 1705 praetendere⁴⁰)
994 1641 1171 1704 ...equom
1198 1620 1295 1685 vellet
1321 1621 1360 1684 de

54 1717 148 1782 suis
173 1726 208 1786 et
228 1720 290 1785 sibi
317 1720 466 1785 fidelibus
492 1710 667 1787 subsistere
688 1721 898 1801 sacerdotem,
926 1721 1054 1785 excluso
1081 1721 1241 1805 Johanne,
1270 1723 1359 1786 dum-

52 1821 180 1888 modo
206 1822 403 1889 catholicum
432 1826 470 1895 ct
498 1823 731 1888 communionis
753 1827 882 1888 nostrae
905 1825 1062 1908 suspectis
1090 1824 1168 1889 locis
1194 1828 1360 1909 pateretur

50 1927 269 2000 praesidere
294 1925 492 2010 pontificem.
536 1924 654 1989 Nonne
682 1926 847 1990 evidenter
873 1925 953 1990 haee
979 1948 1030 1990 res
1052 1927 1133 1990 facit
1155 1949 1284 1991 causam
1304 1926 1359 1991 Jo-

49 2016 203 2093 hannis
225 2049 294 2093 esse
317 2027 492 2111 meliorem,
521 2028 598 2093 dum
624 2050 661 2093 eo
684 2028 813 2092 excluso
841 2032 874 2092 ct
902 2027 1064 2092 haeretico
1092 2029 1266 2113 subrogato
1293 2051 1359 2093 non

47 2140 223 2203 persona
248 2129 312 2195 hoc
336 2130 490 2195 meruisse
512 2133 719 2214 monstratur,
758 2132 813 2195 scd
850 2131 1047 2215 expugnatio
1080 2130 1153 2194 fidei
1183 2131 1358 2195 catholicae

47 2232 297 2304 procuratur?

167 2335 223 2401 30.
266 2334 336 2400 Nos
350 2336 392 2421 50)
424 2357 491 2400 non
524 2336 559 2400 in
585 2337 741 2401 Acacium
773 2337 846 2400 ideo
873 2337 1069 2400 sententiam
1101 2336 1249 2419 tulimus,
1283 2337 1359 2422 quia

48 2420 182 2500 homo
201 2441 262 2521 est,
284 2438 362 2523 quia
385 2439 570 2526 Acacium)
593 2439 720 2522 dicitur,
743 2439 1008 2523 quemadmodum
1031 2439 1071 2503 dc
1085 2440 1228 2524 quolibet
1248 2439 1358 2504 haere-

50 2527 145 2598 tico
169 2540 236 2605 dici
256 2543 380 2625 potest3
402 2541 458 2604 sed
480 2544 660 2626 propterea,
684 2541 759 2626 qnia
781 2530 825 2605 sit
846 2562 983 2625 persona
1005 2542 1266 2625 praevaricatrix.
1293 2543 1358 2606 lta-

52 2648 143 2713 que
165 2641 387 2727 malefactum,
411 2645 495 2729 quod
509 2645 545 2708 in
559 2666 597 2708 ea
613 2647 672 2727 est,
695 2646 829 2729 punitur
842 2645 1040 2749 irrogatione
1056 2645 1253 2710 sententiae:
1276 2666 1357 2728 quae

54 2744 329 2841 Qnricatio,
351 2745 437 2831 quod
458 2746 649 2810 maleficium
671 2749 698 2811 si
720 2748 859 2831 recedat,
880 2747 949 2831 jam
971 2769 1037 2811 non
1060 2747 1122 2810 erit
1135 2746 1192 2809 illa
1208 2755 1355 2831 persona,

55 2850 106 2898 ¹¹1
151 2868 249 2931 quam
280 2849 478 2913 sententiam
510 2848 714 2913 insolubilem
747 2850 889 2935 proferre
920 2870 991 2912 sura
1025 2849 1119 2913 visus.
1165 2844 1358 2912 Remaucbit

58 2941 174 3012 mim
192 2948 288 3016 homo
310 2958 345 3016 st
365 2952 516 3035 Aeacius,
539 2973 634 3036 quem
656 2973 723 3017 non
742 2952 934 3037 damnata),
959 2951 994 3014 in
1016 2954 1172 3034 quantum
1192 2950 1287 3015 horno
1307 2954 1358 3014 cst
1432 3036 1434 3041 Ι

60 3040 108 3100 θΐ
142 3045 279 3118 hominis
300 3055 432 3119 nomine
454 3059 618 3138 censetur,
642 3055 698 3118 sed
719 3055 754 3118 in
776 3057 932 3138 qnantum
946 3055 1185 3138 praevaricator
1206 3057 1240 3118 et
1260 3052 1356 3117 male

63 3134 194 3219 stetin
213 3155 322 3244 aare)
365 3156 400 3222 si
422 3178 500 3241 ergo
521 3158 650 3221 desinat
672 3178 740 3220 esse
762 3156 1000 3240 praevaricator
1022 3159 1055 3219 et
1076 3155 1276 3238 malefactor,
1306 3156 1354 3219 eui

66 3272 392 3316 ‘N———r—

69 3357 181 3426 Μ
193 3394 225 3432 cx
239 3376 340 3433 Felicis
356 3378 382 3432 11
400 3377 525 3448 epistolis
542 3385 558 3432 6
576 3397 603 3431 n.
621 3385 646 3444 2,
666 3385 696 3432 14
714 3396 740 3431 n.
761 3385 784 3445 ὁ,
804 3385 836 3432 15
853 3397 879 3432 n.
899 3384 915 3431 4
934 3382 963 3432 et
981 3376 1084 3431 Gelasii
1102 3379 1226 3431 tractatu
1244 3376 1282 3430 lV
1299 3395 1326 3430 n.
1340 3382 1356 3429 6

71 3452 161 3518 ⁸⁸⁸1·
173 3467 335 3534 caperem
352 3463 496 3518 habemus.
533 3463 675 3532 Simulque
693 3463 745 3530 ibi,
764 3467 795 3517 ut
811 3463 876 3517 hinc
894 3465 923 3516 et
940 3481 975 3519 ex
992 3462 1171 3532 sequentibus
1189 3481 1214 3515 n.
1235 3468 1268 3517 35
1280 3465 1309 3516 et
1323 3469 1356 3516 39

73 3536 268 3617 Qus,
290 3555 390 3604 emutio
408 3556 485 3605 totius
502 3554 635 3605 Ecclesiae
659 3548 738 3617 quasi
761 3549 882 3603 conditio
900 3549 1044 3620 solutionis
1061 3549 1153 3619 posite
1172 3549 1240 3601 erat.
1277 3546 1356 3601 Simi-

149 3628 200 3684 rin
214 3635 351 3690 mutantia
373 3634 505 3690 adversus
522 3634 644 3697 Vitalem
667 3638 695 3688 et
715 3634 851 3690 Misenum
873 3635 1015 3705 adjectum
1039 3638 1092 3702 est,
1115 3639 1209 3687 tornata
1232 3653 1276 3687 eos
1296 3639 1356 3700 tare

80 3706 234 3783 Quam,
251 3727 333 3776 donec
351 3733 456 3775 erectore
475 3726 530 3776 Deo
547 3732 575 3774 et
589 3727 680 3774 adama
698 3725 876 3776 catholicorum
890 3726 1035 3789 principem
1055 3728 1095 3775 aet
1110 3724 1201 3788 papali
1219 3723 1357 3773 Christiani

87 3778 265 3867 ''h-umisa
283 3811 432 3862 catholicum
448 3812 607 3861 sacerdotem
624 3813 764 3875 recepisset
782 3813 891 3861 ecclesio
909 3805 1023 3874 (Gelasii
1036 3804 1116 3876 epist.
1130 3812 1201 3859 3011.
1215 3810 1232 3859 8
1244 3805 1274 3857 et
1285 3808 1312 3873 9)

170 3885 236 3953 “tls
249 3891 352 3946 lacuna
368 3892 422 3946 hac
440 3909 503 3946 cum
519 3891 633 3959 Mstlejo
651 3892 851 3962 suppleverim:
874 3897 992 3946 Tolerari
1007 3903 1107 3960 paseat,
1125 3897 1157 3947 si.

11 4040 18 4047 ι
171 3969 195 4039 ⁸)
207 3974 304 4046 Incipit
321 3977 471 4047 explicatio
488 3977 561 4031 illias
573 3978 741 4045 sententiae,
760 3995 831 4046 quae
846 3977 907 4045 jam
919 3995 945 4030 n.
959 3982 990 4030 ‘rt
1004 3977 1127 4031 breviter
1143 3976 1293 4041 perstricta
1305 3977 1355 4043 est,

105 4027 219 4113 kt’tiam
234 4061 421 4117 anathematis
432 4063 541 4117 vinculo
560 4085 684 4134 nunqnam
695 4069 838 4118 satiendam
857 4079 928 4128 esse,
946 4078 1074 4130 quaeque
1087 4060 1187 4114 deinde
1205 4061 1315 4130 longius
1327 4061 1355 4113 in

10 4134 36 4201 ³.
110 4115 210 4198 W
226 4144 262 4201 iv
279 4146 446 4218 disputatur.
478 4148 555 4202 Haec
572 4148 685 4215 quidem
703 4166 791 4216 usquc
808 4148 845 4201 ad
863 4148 950 4202 verba
967 4157 992 4201 et
1010 4153 1135 4216 incipiant
1151 4167 1207 4201 esee
1226 4154 1295 4217 qaod
1306 4166 1355 4200 noa

20 4228 44 4319 ’,ὦ
116 4220 174 4276 “nt
185 4239 218 4285 iet
232 4240 312 4287 everti
332 4244 359 4286 et
379 4240 495 4302 plantari
517 4234 624 4288 codices
642 4234 674 4287 1³²
693 4234 730 4287 H,
748 4234 776 4287 in
794 4231 992 4287 additamentis
1010 4232 1178 4286 collectionis
1195 4232 1355 4286 Hadrianae

13 4388 17 4393 ⁵
167 4308 332 4388 &emptione
349 4317 435 4372 minio
452 4320 552 4373 notata
568 4320 726 4390 proferunt:
745 4324 792 4373 aa
808 4326 918 4388 epistola
935 4323 1004 4373 beati
1022 4323 1095 4387 Pape
1115 4324 1210 4373 Gelosii
1227 4323 1263 4372 ad
1273 4323 1355 4371 orica-

10 4449 29 4467 ,.
121 4390 164 4448 “a
175 4405 202 4454 a
216 4409 320 4459 manca
337 4410 505 4459 amanam
524 4411 627 4467 Aeacii.
650 4410 692 4460 aci
714 4413 791 4460 ‹tcao
814 4411 919 4474 iniciam
940 4411 1030 4457 niciam
1048 4425 1106 4458 esa
1123 4409 1244 4457 vinciam
1261 4408 1354 4455 tracia·

10 4529 17 4537 .
119 4472 151 4532 lit
162 4489 204 4539 stat
217 4493 286 4543 eirca
303 4495 373 4552 iilos,
392 4499 437 4560 qut
452 4496 478 4544 in
496 4511 587 4546 errore
604 4499 754 4561 persistant.
1236 4481 1240 4489 ⁵

160 4575 187 4644 ⁸¹)
203 4576 239 4631 Η*
255 4585 291 4633 ad
312 4584 415 4634 acaciae
438 4584 538 4633 dicitur.
573 4577 637 4632 Mox
656 4577 724 4632 editi
742 4582 901 4643 malefactum
919 4588 969 4642 est,
992 4582 1060 4647 qaod
1081 4582 1107 4628 in
1125 4596 1155 4629 eo
1174 4584 1213 4628 eat
1228 4577 1355 4642 punitum·

102 4656 130 4717 Ρ
138 4658 170 4715 ll⁸
179 4660 216 4716 lt⁸
226 4663 376 4733 sequimur.

155 4749 184 4817 ²)
202 4747 239 4801 ll*
256 4755 360 4813 domam
383 4750 501 4805 fortasse
519 4755 610 4804 domino
632 4749 794 4817 legendum
817 4755 919 4803 damnat
940 4747 1045 4802 scilicet
1060 4753 1187 4801 sententia
1205 4749 1353 4800 mactabilis.

150 4836 183 4902 ⁸⁸)
202 4832 296 4889 Verba
313 4846 352 4889 est
370 4852 458 4904 usque
476 4835 513 4889 ad
530 4846 556 4889 et
573 4842 723 4903 malefactor
741 4854 804 4889 eum
821 4835 859 4887 Hi
870 4834 909 4887 Ν3
920 4834 1056 4888 addimus.
1086 4831 1192 4887 Deinde
1210 4831 1248 4884 H'3
1263 4837 1353 4900 poeni-

79 4941 139 4987 ten
153 4919 216 4991 (alii
230 4926 343 4991 penitae)
415 4927 523 4991 incipiat
541 4921 586 4989 (al.
608 4928 722 4992 incipiet)
794 4924 848 4974 Sed
864 4926 969 4989 incipiet
986 4919 1032 4986 (al.
1051 4921 1197 4988 incipiente)
1215 4938 1280 4977 eise.
