3450 5678
624 120 837 169 rmennnrn
860 110 985 169 8—-12,
1374 105 1438 170 489

173 279 251 343 liant
272 275 426 358 volentes,
449 276 608 340 ordinatio
629 273 685 338 illa
706 276 813 359 potest
834 274 1001 357 perficere:
1024 274 1180 360 scilieet3)
1202 273 1230 337 si
1245 295 1323 359 quos
1338 274 1437 340 habes

172 378 220 443 vel
245 378 281 444 in
304 377 460 463 acolythis
482 376 538 462 {vel
560 377 595 441 in
617 375 864 441 subdiaconibus
892 374 1075 441 maturioris
1102 376 1219 443 aetatis
1249 379 1283 440 et
1304 398 1438 460 quorum

171 481 214 545 sit
233 481 302 546 vita
323 479 509 567 probabilis,
532 478 591 543 hos
606 478 641 543 in
656 478 912 564 presbyteratum
928 478 1056 544 studeas
1073 500 1274 562 promovere:
1297 480 1333 544 ut
1347 478 1403 562 qui
1410 480 1437 564 ⁴)

169 583 204 646 in
226 584 293 648 suis
315 583 481 648 ordinibus
504 582 657 668 proficere
678 581 850 665 noluerint,
875 580 1049 645 reddantur
1064 580 1129 645 suis
1144 580 1349 645 inferioribus
1365 583 1438 665 post

169 685 326 768 minores,
362 685 496 770 ipsaque
529 683 694 749 commoda
728 683 906 769 presbyteri
940 682 1130 767 propensius
1163 704 1258 767 quam
1286 683 1436 748 diacones

169 789 422 872 consequantur,
453 789 491 851 ut
511 787 573 851 hae
595 785 708 851 saltem
730 785 855 850 ratione
879 784 1060 868 constricti,
1090 787 1123 852 et
1144 783 1315 867 honorem,
1344 806 1437 869 quem

167 889 369 975 refugerant,
393 891 544 978 appetere
566 889 714 955 nitantur
735 891 769 952 et
790 891 966 975 quaestum.

619 1059 902 1163 Fragmentum
930 1060 980 1143 ll.

10 1248 32 1299 p·
58 1215 144 1271 53,
177 1198 218 1249 De
236 1204 372 1268 episcopo,
391 1203 436 1268 pur'
452 1204 488 1252 acl
503 1203 651 1258 resultatum,
670 1205 697 1249 ut
714 1200 750 1249 ia·
766 1214 866 1250 causam
885 1201 990 1259 diener,
1010 1208 1100 1251 eontra
1115 1201 1159 1264 soe
1176 1204 1317 1265 compulsus
1331 1200 1429 1263 suerat.

322 1316 507 1384 Gelasius
529 1340 630 1402 papa
653 1316 844 1381 Gerontio
868 1318 905 1379 et
926 1314 1104 1380 Johanni
1128 1316 1339 1401 episeopis.

254 1435 369 1501 Frater
390 1439 422 1501 et
445 1436 649 1521 eoepiscopus
672 1439 781 1501 noster
803 1434 940 1500 Serenus
965 1434 1067 1499 tantis
1090 1439 1138 1499 est
1161 1436 1361 1501 contumeliis
1384 1460 1439 1521 ap-

166 1535 307 1623 petitus,
341 1541 377 1603 ut
401 1560 465 1603 non
488 1538 557 1602 sine
580 1542 691 1602 nostra
712 1538 811 1602 fuerit
831 1537 997 1601 lacessitus
1019 1537 1155 1621 injuria,
1184 1538 1260 1623 quia
1282 1538 1320 1602 ad
1345 1539 1439 1602 eomi-

168 1635 274 1704 aarum
295 1640 416 1705 domini
438 1641 497 1705 filii
519 1640 621 1704 nostri
644 1639 730 1724 regis
758 1662 816 1723 pre
838 1639 1039 1704 immanitate
1066 1640 1146 1704 faeti
1168 1641 1277 1704 venire
1301 1641 1439 1727 compul-

170 1740 260 1827 51161)
281 1745 341 1807 est.
378 1742 475 1808 Hune
491 1726 574 1828 ergo
596 1741 745 1806 omnibus
767 1740 859 1805 decet
881 1765 899 1805 a
921 1742 1014 1806 nobis
1036 1741 1159 1806 solatiis
1181 1743 1341 1826 arljuvari,
1365 1742 1439 1828 quia

171 1844 296 1909 cunctis
320 1845 445 1928 erescit,
470 1843 622 1932 quidquid
644 1844 679 1908 in
701 1842 760 1908 tali
784 1866 879 1909 causa
901 1844 1056 1927 probatur
1079 1844 1269 1928 impensum.

621 2015 903 2119 Fragmentum
931 2015 982 2098 12.

61 2136 133 2194 Mi·
266 2157 299 2208 Ut
316 2160 385 2220 lepes
404 2157 570 2226 demeremur
586 2155 729 2220 principum
746 2156 816 2204 eirca
833 2156 1000 2205 reuerentiam
1018 2153 1041 2208 6.
1056 2155 1130 2206 Petri
1147 2163 1218 2207 curet
1235 2158 1345 2209 seruari.

323 2272 506 2337 Gelasius
529 2269 773 2335 Theodorico
797 2272 895 2356 regi.

247 2392 385 2458 Certum
408 2394 473 2475 est,
501 2390 776 2476 magnificentiam
799 2394 938 2454 vestram
965 2391 1054 2474 leges
1077 2391 1293 2456 Romanorum
1321 2394 1439 2477 princi-

103 2493 255 2572 WOE,
286 2518 367 2583 quas
389 2493 424 2558 in
445 2493 584 2579 negotiis
606 2492 771 2558 hominum
796 2492 1019 2558 custodiendas
1042 2516 1110 2558 esse
1132 2495 1311 2579 praecepit,
1340 2494 1440 2560 multe

95 2622 475 2662 κ*

81 2707 258 2808 ω’(ξῑίῖε
279 2741 380 2802 justum
396 2746 447 2800 est,
466 2744 493 2786 ut
511 2751 581 2786 neruo
599 2751 717 2786 crescere
735 2739 899 2799 compelletur
917 2736 1015 2788 inatus.
1047 2731 1117 2785 Hine
1134 2732 1163 2785 et
1174 2748 1192 2784 a
1204 2730 1345 2800 Simplicio
1359 2732 1439 2802 epist.

75 2791 118 2884 ¹4·
134 2813 217 2861 ¹¹¹
253 2819 424 2875 -Johannem
443 2817 603 2889 episcopum
622 2816 825 2882 Ravennatem,
848 2815 922 2883 quod
941 2815 1088 2883 quemdam
1111 2816 1307 2886 presbyterum
1324 2816 1441 2871 invitum

63 2882 332 2973 ep¹⁸<³<>13um
351 2903 551 2969 consecrasset,
570 2900 792 2956 animadversum
810 2900 936 2954 vidimus.

52 3029 97 3086 Χ,
172 2975 227 3042 ³)
270 2991 349 3045 Zc¹⁰
366 2988 467 3042 omisso
484 2993 582 3042 scilicet
605 2985 704 3040 deinde
727 2993 765 3040 ecl
782 2989 944 3040 subdiaconis
961 2992 1112 3041 autumares
1136 2997 1230 3041 aelate.
1266 2987 1352 3042 Paulo
1375 2989 1441 3043 ante

126 3063 265 3124 ’ὕει
290 3075 364 3142 (loeo
379 3076 464 3142 ficut).

48 3202 78 3244 (—
170 3143 228 3212 ⁴)
274 3161 355 3215 Haec
372 3159 462 3214 altera
479 3175 544 3228 pars
562 3176 579 3212 a
597 3156 738 3226 superiore
758 3156 894 3211 distracta
915 3155 944 3210 in
962 3156 998 3210 Dl
1011 3161 1048 3212 ΙΙ1
1067 3157 1108 3212 ita
1126 3157 1238 3212 citatur:
1269 3162 1313 3212 Ex
1331 3165 1441 3228 reptare

44 3216 246 3339 §²2²⁸st
286 3251 389 3314 Papae.
427 3246 475 3309 Qut
496 3250 622 3312 proficere
644 3255 692 3296 ete.
734 3242 810 3311 Erga
832 3241 945 3296 clericos
972 3242 1131 3312 hujusmodi
1152 3242 1303 3298 severiores
1331 3245 1442 3298 fuerunt

44 3367 92 3421 tu
103 3309 300 3384 fleam,
333 3327 477 3398 Siquidem
494 3328 523 3382 in
541 3328 655 3397 vulgato
674 3326 769 3382 codiee
788 3343 924 3382 canonum
942 3327 1074 3383 ecelesiae
1087 3328 1236 3384 Africanae
1254 3346 1277 3384 e.
1291 3335 1322 3385 31
1342 3328 1441 3384 comti-

44 3392 294 3512 mgruflt,
312 3415 346 3469 ut
363 3421 503 3484 quicunque
520 3419 608 3468 clerici
625 3419 663 3468 vel
681 3419 783 3468 diaconi
799 3433 848 3480 pro
867 3416 1059 3468 necessitutibus
1076 3420 1239 3468 eeclesiarum
1251 3435 1301 3469 nou
1313 3418 1438 3484 oltempe-

47 3487 280 3592 oere’ff'eae
305 3505 436 3569 episcopie
457 3505 510 3553 suis
527 3502 665 3553 uolentibus
687 3519 731 3553 ees
748 3504 784 3552 ad
800 3502 919 3552 tenorem
936 3505 1082 3567 ampliorem
1099 3505 1125 3553 iu
1142 3519 1189 3553 sua
1207 3506 1316 3555 eeclesia
1336 3520 1440 3570 proruo-

49 3636 107 3675 ΠΟ
120 3571 180 3650 e:
236 3601 310 3641 nec
332 3591 384 3642 illie
406 3589 548 3639 minuerent
570 3590 595 3638 iu
616 3589 700 3652 produ
720 3603 778 3646 eae,
802 3589 867 3637 unde
888 3589 1011 3638 recedere
1030 3591 1170 3640 uoluerunt.
1206 3586 1269 3640 Jarn
1288 3601 1354 3640 vcro
1372 3585 1441 3640 mihil

54 3647 169 3765 elen-
209 3660 379 3753 sselasins
401 3668 446 3723 hie
468 3669 574 3724 statuit.
615 3668 688 3722 Nam
709 3670 738 3723 et
760 3671 844 3723 antea
862 3668 1018 3739 Simplicius
1038 3669 1116 3740 epist.
1138 3677 1149 3724 1
1169 3689 1194 3725 n.
1215 3679 1231 3726 2
1249 3689 1304 3727 non
1322 3688 1442 3742 aequam

59 3785 84 3841 d
124 3735 271 3806 ¹¹01ss
293 3752 546 3812 ecelesiasticorum
563 3756 750 3823 proventuum
768 3754 938 3824 portionem,
957 3755 1007 3810 sed
1022 3776 1073 3825 pro
1091 3762 1244 3825 stapulorum
1261 3762 1358 3811 merdic
1375 3755 1442 3812 divi·

147 3811 289 3896 dam]
308 3840 451 3896 docuerat.
488 3839 591 3894 Postea
608 3842 637 3893 et
655 3838 801 3894 concilium
818 3839 991 3895 Emeritense
1009 3857 1082 3895 anno
1101 3847 1151 3894 666
1168 3841 1296 3897 habitum
1314 3861 1337 3898 e.
1353 3849 1384 3897 14
1402 3843 1442 3897 ita

64 3874 343 3982 oblmimium
367 3927 424 3981 tres
444 3926 539 3996 partes
561 3924 692 3993 aequales
718 3925 778 3979 lieri
800 3925 870 3988 vult,
898 3937 924 3978 ur
946 3945 1019 3979 anau
1042 3931 1177 3995 episcopus
1203 3931 1308 3991 tabeat,
1335 3935 1442 3983 altermu

72 3978 316 4068 prefflvleri
337 4022 363 4066 et
386 4017 508 4066 diacones
581 4016 648 4064 iuter
664 4030 704 4076 re,
724 4021 751 4064 ae
769 4016 880 4078 (liquitur
898 4023 924 4064 el
941 4016 1005 4065 erdo
1028 4018 1190 4080 poposcerit,
1214 4019 1340 4075 divident,
1363 4019 1442 4066 tertio

77 4065 160 4113 mo
198 4099 442 4153 ‘aeduensibus
465 4106 490 4150 et
512 4101 613 4150 clericis
634 4099 775 4159 tribuetur,
800 4106 826 4150 ut
845 4116 861 4148 u
883 4101 1040 4164 primiclero,
1059 4101 1142 4163 juxta
1160 4104 1230 4167 quod
1251 4107 1276 4152 lu
1294 4103 1380 4166 officio
1398 4117 1442 4151 eos

87 4151 284 4278 ¹³⁰⁰th
300 4201 360 4238 me
377 4188 500 4248 intentes,
519 4187 557 4235 ito
572 4186 678 4249 napulie
696 4186 865 4250 dispensetur.

100 4302 126 4359 e,
164 4319 177 4330 ,
207 4251 229 4318 )
269 4268 338 4335 Quo
355 4266 487 4322 nimirum
505 4266 541 4321 ad
560 4266 704 4321 dicendam
723 4284 835 4322 eausam
852 4266 926 4321 idem
944 4265 1070 4321 Gelasius
1089 4267 1168 4337 epist.
1182 4275 1215 4324 23
1233 4285 1284 4322 nec
1302 4265 1441 4336 simplices

124 4326 284 4430 ene-08
306 4352 360 4408 nisi
378 4351 492 4408 caleatis
513 4351 617 4422 regulis
635 4351 762 4406 omnibus
781 4351 909 4423 compelli
930 4350 1053 4423 petuisse
1077 4351 1221 4408 contendit
1238 4354 1268 4407 et
1285 4350 1441 4420 compulsos

208 4436 414 4509 lngemiscit.
450 4437 542 4508 Atque
560 4438 610 4493 hos
628 4437 742 4507 quidem
759 4456 815 4494 non
832 4437 884 4493 nisi
902 4438 968 4508 quia
986 4438 1120 4494 celassent
1137 4437 1293 4494 clericalem
1314 4436 1441 4506 gradum,

112 4496 326 4592 sUiQDbos,
348 4523 512 4592 statimque,
535 4525 567 4578 ut
584 4523 607 4577 is
626 4522 788 4578 manifestus
806 4524 896 4579 faetus
914 4528 969 4591 est,
993 4524 1028 4578 ad
1048 4523 1216 4594 apostolieae
1235 4521 1307 4576 sedis
1326 4539 1441 4578 examen

117 4586 291 4719 ῗὲὲξῖῡε
313 4625 390 4676 esse,
415 4624 533 4679 sequens
559 4610 747 4682 fragmentum
772 4615 816 4676 13,
843 4610 891 4666 ubi
914 4613 943 4664 et
968 4610 1031 4664 tota
1058 4626 1142 4664 eausa
1164 4606 1331 4679 explicatur,
1358 4607 1441 4662 fidem
