3450 5678
95 300 120 337 a.
131 290 190 337 483.

60 1686 145 1736 a.'483
156 1700 191 1737 m.

84 1750 167 1804 Mart,

204 102 269 169 240
657 118 683 165 s.
700 116 837 167 aaaron
859 115 886 165 11
908 114 1022 165 ciria
1124 182 1131 191 .

205 275 426 360 episcoporum
447 275 629 337 nostrornm
651 271 842 355 respondere
863 271 998 336 festina:
1027 274 1064 336 ut
1085 271 1120 335 in
1143 270 1332 335 alterutram
1352 272 1484 355 partem

206 377 288 462 quod
311 376 472 461 justitia⁵)
504 374 666 459 paraverit
696 373 900 457 ordinantes,
933 373 1049 437 amotis
1075 371 1237 437 scandalis
1258 372 1482 454 ecelesiarum,

205 502 283 564 <luas
306 478 409 542 scindi
433 477 584 557 videmus,
615 479 763 560 reparata
786 475 955 540 concordia
978 478 1010 539 et
1032 476 1158 539 servata
1179 473 1371 559 integritate
1392 473 1481 557 fidei,

205 581 293 664 puris
315 580 475 644 mentibus
499 578 737 662 acceptissimas
760 577 828 642 Deo
850 578 1007 643 faciamus
1028 568 1221 662 placationis
1241 575 1376 660 hostias,
1400 597 1480 662 quas

205 705 263 767 pro
292 683 379 746 omni
402 681 520 766 populo
544 680 729 746 Christiano
757 684 790 743 ct
811 680 914 743 salute
936 677 1157 765 gloriosissimi
1177 679 1382 763 imperatoris
1405 678 1479 743 offe

205 785 314 848 rimus.
360 783 409 846 Ad
434 805 529 866 quenn
552 804 619 847 rem
641 782 680 846 de
704 782 839 867 collegio
862 785 971 845 nostro
999 781 1117 845 fratres
1139 783 1172 845 et
1195 781 1402 865 coepiscopos
1424 802 1478 845 no

204 889 287 950 stros
309 884 450 949 Vitalem
473 889 509 948 et
528 884 696 966 Misenum,
722 907 793 948 cum
815 884 929 968 quibus
951 883 1039 947 illum
1065 883 1206 949 alatere
1227 887 1340 969 nostro
1361 881 1476 947 fidelis-

204 989 320 1052 simum
353 990 497 1051 nostrum
526 986 698 1072 Felicemll
731 986 931 1051 defensorem
962 990 1095 1051 sanctae
1129 986 1283 1052 ecclesiae
1309 984 1477 1050 Romarm

204 1090 405 1154 ordinatione
428 1089 614 1172 direximus,
643 1089 756 1173 quibus
778 1110 900 1153 moram
923 1088 993 1153 fieri
1015 1110 1080 1153 non
1102 1091 1240 1173 oportet,
1269 1108 1311 1152 ne
1333 1087 1375 1151 ad
1397 1085 1476 1152 indi·

204 1192 393 1278 gnationem
413 1189 544 1254 Domini
566 1190 812 1275 provocandam,
836 1213 917 1276 quse
940 1190 1130 1276 corrigenda
1151 1193 1237 1274 sunt,
1260 1188 1478 1255 frustrationi-

203 1295 297 1381 busl)
321 1293 557 1358 convalescant.

1038 1368 1046 1400 l

722 1481 903 1585 Epistola
928 1482 954 1564 4

813 1635 862 1672 seu

202 1730 357 1787 Libellus
379 1743 399 1785 a
418 1728 533 1785 Felice
554 1743 643 1798 papa
664 1730 803 1786 decreto
823 1729 962 1785 concilii
983 1729 1028 1785 ad
1047 1730 1217 1822 zenonem
1236 1728 1484 1803 imperatam

722 1831 956 1888 transmissus.

240 1964 273 2015 Ut
288 1965 406 2027 pendium
423 1965 456 2014 rie
474 1966 552 2013 initiis
570 1966 671 2028 imperii
687 1967 727 2013 sni
743 1972 890 2028 conceptam
908 1979 958 2014 non
975 1965 1043 2013 ainai
1060 1979 1110 2028 per
1127 1965 1280 2014 invasionem
1296 1964 1369 2015 redis
1379 1965 1446 2015 Ale-
1491 1968 1518 2024 1)-

236 2051 383 2099 oeundrr'nac
405 2052 431 2098 in
453 2064 592 2099 moerorem
614 2050 708 2098 rnulari
729 2048 815 2112 (nl).
857 2049 979 2098 Acacium
1005 2050 1042 2098 ad
1060 2049 1200 2098 diluendas
1223 2049 1446 2100 toennensem

566 2133 682 2196 objectas
701 2134 802 2183 lionam
820 2141 932 2183 noemam
950 2149 1006 2184 ease
1025 2133 1059 2197 (n.
1074 2132 1108 2197 2).

290 2271 317 2331 1.
363 2266 466 2342 Quum
498 2266 559 2329 sibi
589 2266 744 2330 redditam
773 2288 896 2350 pacem,
926 2266 1114 2351 compressis
1135 2288 1193 2351 per
1219 2288 1275 2331 vos
1303 2266 1486 2335 haereticis

202 2370 255 2453 qui
278 2370 344 2454 se'2)
367 2369 555 2433 nitebantur
570 2368 726 2449 attollere,
752 2368 941 2433 universalis
956 2369 1111 2453 gauderet
1122 2368 1277 2452 Ecclesia,
1302 2372 1336 2432 et
1350 2373 1487 2435 vestrae

202 2471 332 2554 pietatis
359 2470 529 2554 imperium
562 2470 659 2533 etiam
685 2471 725 2534 de
752 2471 891 2534 inimicis
919 2471 983 2534 suis
1007 2470 1174 2536 victoriam
1201 2473 1422 2556 reportasset3
1450 2476 1489 2539 et

201 2594 260 2655 per
283 2572 464 2636 universum
487 2572 596 2635 orbem
618 2594 675 2655 pro
697 2571 800 2636 salute
823 2577 947 2636 vestrae
970 2573 1153 2637 serenitatis
1168 2573 1271 2637 oratio
1286 2576 1489 2639 cunctorum

202 2675 303 2761 erati)
343 2674 383 2737 ad
411 2675 584 2739 Dominum
612 2675 829 2757 sacerdotum,
864 2678 900 2737 ut
926 2676 1032 2737 vestra
1065 2675 1169 2758 pietas
1201 2674 1274 2739 fidei
1310 2679 1425 2741 eustos
1452 2681 1490 2742 et

202 2776 350 2840 defensor
372 2775 576 2859 orthodoxae,
600 2777 659 2841 suh
675 2777 796 2840 aeterni
814 2776 899 2861 regis
913 2776 1143 2859 propitiatione
1157 2781 1324 2861 regnaret:
1349 2778 1490 2863 quaudo

202 2879 375 2943 venerandi
405 2878 512 2963 apices
547 2880 646 2942 vestri
674 2882 707 2942 ct
733 2878 802 2942 Deo
831 2879 975 2961 proxima
1003 2900 1134 2943 currens
1154 2877 1200 2959 ,de
1225 2900 1316 2943 sacro
1346 2882 1490 2963 pectore

200 2983 385 3065 frequenter
414 2982 587 3044 auetoritas
610 2981 694 3044 inter
721 2980 839 3064 gaudia
860 2980 981 3063 recepti
1007 2979 1134 3064 imperii
1155 2979 1321 3065 Petrum)
1346 3002 1490 3049 eonver-

201 3087 305 3146 satunr
330 3105 400 3146 curn
423 3083 591 3146 haereticis
615 3086 647 3146 et
668 3083 846 3166 parricidae
861 3081 908 3145 illi
924 3081 1091 3146 Timotheo
1108 3082 1347 3167 cohaerentem,
1373 3106 1395 3149 a
1408 3106 1489 3173 pro-

269 3321 290 3387 a)
308 3318 339 3371 ll*
353 3320 388 3372 E²
401 3326 541 3387 justiliam,
560 3320 607 3374 alii
619 3326 733 3387 justitia.

269 3408 290 3472 ⁶)
308 3405 352 3458 lta
369 3403 400 3457 ΕΙ
415 3405 449 3457 ΕΞ
462 3405 495 3458 F¹
508 3405 552 3459 Hl.
590 3405 665 3459 illiti
683 3405 817 3459 omittunt
834 3410 898 3461 Deo.

267 3491 288 3557 ⁷)
307 3489 359 3543 Hic
377 3490 524 3545 observare
541 3491 612 3544 libet
630 3490 789 3558 discrimen,
808 3492 883 3561 quod
901 3492 973 3545 inter
991 3491 1137 3561 episcopos
1155 3492 1185 3545 et
1201 3490 1383 3547 defensorem
1401 3494 1487 3567 poni·

200 3575 257 3640 tur,
281 3591 336 3642 quo
354 3574 398 3627 hic
417 3598 432 3629 a
450 3583 531 3629 later-e
550 3588 651 3642 nostro,
675 3575 714 3629 illi
733 3582 764 3630 de
783 3583 888 3645 callepio
906 3589 994 3649 nostro
1015 3575 1090 3629 missi
1113 3575 1249 3631 dicuntur.
1285 3576 1402 3635 Notant
1419 3580 1487 3637 Ν·

200 3659 289 3711 lerinii
303 3660 330 3711 in
342 3660 425 3714 Leon.
441 3661 521 3729 epist.
537 3668 569 3715 32
581 3662 638 3714 not.
654 3668 681 3725 3,
700 3661 848 3715 formulam
865 3661 943 3716 illam
955 3680 988 3715 ex
1001 3662 1202 3731 imperatorum
1214 3661 1279 3716 stilo
1290 3666 1486 3735 asumptum,

200 3762 257 3812 qua
279 3745 369 3823 cleriei
393 3745 516 3815 pontifici
535 3746 578 3798 rel
597 3746 740 3800 llornanue
759 3746 892 3800 ecclesiae
910 3746 1089 3815 peculiariter
1106 3745 1210 3800 addicti
1230 3744 1485 3821 adhaerentesque

199 3829 390 3898 signabantur.
422 3830 544 3883 l'rinunn
563 3831 622 3900 ipsa
641 3831 761 3886 occurrit
777 3833 805 3884 iu
823 3831 921 3885 llilarii
938 3831 1042 3885 Pictav.
1060 3832 1160 3900 fragm.
1174 3837 1203 3898 4,
1221 3848 1281 3901 syn.
1299 3830 1416 3889 Sardio.
1429 3840 1485 3891 el

199 3917 229 3967 ct
245 3913 382 3967 Bonisacii
401 3915 411 3966 l
434 3915 513 3985 epist.
536 3924 609 3969 1311.
628 3924 652 3970 5.

267 4006 287 4067 ⁸)
306 4001 350 4053 lta
367 4001 398 4053 ΕΙ
414 4000 447 4052 E*
459 4000 492 4053 F²
504 4000 548 4054 fle
586 4000 660 4053 Erilli
679 4008 962 4069 procrastinationibus.
1259 4070 1265 4079 ·

267 4088 287 4153 ¹)
306 4084 396 4149 Quum
414 4085 451 4138 Hl
469 4085 543 4139 omni
560 4085 740 4154 inscriptione
759 4089 849 4154 caret,
867 4087 899 4141 E*
913 4088 948 4141 E*
965 4089 1037 4143 hanc
1054 4087 1252 4157 praemittunt:
1275 4084 1319 4144 1e‘.
1332 4090 1404 4160 bip.
1420 4092 1483 4149 Ζέι,

198 4177 234 4225 aa
251 4172 349 4225 Libellir
366 4172 430 4239 epm.
449 4177 499 4225 ioh.
519 4172 590 4225 eede
608 4178 778 4227 alexandrine
801 4177 883 4236 nidis,
911 4173 944 4226 l‘2
962 4178 1027 4227 Item
1045 4180 1081 4227 nd
1096 4180 1276 4243 inperatorem
1294 4176 1432 4250 Ζιιοιιῳ
1447 4182 1487 4235 d

99 4329 102 4333 .
198 4258 285 4309 literni
303 4256 348 4325 epil
362 4261 423 4310 Johi
440 4264 562 4311 eeclesiae
582 4263 787 4312 Alexandrinae.

265 4342 287 4409 ²)
307 4342 349 4394 lta
366 4341 398 4394 E¹
411 4340 458 4408 l}²‚
481 4342 534 4394 nisi
557 4342 631 4410 qnod
650 4342 681 4394 ΕΙ
705 4349 881 4406 sentebnntnr,
908 4344 981 4399 unde
999 4344 1032 4398 F*
1049 4348 1235 4406 sentiebantur.
1259 4342 1299 4398 Η*
1316 4348 1487 4405 sentietur

197 4434 329 4485 attollere·
348 4425 416 4480 editi
433 4431 608 4480 sentiebantur
626 4435 714 4482 (retolli.
751 4429 817 4483 Mox
834 4429 866 4483 Ε*
880 4429 914 4481 ll*
932 4435 1046 4498 imperio.

264 4516 285 4580 ³)
304 4512 336 4564 ll*
351 4511 384 4564 Εἲ
396 4511 429 4564 Ι4ιὶ
446 4526 511 4578 erne,
530 4512 576 4565 ubi
595 4512 661 4566 editi
682 4526 779 4567 ‹eriri-el.
809 4514 873 4568 Mox
892 4514 959 4567 editi
972 4526 997 4568 el
1010 4527 1095 4569 venera
1110 4535 1143 4569 r..
1157 4520 1342 4570 ortioderine.
1374 4516 1487 4589 ΕῚΜ

199 4597 271 4657 [loeo
286 4604 373 4665 fidei).

265 4684 285 4737 ⁸)
304 4682 336 4734 ΕΙ
352 4683 383 4735 ll*
398 4683 439 4741 ir,
459 4682 558 4736 ‹irrrisso
580 4688 687 4745 l'elrnn,
707 4688 771 4755 post
789 4691 820 4739 nt
839 4692 896 4740 aliia·
915 4685 1022 4741 incidunt
1039 4705 1101 4740 <unu
1122 4685 1154 4739 l*
1172 4690 1241 4743 talis.
