3412 5664
360 310 423 375 598
836 322 866 371 s.
883 320 1023 397 ananau
1046 320 1160 368 aaran

360 483 527 544 attamen
549 499 607 561 per
630 498 726 541 cruam
750 498 877 541 carnem
901 475 1065 540 Ecclesiae
1088 479 1121 540 et
1139 474 1279 559 Christi,
1301 474 1335 539 id
1358 476 1408 538 est
1430 472 1667 559 conjugi
1693 551 1706 558 q

359 582 436 664 viri,
459 581 585 664 inipso
608 600 731 664 quocpre
754 578 938 663 virilitur)
962 576 1124 663 accipiant
1138 578 1326 643 firmitatem
1341 577 1547 662 vigoremque
1569 609 1590 652 ¹:
1683 645 1706 690 1

359 685 496 766 fectum,
522 682 612 765 cujus
634 703 691 765 per
713 680 878 745 Ecclesiae
900 680 1080 766 virgineam
1102 680 1176 745 fidei
1200 678 1400 761 castitatem,
1426 678 1537 763 quail)
1565 709 1706 772 N

360 786 469 849 eodem
491 806 556 847 una
580 805 663 866 caro,
687 784 771 847 liunt
793 783 891 846 etium
912 783 973 846 viri
995 782 1138 847 membra
1159 782 1314 867 perfecta.
1350 780 1415 847 Ubi
1436 779 1495 845 illa
1508 802 1562 866 qa·

264 871 344 926 ¹0⁰¹·
360 888 445 952 beati
468 886 603 970 apostoli
626 885 716 949 Pauli
740 886 837 949 verba
858 885 1029 949 tractanda
1051 887 1137 967 sunt,
1160 885 1276 970 quibus
1298 884 1361 949 ait:
1391 886 1500 949 onnes
1520 904 1701 973 naq&

359 1011 449 1055 eanum
471 1011 584 1069 corpus
605 994 757 1068 baptizati
769 1009 868 1053 snmus
883 994 914 1051 in
932 993 1059 1052 Christo.
1095 985 1257 1062 Quantum
1281 986 1321 1051 ad
1343 985 1504 1051 unitatem
1523 988 1658 1073 αξ
1670 1040 1706 1103 φ

258 946 344 1006 ιι),13.

359 1091 500 1175 pertinet
520 1091 730 1174 sacramenti,
761 1112 861 1154 unum
891 1111 1004 1174 corpus
1033 1111 1142 1153 sumus
1170 1088 1205 1153 in
1228 1088 1373 1171 Christ03
1407 1090 1621 1173 quantun

207 1202 266 1257 Gaul.
276 1208 347 1261 328.
359 1215 492 1257 sexuum
519 1193 755 1276 diversitatem,
793 1192 862 1275 ipse
890 1191 967 1255 alibi
995 1190 1091 1257 dicit:
1125 1195 1196 1256 Sive
1217 1198 1266 1256 vir
1290 1196 1355 1255 sive
1375 1196 1501 1267 mulier,
1532 1210 1698 1277 Μὴ,

360 1317 449 1361 unum
471 1302 623 1359 serminio
647 1299 774 1359 Curicta.
820 1294 899 1359 Cum
921 1314 978 1357 suo
1000 1293 1088 1357 enim
1109 1296 1179 1357 toto
1205 1314 1352 1379 corpore,
1381 1290 1467 1377 quod
1494 1291 1610 1375 ejus
1664 1324 1699 1381 ,p

316 1452 326 1477 ,
358 1397 541 1482 plenitudo,
572 1396 734 1480 perfectus
757 1399 806 1459 est
828 1394 989 1479 illiristus3
1023 1400 1055 1459 et
1082 1395 1155 1459 ideo
1182 1396 1258 1480 quia
1285 1416 1344 1479 per
1364 1416 1467 1459 unam
1487 1392 1693 1498 idemqu,

358 1500 555 1583 mysterium,
580 1499 657 1562 licet
678 1496 795 1562 diversi
817 1520 920 1580 sexuS,
944 1497 1091 1583 unum⁰⁵l
1114 1500 1223 1561 tamen
1246 1496 1316 1581 ejus
1332 1517 1449 1581 corpus
1464 1496 1685 1597 accipiam,

358 1622 416 1685 per
439 1600 528 1683 cujus
552 1601 692 1683 corporis
714 1600 948 1685 plenitudinem
969 1600 1132 1685 perfectus
1155 1603 1205 1664 est
1226 1597 1385 1665 Christum.
1429 1596 1538 1675 Quum
1598 1632 1684 1699 ergo

359 1701 408 1766 vir
427 1701 573 1768 Christus
595 1701 759 1766 Ecclesiae
780 1705 945 1786 tamquam
968 1702 1114 1787 conjugis
1137 1722 1214 1766 suae
1237 1704 1270 1766 et
1291 1704 1390 1786 eaput
1411 1700 1457 1765 sit
1476 1704 1509 1765 et
1533 1709 1680 1778 vim,

360 1807 455 1889 atque
484 1803 655 1888 perfectio,
690 1804 804 1869 merito
831 1805 935 1869 omnis
957 1804 1103 1869 Ecclesia
1131 1804 1166 1868 in
1194 1802 1282 1868 hunc
1309 1824 1412 1868 unum
1437 1802 1561 1871 virum
1625 1836 1677 1899 Pp.

359 1906 493 1991 fectum,
518 1906 608 1990 cujus
631 1909 766 1970 estana
789 1928 872 1991 caro,
897 1906 1084 1991 perhibetur
1104 1926 1282 1971 occurrere.

844 2095 1053 2179 tractatus
1079 2092 1142 2177 VI.
1237 2056 1241 2063 ¹

408 2244 593 2313 dclvcrsus
612 2243 900 2313 Andromachum
927 2248 1130 2314 senatorem
1157 2250 1369 2329 ceterosque
1396 2245 1630 2323 Romanos,

467 2349 530 2429 qui
548 2348 763 2431 Lupercalia
785 2348 978 2415 secuudum
999 2366 1136 2416 rnorem
1159 2348 1359 2433 pristinum
1381 2346 1527 2415 calcada

859 2451 1140 2518 constituebant.

395 2592 606 2656 Luper-cadorum
628 2593 702 2640 ritum
724 2592 823 2656 impium
845 2599 871 2642 et
891 2594 1042 2657 eacriicpunr
1069 2607 1125 2643 esre
1147 2591 1253 2658 ejusque
1276 2591 1412 2643 abolitioni
1428 2582 1636 2661 pettikm‘d'
1659 2580 1677 2629 ¹²

393 2678 486 2740 samem
504 2678 618 2742 aliaeque
637 2684 774 2741 tenrpornm
792 2678 949 2727 calamitates
967 2678 1134 2743 nequidquam
1146 2676 1254 2727 attribui
1265 2676 1385 2727 Gelasius
1401 2676 1503 2743 probat,
1519 2664 1637 2727 V*

396 2777 456 2812 uero
471 2769 598 2825 patronos
616 2778 680 2811 nuuc
698 2763 815 2827 exapitat
832 2764 930 2812 acriter
947 2778 1012 2812 nunc
1027 2764 1114 2825 facete
1136 2763 1212 2815 ridet.
1251 2762 1365 2813 landem
1385 2764 1434 2813 doc
1452 2744 1637 2829 pared

742 2848 793 2897 ritu
813 2846 966 2897 Christiania
982 2848 1095 2898 omnibus
1112 2848 1250 2898 interdicit.

450 2982 478 3044 1.
524 2980 644 3045 Sedent
666 2979 796 3064 quidam
817 2980 853 3044 in
875 2980 1020 3045 domibus
1043 2981 1109 3045 suis
1132 2980 1325 3065 nescientes,
1353 3002 1457 3067 neque
1481 2998 1548 3067 quae
1628 2944 1660 3009 li

362 3085 513 3166 quantur,
538 3104 641 3167 nequo
664 3082 702 3145 de
725 3082 839 3166 quibus
863 3081 1036 3166 affirment,
1060 3082 1099 3146 do
1115 3081 1186 3147 aliis
1198 3083 1346 3167 judicare
1360 3083 1507 3165 nitentes,
1525 3060 1663 3168 (ΡΜ

363 3206 396 3248 se
419 3184 481 3268 ipsi
503 3206 569 3248 non
588 3182 745 3267 judicent,
770 3187 803 3247 et
824 3183 926 3248 velint
948 3185 1036 3268 prius
1054 3205 1204 3250 accusare
1219 3208 1317 3271 (paam
1339 3206 1445 3269 nosse,
1466 3158 1669 3251 8οάοῴ

363 3307 459 3370 quam
481 3285 614 3369 discere,
638 3289 671 3349 et
693 3285 879 3350 indiscussis
902 3287 996 3350 rebus
1019 3308 1079 3351 uec
1099 3286 1305 3373 investigatis
1328 3288 1433 3353 causis
1452 3258 1676 3353 neemiam

363 3388 488 3452 ratione
503 3389 659 3473 quaesita,
683 3389 766 3472 quod
789 3389 835 3453 eis
858 3387 897 3452 ad
920 3388 1056 3453 buccam
1077 3390 1212 3474 venerit,
1236 3390 1511 3457 inconsideranter
1528 3364 1681 3455 affin·

364 3490 438 3554 dere
461 3494 493 3554 et
514 3491 767 3575 praecipitanter
788 3512 949 3575 evomere,
973 3514 1040 3555 non
1063 3491 1208 3556 veritatis
1229 3492 1407 3559 assertione
1421 3492 1541 3579 prolata
1552 3464 1688 3557 fini

365 3595 482 3677 sentes,
500 3593 554 3656 sed
570 3592 674 3657 studio
691 3593 873 3679 cacologiae
888 3614 969 3679 quac
984 3593 1134 3659 nesciunt
1146 3596 1336 3680 arguentes:
1359 3616 1495 3681 eoquep
1685 3675 1692 3687 ,

365 3697 451 3777 sunt,
481 3698 517 3758 ut
540 3695 638 3759 etiam
659 3699 746 3760 recte
767 3694 857 3760 fucta
884 3695 1126 3760 malevolentiae
1148 3696 1313 3781 proposito
1334 3696 1479 3763 lacerare
1504 3668 1683 3763 untssfl

365 3796 454 3860 dant.
499 3796 560 3872 Qui
583 3798 610 3861 si
632 3801 793 3882 saperent,
823 3820 889 3863 uon
911 3798 1164 3883 praecipitarent
1189 3797 1323 3863 omnino
1345 3800 1548 3883 sententiam,
1571 3740 1692 3859 §ed

365 3900 574 3983 perscrutatis
607 3904 683 3964 unte
717 3900 811 3964 rebus
844 3900 1003 3985 loquenda
1035 3899 1270 3984 depromerent.
1315 3900 1442 3968 Verum
1472 3902 1544 3989 quia
1569 3876 1691 3967 11⁰³

365 4006 508 4087 arguunt
536 4023 651 4087 segnes
678 4024 746 4067 esse
779 4024 926 4067 censores
958 4003 992 4066 in
1020 4002 1107 4067 vitiis
1134 4002 1300 4068 Ecclesiae
1328 4004 1531 4087 coercendis,
1559 4004 1601 4069 ct
1633 3974 1687 4035 ρ

364 4104 458 4169 nobis
481 4094 713 4189 consequenter
734 4108 925 4191 agnoscant,
949 4127 1015 4169 non
1036 4107 1166 4169 tautum
1187 4106 1364 4191 corporalis
1393 4106 1542 4173 adulterii
1564 4088 1668 4171 ff

365 4209 544 4290 peccatum,
568 4207 651 4290 quod
674 4210 706 4271 et
729 4206 846 4272 discuti
868 4206 983 4271 debeat
1005 4212 1039 4271 et
1054 4207 1128 4291 jure
1150 4206 1270 4292 puniri,
1292 4208 1351 4273 sed
1365 4230 1441 4275 esse
1457 4210 1553 4297 longe
1570 4220 1623 4273 rat·

360 4309 416 4393 jus
427 4308 651 4372 fornicationis
661 4309 684 4395 ¹)
697 4312 730 4373 et
742 4309 890 4373 adulterii
905 4330 1018 4395 genus,
1037 4310 1121 4394 qaod
1138 4309 1172 4373 in
1187 4308 1331 4395 quolibet
1342 4310 1545 4399 Christiano,
1563 4304 1619 4399 qd!

434 4549 466 4615 ⁹³)
486 4548 528 4602 lta
546 4548 590 4614 (1¹¹,
608 4547 683 4614 quod
701 4548 805 4617 partim
819 4547 880 4616 jam
899 4547 934 4601 de
952 4564 1001 4602 suo
1019 4547 1140 4603 conexit
1155 4550 1193 4603 ai.
1224 4545 1301 4602 Editi
1319 4554 1422 4605 uirilem
1439 4558 1560 4625 accipiat.

433 4632 465 4699 ⁹⁴)
484 4633 559 4687 Editi
578 4654 662 4703 querar,
681 4648 800 4701 moxque
819 4652 880 4685 caro
895 4638 972 4700 fiunt,
991 4642 1016 4687 et
1034 4638 1090 4690 viri.

434 4718 466 4784 ⁹⁵)
485 4721 511 4770 οἵ
528 4738 591 4771 aaran
608 4728 690 4771 tarmen
708 4738 814 4785 ccupas,
833 4717 900 4771 editi
918 4717 966 4771 alii
983 4739 1056 4772 renum
1072 4730 1156 4773 taurea
1173 4738 1280 4788 comus,
1299 4720 1409 4777 omisso
1428 4728 1502 4793 ejus,
1522 4722 1594 4795 quod
1606 4740 1629 4779 et

365 4802 429 4857 Vnt.
450 4804 498 4869 (aa)
517 4803 671 4857 revocatur.

436 4888 456 4954 ¹)
475 4886 517 4941 ltu
535 4888 564 4941 b¹
577 4890 614 4941 al.
644 4889 678 4941 li*
692 4890 720 4941 a¹
735 4892 888 4955 fornicariis
905 4898 931 4943 et
948 4894 1092 4943 adulteriis.
