<?xml version="1.0" encoding="UTF-8"?>
<!DOCTYPE html PUBLIC "-//W3C//DTD XHTML 1.0 Transitional//EN"
    "http://www.w3.org/TR/xhtml1/DTD/xhtml1-transitional.dtd">
<html xmlns="http://www.w3.org/1999/xhtml" xml:lang="en" lang="en">
 <head>
  <title>
</title>
<meta http-equiv="Content-Type" content="text/html;charset=utf-8" />
  <meta name='ocr-system' content='tesseract 3.04.00' />
  <meta name='ocr-capabilities' content='ocr_page ocr_carea ocr_par ocr_line ocrx_word'/>
</head>
<body>
  <div class='ocr_page' id='page_1' title='image "./epistolaeromano00cousgoog/epistolaeromano00cousgoog_0889.png"; bbox 0 0 3412 5664; ppageno 0'>
   <div class='ocr_carea' id='block_1_1' title="bbox 795 300 1184 352">
    <p class='ocr_par' dir='ltr' id='par_1_1' title="bbox 795 300 1184 352">
     <span class='ocr_line' id='line_1_1' title="bbox 795 300 1184 352; baseline -0.008 -1"><span class='ocrx_word' id='word_1_1' title='bbox 795 301 825 352; x_wconf 81' lang='lat' dir='ltr'><strong>S.</strong></span> <span class='ocrx_word' id='word_1_2' title='bbox 840 300 1046 350; x_wconf 76' lang='lat' dir='ltr'><strong>uoussssuau</strong></span> <span class='ocrx_word' id='word_1_3' title='bbox 1069 300 1184 348; x_wconf 75' lang='lat' dir='ltr'><strong>PAPAE</strong></span> 
     </span>
    </p>
   </div>
   <div class='ocr_carea' id='block_1_2' title="bbox 855 487 1124 592">
    <p class='ocr_par' dir='ltr' id='par_1_2' title="bbox 855 487 1124 592">
     <span class='ocr_line' id='line_1_2' title="bbox 855 487 1124 592; baseline -0.004 -20"><span class='ocrx_word' id='word_1_4' title='bbox 855 487 1039 592; x_wconf 78' lang='lat' dir='ltr'>Epistola</span> <span class='ocrx_word' id='word_1_5' title='bbox 1066 487 1124 572; x_wconf 81' lang='lat'><strong>56.</strong></span> 
     </span>
    </p>
   </div>
   <div class='ocr_carea' id='block_1_3' title="bbox 504 638 1472 726">
    <p class='ocr_par' dir='ltr' id='par_1_3' title="bbox 504 638 1472 726">
     <span class='ocr_line' id='line_1_3' title="bbox 504 638 1472 726; baseline -0.006 -16"><span class='ocrx_word' id='word_1_6' title='bbox 504 641 715 710; x_wconf 88' lang='lat' dir='ltr'><strong>Hormisdao</strong></span> <span class='ocrx_word' id='word_1_7' title='bbox 736 656 847 726; x_wconf 88' lang='lat' dir='ltr'><strong>papae</strong></span> <span class='ocrx_word' id='word_1_8' title='bbox 869 639 914 706; x_wconf 87' lang='lat' dir='ltr'><strong>ad</strong></span> <span class='ocrx_word' id='word_1_9' title='bbox 935 639 1161 707; x_wconf 77' lang='lat' dir='ltr'><strong>Anastasiam</strong></span> <span class='ocrx_word' id='word_1_10' title='bbox 1183 640 1221 706; x_wconf 86' lang='lat' dir='ltr'><strong>et</strong></span> <span class='ocrx_word' id='word_1_11' title='bbox 1242 638 1472 706; x_wconf 82' lang='lat' dir='ltr'><strong>Palmattam.</strong></span> 
     </span>
    </p>
   </div>
   <div class='ocr_carea' id='block_1_4' title="bbox 425 779 1594 933">
    <p class='ocr_par' dir='ltr' id='par_1_4' title="bbox 425 779 1594 933">
     <span class='ocr_line' id='line_1_4' title="bbox 425 779 1594 848; baseline -0.004 -13"><span class='ocrx_word' id='word_1_12' title='bbox 425 783 514 835; x_wconf 79' lang='lat' dir='ltr'><strong>Missis</strong></span> <span class='ocrx_word' id='word_1_13' title='bbox 530 784 622 848; x_wconf 70' lang='lat' dir='ltr'><strong>leporis</strong></span> <span class='ocrx_word' id='word_1_14' title='bbox 638 790 666 833; x_wconf 82' lang='lat' dir='ltr'><strong>nt</strong></span> <span class='ocrx_word' id='word_1_15' title='bbox 681 799 731 847; x_wconf 87' lang='lat' dir='ltr'><strong>pro</strong></span> <span class='ocrx_word' id='word_1_16' title='bbox 749 783 939 834; x_wconf 80' lang='lat' dir='ltr'><strong>ecclesiasticae</strong></span> <span class='ocrx_word' id='word_1_17' title='bbox 957 781 1177 846; x_wconf 64' lang='lat' dir='ltr'><strong>redintegratione</strong></span> <span class='ocrx_word' id='word_1_18' title='bbox 1195 781 1350 832; x_wconf 76' lang='lat' dir='ltr'><strong><em>concordiae</em></strong></span> <span class='ocrx_word' id='word_1_19' title='bbox 1368 779 1479 831; x_wconf 69' lang='lat' dir='ltr'><strong>him</strong></span> <span class='ocrx_word' id='word_1_20' title='bbox 1494 794 1594 846; x_wconf 46' lang='lat' dir='ltr'><strong>ruffi</strong></span> 
     </span>
     <span class='ocr_line' id='line_1_5' title="bbox 842 868 1134 933; baseline -0.003 -17"><span class='ocrx_word' id='word_1_21' title='bbox 842 868 996 933; x_wconf 85' lang='lat' dir='ltr'><strong>impendant,</strong></span> <span class='ocrx_word' id='word_1_22' title='bbox 1013 868 1134 931; x_wconf 79' lang='lat' dir='ltr'><strong>postulat.</strong></span> 
     </span>
    </p>
   </div>
   <div class='ocr_carea' id='block_1_5' title="bbox 509 996 1495 1084">
    <p class='ocr_par' dir='ltr' id='par_1_5' title="bbox 509 996 1495 1084">
     <span class='ocr_line' id='line_1_6' title="bbox 509 996 1495 1084; baseline -0.005 -18"><span class='ocrx_word' id='word_1_23' title='bbox 509 999 722 1066; x_wconf 90' lang='lat' dir='ltr'><strong>Hormisda</strong></span> <span class='ocrx_word' id='word_1_24' title='bbox 743 999 1022 1084; x_wconf 86' lang='lat' dir='ltr'><strong>Anastasiaa¹)</strong></span> <span class='ocrx_word' id='word_1_25' title='bbox 1051 1001 1089 1063; x_wconf 86' lang='lat' dir='ltr'><strong>et</strong></span> <span class='ocrx_word' id='word_1_26' title='bbox 1110 996 1336 1064; x_wconf 88' lang='lat' dir='ltr'><strong>Palmatiae</strong></span> <span class='ocrx_word' id='word_1_27' title='bbox 1358 1020 1379 1063; x_wconf 87' lang='lat' dir='ltr'><strong>a</strong></span> <span class='ocrx_word' id='word_1_28' title='bbox 1399 997 1495 1083; x_wconf 88' lang='lat' dir='ltr'><strong>pari.</strong></span> 
     </span>
    </p>
   </div>
   <div class='ocr_carea' id='block_1_6' title="bbox 354 1115 1586 2326">
    <p class='ocr_par' dir='ltr' id='par_1_6' title="bbox 354 1115 1586 2326">
     <span class='ocr_line' id='line_1_7' title="bbox 442 1115 1586 1203; baseline -0.002 -19"><span class='ocrx_word' id='word_1_29' title='bbox 442 1119 552 1186; x_wconf 82' lang='lat' dir='ltr'><strong><em>Bonae</em></strong></span> <span class='ocrx_word' id='word_1_30' title='bbox 573 1120 749 1185; x_wconf 83' lang='lat' dir='ltr'><strong>voluntatis</strong></span> <span class='ocrx_word' id='word_1_31' title='bbox 769 1119 909 1184; x_wconf 91' lang='lat' dir='ltr'><strong>studium</strong></span> <span class='ocrx_word' id='word_1_32' title='bbox 925 1119 1052 1184; x_wconf 72' lang='lat' dir='ltr'><strong>dirime</strong></span> <span class='ocrx_word' id='word_1_33' title='bbox 1068 1140 1194 1203; x_wconf 90' lang='lat' dir='ltr'><strong>semper</strong></span> <span class='ocrx_word' id='word_1_34' title='bbox 1209 1118 1381 1184; x_wconf 88' lang='lat' dir='ltr'><strong>comitatur</strong></span> <span class='ocrx_word' id='word_1_35' title='bbox 1402 1115 1586 1202; x_wconf 75' lang='lat' dir='ltr'><strong>prosperitati</strong></span> 
     </span>
     <span class='ocr_line' id='line_1_8' title="bbox 358 1219 1580 1306; baseline -0.006 -18"><span class='ocrx_word' id='word_1_36' title='bbox 358 1223 499 1288; x_wconf 87' lang='lat' dir='ltr'><strong>effectus.</strong></span> <span class='ocrx_word' id='word_1_37' title='bbox 528 1221 589 1287; x_wconf 91' lang='lat' dir='ltr'><strong>Dei</strong></span> <span class='ocrx_word' id='word_1_38' title='bbox 611 1221 714 1286; x_wconf 78' lang='lat' dir='ltr'><strong>nostri</strong></span> <span class='ocrx_word' id='word_1_39' title='bbox 735 1221 938 1306; x_wconf 86' lang='lat' dir='ltr'><strong>providentia</strong></span> <span class='ocrx_word' id='word_1_40' title='bbox 958 1221 1112 1306; x_wconf 88' lang='lat' dir='ltr'><strong>temporis</strong></span> <span class='ocrx_word' id='word_1_41' title='bbox 1134 1221 1271 1286; x_wconf 83' lang='lat' dir='ltr'><strong>facultas</strong></span> <span class='ocrx_word' id='word_1_42' title='bbox 1293 1219 1403 1285; x_wconf 87' lang='lat' dir='ltr'><strong>oblata</strong></span> <span class='ocrx_word' id='word_1_43' title='bbox 1424 1221 1480 1302; x_wconf 88' lang='lat' dir='ltr'><strong>est,</strong></span> <span class='ocrx_word' id='word_1_44' title='bbox 1500 1219 1580 1304; x_wconf 82' lang='lat' dir='ltr'><strong>inquo</strong></span> 
     </span>
     <span class='ocr_line' id='line_1_9' title="bbox 357 1317 1576 1414; baseline -0.007 -23"><span class='ocrx_word' id='word_1_45' title='bbox 357 1349 415 1411; x_wconf 89' lang='lat' dir='ltr'><strong>pro</strong></span> <span class='ocrx_word' id='word_1_46' title='bbox 436 1324 511 1389; x_wconf 89' lang='lat' dir='ltr'><strong>fidei</strong></span> <span class='ocrx_word' id='word_1_47' title='bbox 533 1327 657 1389; x_wconf 84' lang='lat' dir='ltr'><strong>vestrae</strong></span> <span class='ocrx_word' id='word_1_48' title='bbox 679 1324 821 1408; x_wconf 90' lang='lat' dir='ltr'><strong>praemio</strong></span> <span class='ocrx_word' id='word_1_49' title='bbox 844 1323 988 1387; x_wconf 78' lang='lat' dir='ltr'><strong>debeatis</strong></span> <span class='ocrx_word' id='word_1_50' title='bbox 1011 1323 1126 1388; x_wconf 88' lang='lat' dir='ltr'><strong>anniti.</strong></span> <span class='ocrx_word' id='word_1_51' title='bbox 1164 1322 1213 1388; x_wconf 90' lang='lat' dir='ltr'><strong>De</strong></span> <span class='ocrx_word' id='word_1_52' title='bbox 1236 1343 1378 1414; x_wconf 73' lang='lat' dir='ltr'><strong>supparus</strong></span> <span class='ocrx_word' id='word_1_53' title='bbox 1397 1320 1527 1407; x_wconf 73' lang='lat' dir='ltr'><strong>primitus</strong></span> <span class='ocrx_word' id='word_1_54' title='bbox 1541 1317 1576 1383; x_wconf 88' lang='lat' dir='ltr'><strong>ni-</strong></span> 
     </span>
     <span class='ocr_line' id='line_1_10' title="bbox 357 1422 1576 1510; baseline -0.006 -18"><span class='ocrx_word' id='word_1_55' title='bbox 357 1426 543 1510; x_wconf 90' lang='lat' dir='ltr'><strong>sericordia,</strong></span> <span class='ocrx_word' id='word_1_56' title='bbox 573 1427 723 1510; x_wconf 83' lang='lat' dir='ltr'>deinceps</span> <span class='ocrx_word' id='word_1_57' title='bbox 750 1425 789 1490; x_wconf 91' lang='lat' dir='ltr'><strong>de</strong></span> <span class='ocrx_word' id='word_1_58' title='bbox 821 1425 1018 1490; x_wconf 84' lang='lat' dir='ltr'><strong>couscientia</strong></span> <span class='ocrx_word' id='word_1_59' title='bbox 1045 1424 1286 1491; x_wconf 87' lang='lat' dir='ltr'><strong>clementissimi</strong></span> <span class='ocrx_word' id='word_1_60' title='bbox 1313 1422 1468 1509; x_wconf 88' lang='lat' dir='ltr'><strong>principis</strong></span> <span class='ocrx_word' id='word_1_61' title='bbox 1490 1441 1576 1506; x_wconf 84' lang='lat' dir='ltr'><strong>praesu</strong></span> 
     </span>
     <span class='ocr_line' id='line_1_11' title="bbox 357 1525 1576 1614; baseline -0.005 -19"><span class='ocrx_word' id='word_1_62' title='bbox 357 1533 497 1614; x_wconf 87' lang='lat' dir='ltr'><strong>mentes,</strong></span> <span class='ocrx_word' id='word_1_63' title='bbox 519 1527 643 1614; x_wconf 87' lang='lat' dir='ltr'><strong>legatos</strong></span> <span class='ocrx_word' id='word_1_64' title='bbox 665 1549 724 1612; x_wconf 91' lang='lat' dir='ltr'><strong>pro</strong></span> <span class='ocrx_word' id='word_1_65' title='bbox 745 1527 911 1613; x_wconf 89' lang='lat' dir='ltr'><strong>religionis</strong></span> <span class='ocrx_word' id='word_1_66' title='bbox 935 1525 1112 1592; x_wconf 87' lang='lat' dir='ltr'><strong>catholicae</strong></span> <span class='ocrx_word' id='word_1_67' title='bbox 1135 1549 1232 1592; x_wconf 86' lang='lat' dir='ltr'><strong>causa</strong></span> <span class='ocrx_word' id='word_1_68' title='bbox 1253 1525 1442 1609; x_wconf 83' lang='lat' dir='ltr'>direximus,</span> <span class='ocrx_word' id='word_1_69' title='bbox 1463 1546 1512 1610; x_wconf 87' lang='lat' dir='ltr'><strong>per</strong></span> <span class='ocrx_word' id='word_1_70' title='bbox 1527 1542 1576 1608; x_wconf 78' lang='lat' dir='ltr'><strong>quot</strong></span> 
     </span>
     <span class='ocr_line' id='line_1_12' title="bbox 357 1626 1578 1716; baseline -0.002 -21"><span class='ocrx_word' id='word_1_71' title='bbox 357 1631 600 1716; x_wconf 90' lang='lat' dir='ltr'><strong>amplitudinem</strong></span> <span class='ocrx_word' id='word_1_72' title='bbox 622 1632 762 1695; x_wconf 86' lang='lat' dir='ltr'><strong>vestram</strong></span> <span class='ocrx_word' id='word_1_73' title='bbox 784 1629 911 1694; x_wconf 87' lang='lat' dir='ltr'><strong>debitae</strong></span> <span class='ocrx_word' id='word_1_74' title='bbox 938 1629 1136 1694; x_wconf 88' lang='lat' dir='ltr'><strong>reverentiae</strong></span> <span class='ocrx_word' id='word_1_75' title='bbox 1158 1628 1337 1693; x_wconf 74' lang='lat' dir='ltr'><strong>salutamus</strong></span> <span class='ocrx_word' id='word_1_76' title='bbox 1359 1626 1479 1711; x_wconf 84' lang='lat' dir='ltr'><strong>officio,</strong></span> <span class='ocrx_word' id='word_1_77' title='bbox 1505 1628 1578 1711; x_wconf 75' lang='lat' dir='ltr'><strong>posu·</strong></span> 
     </span>
     <span class='ocr_line' id='line_1_13' title="bbox 356 1726 1578 1818; baseline -0.006 -21"><span class='ocrx_word' id='word_1_78' title='bbox 356 1734 473 1817; x_wconf 85' lang='lat' dir='ltr'><strong>lantes,</strong></span> <span class='ocrx_word' id='word_1_79' title='bbox 497 1736 534 1797; x_wconf 87' lang='lat' dir='ltr'><strong>ut</strong></span> <span class='ocrx_word' id='word_1_80' title='bbox 554 1754 612 1818; x_wconf 90' lang='lat' dir='ltr'><strong>pro</strong></span> <span class='ocrx_word' id='word_1_81' title='bbox 628 1731 863 1796; x_wconf 87' lang='lat' dir='ltr'><strong>ecclesiasticae</strong></span> <span class='ocrx_word' id='word_1_82' title='bbox 879 1731 1155 1818; x_wconf 74' lang='lat' dir='ltr'><strong>redintegratione</strong></span> <span class='ocrx_word' id='word_1_83' title='bbox 1170 1730 1360 1796; x_wconf 89' lang='lat' dir='ltr'><strong>concordiae</strong></span> <span class='ocrx_word' id='word_1_84' title='bbox 1375 1732 1505 1794; x_wconf 87' lang='lat' dir='ltr'><strong>vestrum</strong></span> <span class='ocrx_word' id='word_1_85' title='bbox 1521 1726 1578 1791; x_wconf 85' lang='lat' dir='ltr'><strong>labo</strong></span> 
     </span>
     <span class='ocr_line' id='line_1_14' title="bbox 357 1829 1580 1922; baseline -0.007 -22"><span class='ocrx_word' id='word_1_86' title='bbox 357 1858 424 1900; x_wconf 89' lang='lat' dir='ltr'><strong>rem</strong></span> <span class='ocrx_word' id='word_1_87' title='bbox 447 1838 544 1922; x_wconf 87' lang='lat' dir='ltr'><strong>atque</strong></span> <span class='ocrx_word' id='word_1_88' title='bbox 565 1855 696 1918; x_wconf 90' lang='lat' dir='ltr'><strong>operam</strong></span> <span class='ocrx_word' id='word_1_89' title='bbox 717 1855 783 1898; x_wconf 92' lang='lat' dir='ltr'><strong>nou</strong></span> <span class='ocrx_word' id='word_1_90' title='bbox 805 1835 947 1920; x_wconf 89' lang='lat' dir='ltr'><strong>uegetis:</strong></span> <span class='ocrx_word' id='word_1_91' title='bbox 974 1837 1132 1919; x_wconf 87' lang='lat' dir='ltr'><strong>quatenus</strong></span> <span class='ocrx_word' id='word_1_92' title='bbox 1154 1855 1252 1918; x_wconf 91' lang='lat' dir='ltr'><strong>quum</strong></span> <span class='ocrx_word' id='word_1_93' title='bbox 1273 1831 1410 1918; x_wconf 83' lang='lat' dir='ltr'><strong>repulsis</strong></span> <span class='ocrx_word' id='word_1_94' title='bbox 1431 1829 1580 1913; x_wconf 81' lang='lat' dir='ltr'><strong>remotisque</strong></span> 
     </span>
     <span class='ocr_line' id='line_1_15' title="bbox 357 1932 1581 2021; baseline -0.004 -21"><span class='ocrx_word' id='word_1_95' title='bbox 357 1937 407 2020; x_wconf 91' lang='lat' dir='ltr'><strong>iis,</strong></span> <span class='ocrx_word' id='word_1_96' title='bbox 431 1958 509 2021; x_wconf 91' lang='lat' dir='ltr'><strong>quos</strong></span> <span class='ocrx_word' id='word_1_97' title='bbox 532 1936 726 2020; x_wconf 87' lang='lat' dir='ltr'><strong>apostolicae</strong></span> <span class='ocrx_word' id='word_1_98' title='bbox 748 1936 831 2000; x_wconf 89' lang='lat' dir='ltr'><strong>sedis</strong></span> <span class='ocrx_word' id='word_1_99' title='bbox 854 1936 1020 2001; x_wconf 86' lang='lat' dir='ltr'><strong>damnavit</strong></span> <span class='ocrx_word' id='word_1_100' title='bbox 1042 1936 1225 2018; x_wconf 89' lang='lat' dir='ltr'><strong>auctoritas,</strong></span> <span class='ocrx_word' id='word_1_101' title='bbox 1249 1934 1291 1999; x_wconf 88' lang='lat' dir='ltr'><strong>ad</strong></span> <span class='ocrx_word' id='word_1_102' title='bbox 1312 1955 1412 1998; x_wconf 89' lang='lat' dir='ltr'><strong>unam</strong></span> <span class='ocrx_word' id='word_1_103' title='bbox 1432 1954 1504 2019; x_wconf 74' lang='lat' dir='ltr'><strong>quae</strong></span> <span class='ocrx_word' id='word_1_104' title='bbox 1520 1932 1581 1995; x_wconf 77' lang='lat' dir='ltr'><strong>reolo</strong></span> 
     </span>
     <span class='ocr_line' id='line_1_16' title="bbox 358 2034 1580 2123; baseline -0.004 -20"><span class='ocrx_word' id='word_1_105' title='bbox 358 2042 407 2104; x_wconf 89' lang='lat' dir='ltr'><strong>est</strong></span> <span class='ocrx_word' id='word_1_106' title='bbox 431 2037 686 2103; x_wconf 87' lang='lat' dir='ltr'><strong>communionem</strong></span> <span class='ocrx_word' id='word_1_107' title='bbox 707 2038 799 2123; x_wconf 90' lang='lat' dir='ltr'><strong>plebs</strong></span> <span class='ocrx_word' id='word_1_108' title='bbox 821 2036 1005 2103; x_wconf 84' lang='lat' dir='ltr'><strong>Christiana</strong></span> <span class='ocrx_word' id='word_1_109' title='bbox 1027 2034 1167 2120; x_wconf 86' lang='lat' dir='ltr'><strong>redierit,</strong></span> <span class='ocrx_word' id='word_1_110' title='bbox 1191 2038 1321 2102; x_wconf 89' lang='lat' dir='ltr'><strong>beatum</strong></span> <span class='ocrx_word' id='word_1_111' title='bbox 1343 2035 1472 2100; x_wconf 88' lang='lat' dir='ltr'><strong>Petrum</strong></span> <span class='ocrx_word' id='word_1_112' title='bbox 1489 2037 1580 2118; x_wconf 84' lang='lat' dir='ltr'><strong>aposto</strong></span> 
     </span>
     <span class='ocr_line' id='line_1_17' title="bbox 357 2133 1581 2225; baseline -0.004 -22"><span class='ocrx_word' id='word_1_113' title='bbox 357 2140 440 2223; x_wconf 89' lang='lat' dir='ltr'><strong>lum,</strong></span> <span class='ocrx_word' id='word_1_114' title='bbox 469 2161 527 2225; x_wconf 93' lang='lat' dir='ltr'><strong>pro</strong></span> <span class='ocrx_word' id='word_1_115' title='bbox 551 2140 639 2225; x_wconf 89' lang='lat' dir='ltr'><strong>cujus</strong></span> <span class='ocrx_word' id='word_1_116' title='bbox 661 2139 723 2206; x_wconf 88' lang='lat' dir='ltr'><strong>fide</strong></span> <span class='ocrx_word' id='word_1_117' title='bbox 746 2140 896 2224; x_wconf 84' lang='lat' dir='ltr'><strong>nitimur,</strong></span> <span class='ocrx_word' id='word_1_118' title='bbox 926 2141 962 2204; x_wconf 90' lang='lat' dir='ltr'><strong>in</strong></span> <span class='ocrx_word' id='word_1_119' title='bbox 983 2140 1098 2205; x_wconf 86' lang='lat' dir='ltr'><strong>vestris</strong></span> <span class='ocrx_word' id='word_1_120' title='bbox 1125 2139 1257 2224; x_wconf 90' lang='lat' dir='ltr'><strong>possitis</strong></span> <span class='ocrx_word' id='word_1_121' title='bbox 1278 2137 1399 2202; x_wconf 89' lang='lat' dir='ltr'><strong>habere</strong></span> <span class='ocrx_word' id='word_1_122' title='bbox 1421 2136 1530 2203; x_wconf 87' lang='lat' dir='ltr'><strong>actibus</strong></span> <span class='ocrx_word' id='word_1_123' title='bbox 1546 2133 1581 2198; x_wconf 83' lang='lat' dir='ltr'><strong>ol·</strong></span> 
     </span>
     <span class='ocr_line' id='line_1_18' title="bbox 354 2243 504 2326; baseline 0.013 -21"><span class='ocrx_word' id='word_1_124' title='bbox 354 2243 504 2326; x_wconf 85' lang='lat' dir='ltr'><strong>jutorem.</strong></span> 
     </span>
    </p>
   </div>
   <div class='ocr_carea' id='block_1_7' title="bbox 861 2394 1126 2498">
    <p class='ocr_par' dir='ltr' id='par_1_7' title="bbox 861 2394 1126 2498">
     <span class='ocr_line' id='line_1_19' title="bbox 861 2394 1126 2498; baseline 0.011 -21"><span class='ocrx_word' id='word_1_125' title='bbox 861 2394 1043 2498; x_wconf 77' lang='lat' dir='ltr'><strong>Epistola</strong></span> <span class='ocrx_word' id='word_1_126' title='bbox 1068 2395 1126 2480; x_wconf 83' lang='lat'><strong>57.</strong></span> 
     </span>
    </p>
   </div>
   <div class='ocr_carea' id='block_1_8' title="bbox 208 2545 1555 2680">
    <p class='ocr_par' dir='ltr' id='par_1_8' title="bbox 208 2545 1555 2680">
     <span class='ocr_line' id='line_1_20' title="bbox 208 2545 1555 2680; baseline -0.003 -66"><span class='ocrx_word' id='word_1_127' title='bbox 208 2546 349 2680; x_wconf 45' lang='lat' dir='ltr'><strong>(aggffipu</strong></span> <span class='ocrx_word' id='word_1_128' title='bbox 401 2546 612 2614; x_wconf 83' lang='lat' dir='ltr'><strong>Hormisdao</strong></span> <span class='ocrx_word' id='word_1_129' title='bbox 635 2563 745 2632; x_wconf 83' lang='lat' dir='ltr'><strong>papae</strong></span> <span class='ocrx_word' id='word_1_130' title='bbox 767 2546 810 2613; x_wconf 88' lang='lat' dir='ltr'><strong>ad</strong></span> <span class='ocrx_word' id='word_1_131' title='bbox 833 2546 1082 2614; x_wconf 74' lang='lat' dir='ltr'><strong>lastinianum</strong></span> <span class='ocrx_word' id='word_1_132' title='bbox 1103 2546 1381 2614; x_wconf 86' lang='lat' dir='ltr'><strong>domesticorum</strong></span> <span class='ocrx_word' id='word_1_133' title='bbox 1402 2545 1555 2614; x_wconf 78' lang='lat' dir='ltr'><strong>mmttem</strong></span> 
     </span>
    </p>
   </div>
   <div class='ocr_carea' id='block_1_9' title="bbox 392 2681 1619 2839">
    <p class='ocr_par' dir='ltr' id='par_1_9' title="bbox 392 2681 1619 2839">
     <span class='ocr_line' id='line_1_21' title="bbox 392 2681 1619 2754; baseline -0.001 -18"><span class='ocrx_word' id='word_1_134' title='bbox 392 2688 508 2738; x_wconf 76' lang='lat' dir='ltr'><strong>Litterae</strong></span> <span class='ocrx_word' id='word_1_135' title='bbox 525 2689 591 2738; x_wconf 77' lang='lat' dir='ltr'><strong>illias</strong></span> <span class='ocrx_word' id='word_1_136' title='bbox 608 2703 694 2738; x_wconf 82' lang='lat' dir='ltr'><strong>amore</strong></span> <span class='ocrx_word' id='word_1_137' title='bbox 707 2689 772 2751; x_wconf 72' lang='lat' dir='ltr'><strong>fidei</strong></span> <span class='ocrx_word' id='word_1_138' title='bbox 787 2690 877 2752; x_wconf 83' lang='lat' dir='ltr'><strong>plenas</strong></span> <span class='ocrx_word' id='word_1_139' title='bbox 900 2705 952 2738; x_wconf 83' lang='lat' dir='ltr'><strong>cam</strong></span> <span class='ocrx_word' id='word_1_140' title='bbox 968 2687 1110 2739; x_wconf 74' lang='lat' dir='ltr'><strong>nocneriboa</strong></span> <span class='ocrx_word' id='word_1_141' title='bbox 1127 2703 1156 2737; x_wconf 83' lang='lat' dir='ltr'><strong>se</strong></span> <span class='ocrx_word' id='word_1_142' title='bbox 1173 2689 1304 2752; x_wconf 78' lang='lat' dir='ltr'><strong>occepisse</strong></span> <span class='ocrx_word' id='word_1_143' title='bbox 1327 2703 1359 2738; x_wconf 87' lang='lat' dir='ltr'><strong>oc</strong></span> <span class='ocrx_word' id='word_1_144' title='bbox 1380 2690 1474 2754; x_wconf 78' lang='lat' dir='ltr'><strong>lepctos</strong></span> <span class='ocrx_word' id='word_1_145' title='bbox 1488 2688 1562 2736; x_wconf 75' lang='lat' dir='ltr'><strong>noua</strong></span> <span class='ocrx_word' id='word_1_146' title='bbox 1588 2681 1619 2746; x_wconf 74' lang='lat' dir='ltr'><strong>pl</strong></span> 
     </span>
     <span class='ocr_line' id='line_1_22' title="bbox 455 2773 1518 2839; baseline -0.002 -17"><span class='ocrx_word' id='word_1_147' title='bbox 455 2775 593 2838; x_wconf 70' lang='lat' dir='ltr'><strong>significat,</strong></span> <span class='ocrx_word' id='word_1_148' title='bbox 612 2780 689 2838; x_wconf 79' lang='lat' dir='ltr'><strong>utque</strong></span> <span class='ocrx_word' id='word_1_149' title='bbox 706 2789 807 2836; x_wconf 83' lang='lat' dir='ltr'><strong>pacem,</strong></span> <span class='ocrx_word' id='word_1_150' title='bbox 827 2790 900 2839; x_wconf 85' lang='lat' dir='ltr'><strong>quom</strong></span> <span class='ocrx_word' id='word_1_151' title='bbox 916 2782 1017 2838; x_wconf 81' lang='lat' dir='ltr'><strong>sperat,</strong></span> <span class='ocrx_word' id='word_1_152' title='bbox 1036 2774 1071 2833; x_wconf 82' lang='lat' dir='ltr'><strong>qd</strong></span> <span class='ocrx_word' id='word_1_153' title='bbox 1088 2775 1202 2838; x_wconf 77' lang='lat' dir='ltr'><strong>effectum</strong></span> <span class='ocrx_word' id='word_1_154' title='bbox 1218 2773 1328 2837; x_wconf 70' lang='lat' dir='ltr'><strong>perdocti</strong></span> <span class='ocrx_word' id='word_1_155' title='bbox 1343 2780 1427 2830; x_wconf 69' lang='lat' dir='ltr'><strong>emet.</strong></span> <span class='ocrx_word' id='word_1_156' title='bbox 1444 2775 1518 2823; x_wconf 78' lang='lat' dir='ltr'><strong>instat.</strong></span> 
     </span>
    </p>
   </div>
   <div class='ocr_carea' id='block_1_10' title="bbox 510 2903 1280 2971">
    <p class='ocr_par' dir='ltr' id='par_1_10' title="bbox 510 2903 1280 2971">
     <span class='ocr_line' id='line_1_23' title="bbox 510 2903 1280 2971; baseline 0.004 -3"><span class='ocrx_word' id='word_1_157' title='bbox 510 2903 721 2969; x_wconf 90' lang='lat' dir='ltr'><strong>Hormisda</strong></span> <span class='ocrx_word' id='word_1_158' title='bbox 742 2904 979 2970; x_wconf 89' lang='lat' dir='ltr'><strong>Justiniauo</strong></span> <span class='ocrx_word' id='word_1_159' title='bbox 1006 2905 1090 2970; x_wconf 87' lang='lat' dir='ltr'><strong>viro</strong></span> <span class='ocrx_word' id='word_1_160' title='bbox 1112 2905 1280 2971; x_wconf 87' lang='lat' dir='ltr'><strong>illustri.</strong></span> 
     </span>
    </p>
   </div>
   <div class='ocr_carea' id='block_1_11' title="bbox 359 3022 1589 4030">
    <p class='ocr_par' dir='ltr' id='par_1_11' title="bbox 359 3022 1589 4030">
     <span class='ocr_line' id='line_1_24' title="bbox 447 3022 1582 3110; baseline -0.001 -23"><span class='ocrx_word' id='word_1_161' title='bbox 447 3026 474 3088; x_wconf 89' lang='lat'><strong>1.</strong></span> <span class='ocrx_word' id='word_1_162' title='bbox 519 3022 754 3108; x_wconf 86' lang='lat' dir='ltr'><strong>Magnitudiuis</strong></span> <span class='ocrx_word' id='word_1_163' title='bbox 790 3028 913 3089; x_wconf 83' lang='lat' dir='ltr'><strong>vestrae</strong></span> <span class='ocrx_word' id='word_1_164' title='bbox 945 3025 1070 3089; x_wconf 84' lang='lat' dir='ltr'><strong>litteras</strong></span> <span class='ocrx_word' id='word_1_165' title='bbox 1102 3027 1233 3089; x_wconf 84' lang='lat' dir='ltr'><strong>sanctae</strong></span> <span class='ocrx_word' id='word_1_166' title='bbox 1263 3025 1339 3090; x_wconf 87' lang='lat' dir='ltr'><strong>fidei</strong></span> <span class='ocrx_word' id='word_1_167' title='bbox 1370 3023 1478 3110; x_wconf 87' lang='lat' dir='ltr'><strong>plenas</strong></span> <span class='ocrx_word' id='word_1_168' title='bbox 1506 3037 1582 3086; x_wconf 75' lang='lat' dir='ltr'><strong>auore</strong></span> 
     </span>
     <span class='ocr_line' id='line_1_25' title="bbox 360 3118 1583 3212; baseline -0.002 -22"><span class='ocrx_word' id='word_1_169' title='bbox 360 3124 566 3211; x_wconf 80' lang='lat' dir='ltr'><strong>suscepimus,</strong></span> <span class='ocrx_word' id='word_1_170' title='bbox 590 3125 704 3210; x_wconf 90' lang='lat' dir='ltr'><strong>quibus</strong></span> <span class='ocrx_word' id='word_1_171' title='bbox 727 3124 767 3189; x_wconf 91' lang='lat' dir='ltr'><strong>ad</strong></span> <span class='ocrx_word' id='word_1_172' title='bbox 790 3126 998 3191; x_wconf 84' lang='lat' dir='ltr'><strong>exercendam</strong></span> <span class='ocrx_word' id='word_1_173' title='bbox 1021 3127 1105 3211; x_wconf 90' lang='lat' dir='ltr'><strong>apud</strong></span> <span class='ocrx_word' id='word_1_174' title='bbox 1127 3148 1183 3192; x_wconf 85' lang='lat' dir='ltr'><strong>vos</strong></span> <span class='ocrx_word' id='word_1_175' title='bbox 1204 3126 1451 3212; x_wconf 83' lang='lat' dir='ltr'><strong>praedicationis</strong></span> <span class='ocrx_word' id='word_1_176' title='bbox 1471 3118 1583 3208; x_wconf 69' lang='lat' dir='ltr'><strong>apostol</strong></span> 
     </span>
     <span class='ocr_line' id='line_1_26' title="bbox 361 3222 1582 3312; baseline -0.004 -19"><span class='ocrx_word' id='word_1_177' title='bbox 361 3250 416 3293; x_wconf 91' lang='lat' dir='ltr'><strong>cae</strong></span> <span class='ocrx_word' id='word_1_178' title='bbox 438 3227 623 3292; x_wconf 86' lang='lat' dir='ltr'><strong>firmitatem</strong></span> <span class='ocrx_word' id='word_1_179' title='bbox 644 3228 919 3312; x_wconf 84' lang='lat' dir='ltr'><strong>opportunitatem</strong></span> <span class='ocrx_word' id='word_1_180' title='bbox 941 3228 1033 3293; x_wconf 92' lang='lat' dir='ltr'><strong>nobis</strong></span> <span class='ocrx_word' id='word_1_181' title='bbox 1054 3228 1240 3312; x_wconf 86' lang='lat' dir='ltr'><strong>provenisse</strong></span> <span class='ocrx_word' id='word_1_182' title='bbox 1262 3228 1416 3294; x_wconf 87' lang='lat' dir='ltr'><strong>divinitus</strong></span> <span class='ocrx_word' id='word_1_183' title='bbox 1436 3222 1582 3292; x_wconf 68' lang='lat' dir='ltr'><strong>nonanis·</strong></span> 
     </span>
     <span class='ocr_line' id='line_1_27' title="bbox 359 3329 1583 3416; baseline -0.002 -21"><span class='ocrx_word' id='word_1_184' title='bbox 359 3330 453 3396; x_wconf 88' lang='lat' dir='ltr'><strong>Unde</strong></span> <span class='ocrx_word' id='word_1_185' title='bbox 474 3329 693 3394; x_wconf 90' lang='lat' dir='ltr'><strong>indesinenter</strong></span> <span class='ocrx_word' id='word_1_186' title='bbox 707 3329 846 3394; x_wconf 92' lang='lat' dir='ltr'><strong>Domino</strong></span> <span class='ocrx_word' id='word_1_187' title='bbox 867 3335 977 3394; x_wconf 89' lang='lat' dir='ltr'><strong>nostro</strong></span> <span class='ocrx_word' id='word_1_188' title='bbox 999 3329 1125 3416; x_wconf 86' lang='lat' dir='ltr'><strong>agimus</strong></span> <span class='ocrx_word' id='word_1_189' title='bbox 1147 3329 1281 3415; x_wconf 85' lang='lat' dir='ltr'><strong>gratias,</strong></span> <span class='ocrx_word' id='word_1_190' title='bbox 1304 3331 1358 3416; x_wconf 91' lang='lat' dir='ltr'><strong>qui</strong></span> <span class='ocrx_word' id='word_1_191' title='bbox 1382 3329 1423 3394; x_wconf 89' lang='lat' dir='ltr'><strong>ad</strong></span> <span class='ocrx_word' id='word_1_192' title='bbox 1443 3333 1503 3393; x_wconf 84' lang='lat' dir='ltr'><strong>tam</strong></span> <span class='ocrx_word' id='word_1_193' title='bbox 1520 3342 1583 3410; x_wconf 60' lang='lat' dir='ltr'><strong>pue</strong></span> 
     </span>
     <span class='ocr_line' id='line_1_28' title="bbox 360 3424 1585 3516; baseline -0.003 -20"><span class='ocrx_word' id='word_1_194' title='bbox 360 3434 447 3496; x_wconf 89' lang='lat' dir='ltr'><strong>clara</strong></span> <span class='ocrx_word' id='word_1_195' title='bbox 473 3431 614 3497; x_wconf 87' lang='lat' dir='ltr'><strong>remedia</strong></span> <span class='ocrx_word' id='word_1_196' title='bbox 641 3434 675 3496; x_wconf 92' lang='lat' dir='ltr'><strong>et</strong></span> <span class='ocrx_word' id='word_1_197' title='bbox 702 3435 827 3516; x_wconf 86' lang='lat' dir='ltr'><strong>tempus</strong></span> <span class='ocrx_word' id='word_1_198' title='bbox 855 3431 945 3496; x_wconf 82' lang='lat' dir='ltr'><strong>vobis</strong></span> <span class='ocrx_word' id='word_1_199' title='bbox 974 3436 1007 3496; x_wconf 91' lang='lat' dir='ltr'><strong>et</strong></span> <span class='ocrx_word' id='word_1_200' title='bbox 1028 3433 1170 3497; x_wconf 91' lang='lat' dir='ltr'><strong>animum</strong></span> <span class='ocrx_word' id='word_1_201' title='bbox 1196 3432 1295 3498; x_wconf 89' lang='lat' dir='ltr'><strong>dedit.</strong></span> <span class='ocrx_word' id='word_1_202' title='bbox 1339 3431 1384 3497; x_wconf 83' lang='lat' dir='ltr'><strong>Et</strong></span> <span class='ocrx_word' id='word_1_203' title='bbox 1411 3453 1467 3496; x_wconf 91' lang='lat' dir='ltr'><strong>uos</strong></span> <span class='ocrx_word' id='word_1_204' title='bbox 1490 3424 1585 3514; x_wconf 70' lang='lat' dir='ltr'><strong>quidm</strong></span> 
     </span>
     <span class='ocr_line' id='line_1_29' title="bbox 360 3526 1585 3619; baseline -0.006 -19"><span class='ocrx_word' id='word_1_205' title='bbox 360 3536 495 3619; x_wconf 89' lang='lat' dir='ltr'><strong>desuper</strong></span> <span class='ocrx_word' id='word_1_206' title='bbox 516 3535 579 3599; x_wconf 89' lang='lat' dir='ltr'><strong>ista</strong></span> <span class='ocrx_word' id='word_1_207' title='bbox 601 3533 804 3619; x_wconf 85' lang='lat' dir='ltr'><strong>agnoscimus</strong></span> <span class='ocrx_word' id='word_1_208' title='bbox 826 3533 983 3617; x_wconf 91' lang='lat' dir='ltr'><strong>ordinari,</strong></span> <span class='ocrx_word' id='word_1_209' title='bbox 1010 3539 1179 3619; x_wconf 88' lang='lat' dir='ltr'><strong>postquam</strong></span> <span class='ocrx_word' id='word_1_210' title='bbox 1206 3534 1236 3598; x_wconf 90' lang='lat' dir='ltr'><strong>ei</strong></span> <span class='ocrx_word' id='word_1_211' title='bbox 1261 3534 1377 3598; x_wconf 87' lang='lat' dir='ltr'><strong>detulit</strong></span> <span class='ocrx_word' id='word_1_212' title='bbox 1398 3532 1500 3598; x_wconf 79' lang='lat' dir='ltr'><strong>divim</strong></span> <span class='ocrx_word' id='word_1_213' title='bbox 1517 3526 1585 3610; x_wconf 69' lang='lat' dir='ltr'><strong>majo</strong></span> 
     </span>
     <span class='ocr_line' id='line_1_30' title="bbox 361 3628 1587 3721; baseline -0.006 -21"><span class='ocrx_word' id='word_1_214' title='bbox 361 3641 427 3701; x_wconf 88' lang='lat' dir='ltr'><strong>stas</strong></span> <span class='ocrx_word' id='word_1_215' title='bbox 449 3636 635 3721; x_wconf 87' lang='lat' dir='ltr'><strong>imperium,</strong></span> <span class='ocrx_word' id='word_1_216' title='bbox 665 3635 776 3720; x_wconf 91' lang='lat' dir='ltr'><strong>quise</strong></span> <span class='ocrx_word' id='word_1_217' title='bbox 799 3634 838 3699; x_wconf 86' lang='lat' dir='ltr'><strong>ad</strong></span> <span class='ocrx_word' id='word_1_218' title='bbox 861 3636 1112 3720; x_wconf 90' lang='lat' dir='ltr'><strong>componendam</strong></span> <span class='ocrx_word' id='word_1_219' title='bbox 1140 3634 1348 3700; x_wconf 86' lang='lat' dir='ltr'><strong>ecclesiarum</strong></span> <span class='ocrx_word' id='word_1_220' title='bbox 1370 3655 1478 3721; x_wconf 84' lang='lat' dir='ltr'><strong>pacem</strong></span> <span class='ocrx_word' id='word_1_221' title='bbox 1496 3628 1587 3696; x_wconf 76' lang='lat' dir='ltr'><strong>iudicat</strong></span> 
     </span>
     <span class='ocr_line' id='line_1_31' title="bbox 360 3732 1587 3824; baseline -0.006 -22"><span class='ocrx_word' id='word_1_222' title='bbox 360 3739 553 3803; x_wconf 88' lang='lat' dir='ltr'><strong>ordinatum.</strong></span> <span class='ocrx_word' id='word_1_223' title='bbox 584 3736 672 3824; x_wconf 80' lang='lat' dir='ltr'><strong>Ergo</strong></span> <span class='ocrx_word' id='word_1_224' title='bbox 693 3741 805 3822; x_wconf 85' lang='lat' dir='ltr'><strong>restat,</strong></span> <span class='ocrx_word' id='word_1_225' title='bbox 828 3742 866 3802; x_wconf 90' lang='lat' dir='ltr'><strong>ut</strong></span> <span class='ocrx_word' id='word_1_226' title='bbox 887 3738 1026 3802; x_wconf 86' lang='lat' dir='ltr'><strong>universi</strong></span> <span class='ocrx_word' id='word_1_227' title='bbox 1049 3738 1191 3823; x_wconf 91' lang='lat' dir='ltr'><strong>episcopi</strong></span> <span class='ocrx_word' id='word_1_228' title='bbox 1211 3740 1314 3823; x_wconf 88' lang='lat' dir='ltr'><strong>partis</strong></span> <span class='ocrx_word' id='word_1_229' title='bbox 1337 3735 1505 3804; x_wconf 81' lang='lat' dir='ltr'><strong>Orioutalis</strong></span> <span class='ocrx_word' id='word_1_230' title='bbox 1520 3732 1587 3819; x_wconf 76' lang='lat' dir='ltr'><strong>juxa</strong></span> 
     </span>
     <span class='ocr_line' id='line_1_32' title="bbox 359 3832 1589 3924; baseline -0.002 -22"><span class='ocrx_word' id='word_1_231' title='bbox 359 3839 460 3904; x_wconf 88' lang='lat' dir='ltr'><strong>libelli</strong></span> <span class='ocrx_word' id='word_1_232' title='bbox 483 3840 596 3904; x_wconf 90' lang='lat' dir='ltr'><strong>seriem</strong></span> <span class='ocrx_word' id='word_1_233' title='bbox 611 3840 652 3904; x_wconf 92' lang='lat' dir='ltr'><strong>ad</strong></span> <span class='ocrx_word' id='word_1_234' title='bbox 675 3839 879 3905; x_wconf 88' lang='lat' dir='ltr'><strong>correctionis</strong></span> <span class='ocrx_word' id='word_1_235' title='bbox 901 3840 1085 3924; x_wconf 83' lang='lat' dir='ltr'><strong>pervenisse</strong></span> <span class='ocrx_word' id='word_1_236' title='bbox 1106 3861 1141 3905; x_wconf 87' lang='lat' dir='ltr'><strong>so</strong></span> <span class='ocrx_word' id='word_1_237' title='bbox 1159 3843 1321 3905; x_wconf 87' lang='lat' dir='ltr'><strong>testentm</strong></span> <span class='ocrx_word' id='word_1_238' title='bbox 1342 3841 1494 3905; x_wconf 65' lang='lat' dir='ltr'><strong>esaum.</strong></span> <span class='ocrx_word' id='word_1_239' title='bbox 1519 3832 1589 3899; x_wconf 66' lang='lat' dir='ltr'><strong>Pano</strong></span> 
     </span>
     <span class='ocr_line' id='line_1_33' title="bbox 361 3934 1587 4030; baseline -0.002 -26"><span class='ocrx_word' id='word_1_240' title='bbox 361 3942 561 4007; x_wconf 88' lang='lat' dir='ltr'><strong>venerandae</strong></span> <span class='ocrx_word' id='word_1_241' title='bbox 588 3942 640 4007; x_wconf 86' lang='lat' dir='ltr'><strong>via</strong></span> <span class='ocrx_word' id='word_1_242' title='bbox 663 3942 867 4025; x_wconf 84' lang='lat' dir='ltr'><strong>concordiae,</strong></span> <span class='ocrx_word' id='word_1_243' title='bbox 896 3945 975 4006; x_wconf 88' lang='lat' dir='ltr'><strong>nota</strong></span> <span class='ocrx_word' id='word_1_244' title='bbox 985 3944 1007 4030; x_wconf 89' lang='lat'><strong>¹)</strong></span> <span class='ocrx_word' id='word_1_245' title='bbox 1036 3946 1112 4006; x_wconf 91' lang='lat' dir='ltr'><strong>sunt</strong></span> <span class='ocrx_word' id='word_1_246' title='bbox 1138 3945 1268 4027; x_wconf 88' lang='lat' dir='ltr'><strong>optatae</strong></span> <span class='ocrx_word' id='word_1_247' title='bbox 1296 3941 1436 4006; x_wconf 87' lang='lat' dir='ltr'><strong>remedia</strong></span> <span class='ocrx_word' id='word_1_248' title='bbox 1462 3934 1587 4005; x_wconf 69' lang='lat' dir='ltr'><strong>anais</strong></span> 
     </span>
    </p>
   </div>
   <div class='ocr_carea' id='block_1_12' title="bbox 361 4034 1589 4334">
    <p class='ocr_par' dir='ltr' id='par_1_12' title="bbox 361 4034 1589 4334">
     <span class='ocr_line' id='line_1_34' title="bbox 362 4034 1588 4130; baseline -0.008 -21"><span class='ocrx_word' id='word_1_249' title='bbox 362 4042 564 4128; x_wconf 85' lang='lat' dir='ltr'><strong>Sacerdotes,</strong></span> <span class='ocrx_word' id='word_1_250' title='bbox 588 4045 642 4130; x_wconf 88' lang='lat' dir='ltr'><strong>qui</strong></span> <span class='ocrx_word' id='word_1_251' title='bbox 665 4043 855 4110; x_wconf 87' lang='lat' dir='ltr'><strong>catholicam</strong></span> <span class='ocrx_word' id='word_1_252' title='bbox 876 4065 990 4128; x_wconf 88' lang='lat' dir='ltr'><strong>pacem</strong></span> <span class='ocrx_word' id='word_1_253' title='bbox 1011 4044 1209 4127; x_wconf 90' lang='lat' dir='ltr'><strong>desiderant,</strong></span> <span class='ocrx_word' id='word_1_254' title='bbox 1238 4044 1469 4128; x_wconf 83' lang='lat' dir='ltr'><strong>professionem</strong></span> <span class='ocrx_word' id='word_1_255' title='bbox 1489 4034 1588 4106; x_wconf 80' lang='lat' dir='ltr'><strong>catholi-</strong></span> 
     </span>
     <span class='ocr_line' id='line_1_35' title="bbox 362 4136 1588 4231; baseline 0.002 -20"><span class='ocrx_word' id='word_1_256' title='bbox 362 4168 433 4211; x_wconf 93' lang='lat' dir='ltr'><strong>cam</strong></span> <span class='ocrx_word' id='word_1_257' title='bbox 454 4169 520 4211; x_wconf 91' lang='lat' dir='ltr'><strong>uon</strong></span> <span class='ocrx_word' id='word_1_258' title='bbox 541 4151 704 4230; x_wconf 84' lang='lat' dir='ltr'><strong>recusaut3</strong></span> <span class='ocrx_word' id='word_1_259' title='bbox 734 4168 800 4210; x_wconf 93' lang='lat' dir='ltr'><strong>uon</strong></span> <span class='ocrx_word' id='word_1_260' title='bbox 828 4145 915 4210; x_wconf 90' lang='lat' dir='ltr'><strong>euim</strong></span> <span class='ocrx_word' id='word_1_261' title='bbox 942 4167 1021 4231; x_wconf 91' lang='lat' dir='ltr'><strong>opus</strong></span> <span class='ocrx_word' id='word_1_262' title='bbox 1043 4150 1092 4211; x_wconf 87' lang='lat' dir='ltr'><strong>est</strong></span> <span class='ocrx_word' id='word_1_263' title='bbox 1117 4146 1299 4231; x_wconf 80' lang='lat' dir='ltr'><strong>partibus2)</strong></span> <span class='ocrx_word' id='word_1_264' title='bbox 1327 4168 1465 4211; x_wconf 75' lang='lat' dir='ltr'><strong>onorem</strong></span> <span class='ocrx_word' id='word_1_265' title='bbox 1490 4136 1588 4222; x_wconf 69' lang='lat' dir='ltr'><strong>corrigi,</strong></span> 
     </span>
     <span class='ocr_line' id='line_1_36' title="bbox 361 4247 1589 4334; baseline -0.007 -22"><span class='ocrx_word' id='word_1_266' title='bbox 361 4249 416 4312; x_wconf 88' lang='lat' dir='ltr'><strong>sed</strong></span> <span class='ocrx_word' id='word_1_267' title='bbox 438 4249 591 4313; x_wconf 91' lang='lat' dir='ltr'><strong>radicitus</strong></span> <span class='ocrx_word' id='word_1_268' title='bbox 614 4249 784 4334; x_wconf 87' lang='lat' dir='ltr'><strong>amputari.</strong></span> <span class='ocrx_word' id='word_1_269' title='bbox 829 4247 974 4312; x_wconf 82' lang='lat' dir='ltr'><strong>insistite</strong></span> <span class='ocrx_word' id='word_1_270' title='bbox 995 4248 1112 4333; x_wconf 88' lang='lat' dir='ltr'><strong>igitur,</strong></span> <span class='ocrx_word' id='word_1_271' title='bbox 1142 4248 1225 4313; x_wconf 69' lang='lat' dir='ltr'><strong>ucat</strong></span> <span class='ocrx_word' id='word_1_272' title='bbox 1246 4249 1417 4333; x_wconf 86' lang='lat' dir='ltr'><strong>coepistis,</strong></span> <span class='ocrx_word' id='word_1_273' title='bbox 1445 4250 1480 4311; x_wconf 87' lang='lat' dir='ltr'><strong>ut</strong></span> <span class='ocrx_word' id='word_1_274' title='bbox 1497 4257 1589 4308; x_wconf 69' lang='lat' dir='ltr'><strong>merca</strong></span> 
     </span>
    </p>
   </div>
   <div class='ocr_carea' id='block_1_13' title="bbox 362 4381 665 4390">
    <p class='ocr_par' dir='ltr' id='par_1_13' title="bbox 362 4381 665 4390">
     <span class='ocr_line' id='line_1_37' title="bbox 362 4381 665 4390; baseline 0.013 -4"><span class='ocrx_word' id='word_1_275' title='bbox 362 4382 370 4389; x_wconf 81' lang='grc'>,</span> <span class='ocrx_word' id='word_1_276' title='bbox 382 4381 642 4390; x_wconf 63' lang='lat' dir='ltr'><strong>-r.-...0--—...-—</strong></span> <span class='ocrx_word' id='word_1_277' title='bbox 659 4385 665 4390; x_wconf 84' lang='lat'><em>.</em></span> 
     </span>
    </p>
   </div>
   <div class='ocr_carea' id='block_1_14' title="bbox 360 4432 1592 4931">
    <p class='ocr_par' dir='ltr' id='par_1_14' title="bbox 360 4432 1592 4845">
     <span class='ocr_line' id='line_1_38' title="bbox 361 4432 1591 4506; baseline -0.004 -16"><span class='ocrx_word' id='word_1_278' title='bbox 361 4440 393 4490; x_wconf 81' lang='grc'><strong>56</strong></span> <span class='ocrx_word' id='word_1_279' title='bbox 429 4438 448 4504; x_wconf 84' lang='lat'><strong>¹)</strong></span> <span class='ocrx_word' id='word_1_280' title='bbox 467 4435 632 4491; x_wconf 75' lang='lat' dir='ltr'><strong>Theodorou</strong></span> <span class='ocrx_word' id='word_1_281' title='bbox 650 4435 743 4490; x_wconf 75' lang='lat' dir='ltr'><strong>moris</strong></span> <span class='ocrx_word' id='word_1_282' title='bbox 760 4433 909 4489; x_wconf 81' lang='lat' dir='ltr'><strong>iustiniani</strong></span> <span class='ocrx_word' id='word_1_283' title='bbox 927 4450 1018 4502; x_wconf 85' lang='lat' dir='ltr'><strong>soror,</strong></span> <span class='ocrx_word' id='word_1_284' title='bbox 1036 4436 1108 4490; x_wconf 86' lang='lat' dir='ltr'><strong>testa</strong></span> <span class='ocrx_word' id='word_1_285' title='bbox 1126 4432 1262 4506; x_wconf 89' lang='lat' dir='ltr'><strong>Procopio</strong></span> <span class='ocrx_word' id='word_1_286' title='bbox 1280 4433 1344 4490; x_wconf 85' lang='lat' dir='ltr'><strong>hist.</strong></span> <span class='ocrx_word' id='word_1_287' title='bbox 1359 4452 1414 4490; x_wconf 85' lang='lat' dir='ltr'><strong>arc.</strong></span> <span class='ocrx_word' id='word_1_288' title='bbox 1434 4451 1456 4489; x_wconf 92' lang='lat' dir='ltr'><strong>c.</strong></span> <span class='ocrx_word' id='word_1_289' title='bbox 1468 4439 1491 4499; x_wconf 79' lang='grc'><strong>9,</strong></span> <span class='ocrx_word' id='word_1_290' title='bbox 1508 4435 1591 4485; x_wconf 65' lang='lat' dir='ltr'><strong>Asna-</strong></span> 
     </span>
     <span class='ocr_line' id='line_1_39' title="bbox 360 4522 637 4592; baseline 0.004 -18"><span class='ocrx_word' id='word_1_291' title='bbox 360 4527 400 4575; x_wconf 77' lang='lat' dir='ltr'><strong>oin</strong></span> <span class='ocrx_word' id='word_1_292' title='bbox 417 4522 637 4592; x_wconf 88' lang='lat' dir='ltr'><strong>nuncupabatur.</strong></span> 
     </span>
     <span class='ocr_line' id='line_1_40' title="bbox 361 4592 1591 4678; baseline -0.003 -18"><span class='ocrx_word' id='word_1_293' title='bbox 361 4612 393 4660; x_wconf 77' lang='lat'><strong>57</strong></span> <span class='ocrx_word' id='word_1_294' title='bbox 430 4609 448 4674; x_wconf 90' lang='lat'><strong>¹)</strong></span> <span class='ocrx_word' id='word_1_295' title='bbox 468 4606 500 4661; x_wconf 67' lang='grc' dir='ltr'><strong>(ἱ1</strong></span> <span class='ocrx_word' id='word_1_296' title='bbox 515 4609 541 4660; x_wconf 88' lang='lat' dir='ltr'><strong>a¹</strong></span> <span class='ocrx_word' id='word_1_297' title='bbox 556 4618 657 4668; x_wconf 75' lang='lat' dir='ltr'><strong>notata,</strong></span> <span class='ocrx_word' id='word_1_298' title='bbox 677 4605 778 4660; x_wconf 83' lang='lat' dir='ltr'><strong>rectius</strong></span> <span class='ocrx_word' id='word_1_299' title='bbox 795 4606 814 4659; x_wconf 91' lang='lat' dir='ltr'><strong>b</strong></span> <span class='ocrx_word' id='word_1_300' title='bbox 834 4616 902 4660; x_wconf 80' lang='lat' dir='ltr'><strong>noto.</strong></span> <span class='ocrx_word' id='word_1_301' title='bbox 939 4604 1073 4671; x_wconf 87' lang='lat' dir='ltr'><strong>Quocirca</strong></span> <span class='ocrx_word' id='word_1_302' title='bbox 1090 4607 1119 4661; x_wconf 88' lang='lat' dir='ltr'><strong>ot</strong></span> <span class='ocrx_word' id='word_1_303' title='bbox 1136 4605 1172 4661; x_wconf 90' lang='lat' dir='ltr'><strong>ad</strong></span> <span class='ocrx_word' id='word_1_304' title='bbox 1188 4605 1341 4678; x_wconf 87' lang='lat' dir='ltr'><strong>ipsummet</strong></span> <span class='ocrx_word' id='word_1_305' title='bbox 1357 4592 1591 4666; x_wconf 77' lang='lat' dir='ltr'><strong>Johsnnemueoi·</strong></span> 
     </span>
     <span class='ocr_line' id='line_1_41' title="bbox 361 4689 1592 4761; baseline 0.001 -17"><span class='ocrx_word' id='word_1_306' title='bbox 361 4691 433 4745; x_wconf 87' lang='lat' dir='ltr'><strong>stola</strong></span> <span class='ocrx_word' id='word_1_307' title='bbox 452 4692 579 4760; x_wconf 89' lang='lat' dir='ltr'><strong>sequenti</strong></span> <span class='ocrx_word' id='word_1_308' title='bbox 597 4690 738 4746; x_wconf 87' lang='lat' dir='ltr'><strong>scribitur:</strong></span> <span class='ocrx_word' id='word_1_309' title='bbox 756 4697 815 4746; x_wconf 82' lang='lat' dir='ltr'><strong>licet</strong></span> <span class='ocrx_word' id='word_1_310' title='bbox 832 4711 896 4761; x_wconf 82' lang='lat' dir='ltr'><strong>quoe</strong></span> <span class='ocrx_word' id='word_1_311' title='bbox 913 4712 962 4760; x_wconf 72' lang='lat' dir='ltr'><strong>pro</strong></span> <span class='ocrx_word' id='word_1_312' title='bbox 977 4697 1040 4760; x_wconf 77' lang='lat' dir='ltr'><strong>fidei</strong></span> <span class='ocrx_word' id='word_1_313' title='bbox 1056 4697 1152 4746; x_wconf 79' lang='lat' dir='ltr'><strong>onitate</strong></span> <span class='ocrx_word' id='word_1_314' title='bbox 1168 4696 1293 4759; x_wconf 73' lang='lat' dir='ltr'><strong>socienda</strong></span> <span class='ocrx_word' id='word_1_315' title='bbox 1309 4702 1369 4746; x_wconf 76' lang='lat' dir='ltr'><strong>sune</strong></span> <span class='ocrx_word' id='word_1_316' title='bbox 1386 4702 1444 4746; x_wconf 75' lang='lat' dir='ltr'><strong>tuae</strong></span> <span class='ocrx_word' id='word_1_317' title='bbox 1454 4689 1592 4745; x_wconf 55' lang='lat' dir='ltr'><strong>antid*</strong></span> 
     </span>
     <span class='ocr_line' id='line_1_42' title="bbox 362 4781 730 4845; baseline 0.011 -16"><span class='ocrx_word' id='word_1_318' title='bbox 362 4781 441 4829; x_wconf 82' lang='lat' dir='ltr'><strong>titiam</strong></span> <span class='ocrx_word' id='word_1_319' title='bbox 458 4783 539 4830; x_wconf 84' lang='lat' dir='ltr'><strong>intere</strong></span> <span class='ocrx_word' id='word_1_320' title='bbox 558 4797 606 4831; x_wconf 85' lang='lat' dir='ltr'><strong>non</strong></span> <span class='ocrx_word' id='word_1_321' title='bbox 622 4781 730 4845; x_wconf 83' lang='lat' dir='ltr'><strong>possint.</strong></span> 
     </span>
    </p>

    <p class='ocr_par' dir='ltr' id='par_1_15' title="bbox 428 4860 698 4931">
     <span class='ocr_line' id='line_1_43' title="bbox 428 4860 698 4931; baseline 0.015 -17"><span class='ocrx_word' id='word_1_322' title='bbox 428 4860 698 4931; x_wconf 46' lang='lat' dir='ltr'><strong>&amp;flemma</strong></span> 
     </span>
    </p>
   </div>
   <div class='ocr_carea' id='block_1_15' title="bbox 0 0 1719 5664">
    <p class='ocr_par' dir='ltr' id='par_1_16' title="bbox 0 0 1719 5664">
     <span class='ocr_line' id='line_1_44' title="bbox 0 0 1719 5664; baseline 0 0"><span class='ocrx_word' id='word_1_323' title='bbox 0 0 1719 5664; x_wconf 95' lang='lat' dir='ltr'><strong> </strong></span> 
     </span>
    </p>
   </div>
  </div>
 </body>
</html>
