3412 5664
692 117 887 169 nmsroma
909 108 1057 167 89-91.
1445 103 1506 168 887

209 276 370 361 affectu,
398 278 437 342 ut
457 273 649 339 beneficium
671 296 689 337 a
711 273 800 337 vobis
822 272 857 337 in
884 272 1082 358 perfectione
1103 273 1193 358 pacis
1215 272 1381 337 Ecclesiae
1402 273 1508 339 velitis
1520 303 1545 341 a.
1556 292 1614 341 aro.

208 379 340 465 magis
362 377 451 464 exigi
471 398 568 462 qnam
589 376 707 461 rogari,
727 375 910 459 judicantes
932 374 1056 439 meritis
1071 375 1280 441 excellentiae
1297 379 1422 441 vestrae
1437 398 1509 460 prc-

209 480 339 559 ficere‚
366 479 450 566 quod
476 501 533 544 vos
561 477 783 564 generalitatis
812 477 967 542 desiderio
996 477 1157 563 contingit
1185 477 1307 543 offerre.
1353 477 1448 544 Unde
1476 482 1510 544 et

210 604 289 647 nos
316 606 336 647 a
358 582 448 647 vobis
470 584 675 666 praesumpte
697 580 877 665 quaerimus
899 583 1065 665 tamquam
1086 578 1246 665 debitum,
1276 581 1358 666 quod
1386 581 1509 645 meritis

209 686 349 749 vestris
371 684 517 749 novimus
546 704 614 748 esse
642 684 854 766 profuturum.
900 682 944 746 llt
971 682 1058 766 ideo,
1088 682 1215 747 domine
1242 683 1305 765 fili,
1334 681 1393 747 sub
1420 684 1508 748 omni

213 787 372 852 caritate
393 786 570 851 salutantes
593 785 767 868 speramus,
792 787 828 848 ut
849 784 1045 849 immineatis
1067 786 1165 869 operi,
1190 785 1273 870 quod
1294 784 1431 850 Domino
1454 787 1507 851 ad-

207 889 367 972 juvante
388 888 565 970 fundastis,
588 908 743 951 memores
766 887 865 950 divini
895 886 1085 951 testimonii:
1132 891 1191 963 (lul
1212 870 1456 969 perseveraverit
1476 897 1506 955 r'n
1520 853 1619 987 ἓξὲξ

209 998 331 1069 finem,
355 996 404 1056 la'c
424 997 526 1055 salvus
547 996 615 1054 erit.

317 1093 350 1156 2.
383 1091 554 1157 Praeterea
576 1091 760 1174 monachos,
784 1113 862 1176 quos
884 1091 1010 1155 venisse
1031 1090 1168 1156 Romam
1190 1092 1399 1179 significastis
1421 1095 1506 1160 litte·

214 1198 268 1260 ris
280 1195 312 1282 ¹)
335 1195 467 1279 vestris,
490 1195 531 1258 ad
553 1194 683 1279 propria
704 1216 779 1258 mox
800 1194 956 1257 voluimus
978 1194 1105 1258 reverti.
1151 1194 1214 1259 Sed
1235 1196 1310 1280 quia
1333 1197 1392 1261 sub
1414 1199 1504 1263 testi-
1516 1228 1559 1283 ep.
1572 1221 1611 1269 ts.

214 1298 385 1363 ficatione
406 1297 570 1381 potentiae
593 1296 720 1360 (tunae
748 1296 899 1360 dicebant
925 1318 982 1380 per
1008 1287 1142 1361 insidias
1169 1298 1205 1361 in
1231 1298 1347 1362 itinere
1374 1302 1506 1383 paratas

217 1401 317 1466 vitae
341 1421 410 1464 sese
431 1399 590 1463 sustinere
612 1420 705 1482 posse
727 1398 916 1482 discrimen,
945 1397 1127 1485 nolentesl)
1152 1400 1256 1464 redire
1279 1399 1505 1467 Constantino-

215 1502 342 1588 polim,
365 1501 452 1585 passi
474 1522 540 1565 non
561 1522 670 1565 sumus
694 1500 849 1565 violenter
872 1500 997 1585 expelli.
1036 1498 1237 1585 Quapropter
1258 1525 1388 1568 necesse
1410 1505 1506 1570 habe-

216 1605 337 1669 bimus
359 1602 560 1667 venicntibus
583 1602 700 1688 legatis
714 1603 833 1666 nostris
848 1602 1019 1688 inquirere,
1043 1625 1106 1688 qua
1128 1626 1238 1668 revera
1253 1605 1393 1671 faciente
1410 1629 1506 1672 causa

216 1706 317 1770 inter
342 1726 395 1771 eos
416 1705 515 1769 fuerit
538 1707 695 1769 commota
717 1705 885 1769 discordia.

316 1808 346 1873 3.
382 1805 646 1872 Beatissimorum
674 1828 748 1871 vero
776 1807 994 1891 apostolorum
1015 1807 1104 1873 Petri
1132 1812 1165 1873 et
1186 1808 1279 1873 Pauli
1308 1812 1503 1895 sanctuaria,

218 1911 315 1975 sicut
336 1907 576 1994 religiosissimo
605 1909 773 1993 quaesistis
803 1909 935 1993 affeetu,
966 1932 1024 1995 per
1051 1911 1165 1975 harum
1194 1911 1417 1999 portitorem³)
1446 1916 1505 1979 sub

219 2011 318 2077 omni
334 2011 541 2076 veneratione
556 2011 804 2096 transmisimus,
828 2015 988 2096 optantes,
1012 2013 1210 2077 orationibus
1230 2035 1338 2079 eorum
1345 2015 1371 2098 ⁴)
1386 2017 1504 2081 mentis

219 2117 358 2180 vestrae
380 2113 499 2178 oblatio
522 2116 555 2178 et
569 2114 726 2178 desideria
746 2114 871 2199 gratiae
894 2115 960 2179 sint
974 2114 1164 2180 Divinitatis
1180 2120 1322 2200 accepta.
1359 2117 1509 2190 Petimus
1571 2192 1574 2197 ,

219 2218 356 2301 itaque,
385 2218 510 2280 uttam
532 2217 571 2281 de
592 2216 644 2279 lris
666 2238 747 2300 quae
769 2220 926 2301 geruntur
947 2239 1006 2300 pro
1029 2217 1215 2302 concordia,
1239 2240 1335 2303 quam
1357 2220 1395 2284 de
1417 2221 1504 2285 inco-

219 2319 389 2383 lumitatis
403 2322 528 2383 vestrae
544 2319 627 2383 bono
644 2319 800 2382 nuntietis
820 2319 1029 2383 sollicitudini
1044 2322 1172 2389 nostrae
1188 2321 1339 2405 gaudium
1356 2327 1503 2388 currente

220 2421 352 2505 pagina
366 2420 558 2485 litterarum.
589 2420 674 2485 Data
695 2420 742 2484 IV
757 2421 869 2486 Nonas
885 2420 1093 2505 Septembris,
1115 2421 1325 2509 naualem)
1347 2425 1416 2489 viro
1440 2425 1502 2489 cla·

222 2521 356 2587 ris'simo
378 2522 518 2587 consule.

736 2708 920 2811 Epistola
946 2709 1001 2792 n.

424 2861 636 2929 Hormisdae
659 2878 770 2944 papae
792 2859 836 2926 ad
858 2861 1107 2927 «lastinianum
1130 2864 1309 2928 comitem.
1511 2854 1641 2991 {qm

262 3002 406 3053 diomedes
433 3002 543 3067 Scythes
571 3018 649 3067 usqae
678 3004 713 3050 uri
737 3004 876 3065 legatorum
902 3003 1009 3051 reditum
1033 3003 1126 3053 Itomae
1153 3004 1303 3053 detinendos
1329 3007 1465 3057 existimet.

165 3070 210 3121 Α·
262 3088 314 3138 ner
331 3089 386 3151 ipse
397 3089 555 3138 destinamus
572 3103 689 3151 operam,
709 3093 734 3135 at
748 3086 774 3133 V
773 3088 838 3136 ictor
850 3087 973 3136 diaconus
990 3086 1022 3136 ab
1040 3088 1090 3136 illis
1107 3096 1240 3137 aecusatus
1258 3095 1283 3138 et
1301 3090 1347 3139 elii
1361 3106 1466 3155 perum-

507 3188 551 3221 sus
569 3177 731 3237 praecationes
748 3173 898 3233 objicientes
920 3172 946 3219 ia
966 3172 1057 3222 Urbem
1075 3174 1228 3235 diriperetur.

380 3305 592 3370 Hormisda
613 3304 849 3369 Justiniano
871 3304 1037 3369 illustri.

311 3426 450 3511 Eulogio
472 3425 540 3488 viro
563 3423 738 3488 clarissimo
760 3423 827 3488 filio
842 3426 952 3488 nostro
975 3425 1138 3489 deferente
1153 3425 1277 3489 litteras
1294 3428 1493 3495 celsitudinis
1506 3464 1549 3518 op,
1562 3454 1602 3502 rs,

226 3533 353 3595 vestrae
369 3526 577 3611 suscepimus,
601 3547 700 3610 eoque
715 3529 878 3590 remeante
901 3527 1044 3591 debitum
1059 3528 1276 3612 persolventes
1292 3528 1497 3597 salutationis

225 3630 380 3714 officium,
404 3630 623 3715 significamus
633 3629 674 3715 ¹),
705 3628 841 3713 Scythes
863 3628 1036 3693 monachos
1060 3629 1216 3715 allegasse
1238 3629 1392 3715 plurima,
1416 3656 1497 3718 quae

224 3757 285 3800 nos
312 3733 493 3817 relinquere
520 3731 700 3795 indiscussa
720 3752 785 3794 non
814 3752 996 3815 possumus:
1025 3731 1079 3795 sed
1107 3731 1287 3817 legatorum
1313 3739 1497 3801 nostrorum

245 3909 399 3917 ——-.--
406 3908 453 3915 --ι
492 3908 496 3913 .
515 3908 521 3913 .

221 4014 258 4062 90
296 4008 317 4073 1)
334 4003 413 4070 Quae
430 4020 515 4075 supra
532 4003 614 4073 epist.
633 4008 679 4069 78,
698 4019 753 4056 non
771 4003 896 4073 proxime
914 4002 1080 4057 antecedens
1098 4002 1178 4073 epist.
1198 4009 1239 4058 89.

292 4092 315 4159 ¹)
331 4089 384 4145 Ed.
402 4097 522 4144 colentes.
559 4086 723 4142 Concinnius
742 4090 775 4143 G*
796 4095 916 4141 ualentes.
952 4087 1012 4140 Hoc
1029 4086 1126 4141 scribit
1143 4088 1305 4155 Hormisda,
1328 4091 1394 4159 quia
1411 4092 1495 4145 ‚lusti-

218 4176 325 4233 nimus
336 4174 417 4245 epist.
431 4178 476 4240 78,
494 4174 526 4227 nt
537 4174 688 4228 monachos
706 4172 768 4226 illos
781 4190 799 4226 a
810 4191 838 4227 sc
851 4158 991 4242 de'pcllcrc
1004 4172 1180 4242 dignaret-ur,
1198 4176 1284 4229 semel
1296 4176 1381 4243 atque
1393 4176 1494 4231 iterum

217 4260 355 4334 petierat.
390 4259 456 4314 Mox
474 4258 516 4313 cd.
536 4263 672 4316 tabuimus.

291 4349 314 4415 1)
331 4343 481 4414 Eulogium
498 4343 628 4398 videlicet
644 4343 869 4411 magistrianum,
892 4342 939 4410 qui
958 4343 1037 4412 cpiat.
1058 4349 1090 4397 77
1112 4362 1174 4399 cam
1192 4346 1227 4399 ab
1247 4362 1358 4399 causam
1376 4362 1394 4399 a
1410 4346 1494 4401 lusti-

216 4432 308 4488 niano
327 4429 483 4485 destinatus
501 4429 609 4484 dicitur.

292 4518 314 4585 ⁴)
334 4519 360 4570 οο
378 4532 436 4583 seq.
455 4514 519 4569 add.
539 4527 578 4581 ur,
598 4514 673 4583 quod
692 4514 846 4583 elegantius
864 4513 1003 4568 reticetur.

293 4605 316 4671 ³)
334 4601 369 4656 G¹
382 4603 409 4655 a¹
427 4603 597 4668 suspensa,
617 4599 757 4654 mendose.

213 4698 253 4749 91
294 4690 314 4753 ¹)
332 4686 367 4741 G¹
381 4690 407 4742 8¹
424 4692 605 4753 significantes.
