3412 5664
705 320 733 368 S.
750 320 956 368 nonusssnnn
978 320 1092 367 PAPAE

777 473 959 576 Epistola
985 473 1019 557 3.

148 608 253 661 emund.
420 625 624 689 Ennodius
647 624 881 690 Hormisdac
904 630 943 690 et
964 627 1167 691 Dioscoro.

158 677 192 728 vi
209 684 248 729 aa.

197 718 202 740 ¹
351 745 423 809 Scio
447 745 674 808 conscientiam
697 744 880 829 religiosam
901 745 1024 831 grarrde
1047 747 1219 811 aestimare
1242 747 1454 830 compendium,
1473 751 1490 813 si

267 847 450 931 praestandi
477 850 630 910 nascatur
657 848 797 930 ceassiu,
838 847 888 911 hir
918 848 1070 931 maxime,
1109 871 1188 933 quos
1217 849 1345 912 demtos
1370 852 1490 915 exstitisse

267 950 490 1013 meminerunt.
541 948 629 1034 Ergo
662 949 806 1032 quamvis
838 949 942 1034 prima
974 952 1173 1015 reverentiae
1207 954 1333 1014 vestrae
1367 974 1444 1014 causa
1462 955 1489 1016 sit

266 1052 387 1135 scripta
415 1051 579 1133 mittendi,
618 1055 650 1115 ct
673 1051 825 1115 utilitatis
853 1051 1004 1136 allegatio
1032 1053 1074 1115 sit
1102 1052 1303 1136 subjicienda
1330 1053 1489 1138 diligentiae:

267 1157 411 1217 attamen
435 1155 547 1217 alixius
571 1153 695 1217 ammas
717 1176 812 1238 saepe
834 1154 1015 1218 necessaria
1037 1156 1208 1239 praeponit
1232 1156 1366 1218 affectui.
1396 1155 1489 1219 Retinet

268 1255 453 1319 fraternitas
480 1259 601 1339 vestra,
643 1256 793 1320 domnum
825 1279 942 1340 papam
976 1256 1014 1319 de
1043 1279 1198 1340 expensa,
1237 1279 1331 1341 quam
1365 1258 1489 1341 episcopus

266 1381 354 1421 meus
378 1357 461 1441 apud
484 1357 648 1421 Ravcnam
670 1379 728 1440 pro
751 1357 819 1440 ejus
842 1357 982 1421 utilitate
1003 1381 1054 1422 me
1077 1359 1255 1444 spondente
1279 1359 1405 1439 fecerat,
1428 1360 1489 1422 redi·

267 1461 423 1523 tutionem
446 1460 543 1523 fuisse
565 1459 752 1542 pollicitum.
799 1458 859 1523 Sed
882 1463 990 1523 actum
1012 1464 1076 1543 est,
1101 1463 1137 1524 ut
1159 1461 1212 1524 viu
1236 1460 1276 1524 ad
1298 1483 1351 1525 vos
1370 1461 1488 1546 dirigendi

268 1565 445 1645 praestaret
471 1561 630 1625 inducias:
663 1564 695 1625 et
722 1561 760 1625 de
787 1583 859 1625 mea
887 1561 948 1625 sibi
976 1562 1240 1626 satisfaciendum
1263 1584 1331 1626 esse
1352 1562 1488 1625 substantia

267 1667 472 1747 protestatur.
517 1663 611 1727 Nunc
635 1663 708 1746 quia
730 1663 863 1747 grandis
885 1686 1007 1728 summa
1029 1686 1096 1728 non
1118 1668 1167 1728 est
1189 1686 1271 1749 quae
1294 1664 1451 1748 reposcitur,
1467 1670 1488 1727 et

266 1750 424 1830 surranum
452 1770 501 1830 cst
528 1765 732 1846 beneficium,
770 1788 819 1828 me
848 1765 888 1828 ab
915 1766 1149 1851 ingratitudine
1183 1767 1268 1851 ejuS,
1303 1788 1378 1851 qnae
1402 1765 1489 1828 vidam

262 1870 367 1951 justa,
380 1866 592 1932 subtrahere:
615 1867 760 1931 ordinate
783 1868 866 1952 quod
889 1868 978 1932 vobis
994 1868 1162 1933 retributio
1182 1891 1323 1952 superna
1338 1870 1487 1951 compenset.

267 1970 402 2034 Domine
425 1970 484 2052 mi,
518 1971 653 2034 salut-em
676 1969 984 2034 abundantissimam
1007 1970 1158 2052 reddens,
1188 1970 1293 2033 Deum
1315 1991 1429 2054 quaeso,
1446 1990 1488 2050 quo

267 2073 382 2136 arnonis
404 2073 527 2154 restria,
552 2071 634 2156 quod
656 2094 706 2135 me
729 2072 894 2136 sublevare
915 2072 1027 2156 possit,
1051 2072 1198 2157 inspiret.
1237 2071 1309 2156 Ego
1324 2075 1416 2135 autem
1428 2068 1487 2132 udlui

173 2232 176 2237 ,
266 2175 411 2257 partibus
434 2174 527 2255 meis,
557 2174 610 2257 qui
634 2196 705 2237 cunr
727 2175 960 2238 contestatione
982 2174 1134 2238 moeroris
1161 2196 1220 2258 per
1242 2173 1374 2257 paginas
1393 2170 1487 2236 iudicati

266 2276 366 2338 direxi
398 2276 617 2339 fidelissimum
648 2275 856 2359 perlatorem,
894 2276 949 2360 qui
980 2277 1073 2340 nobis
1106 2275 1299 2360 perferenda
1329 2275 1392 2338 sine
1417 2272 1487 2336 iruni-

268 2379 400 2441 nutione
422 2378 585 2461 suscipiat.

150 2633 171 2686 F
229 2632 245 2684 u
775 2514 957 2618 llpistola
982 2515 1017 2598 4.

150 2700 255 2760 W„
421 2667 625 2731 Ennodins
648 2665 880 2731 Hormisdac
903 2668 1078 2732 diacono.

353 2786 467 2850 Nullus
489 2789 668 2849 remaneret
690 2786 847 2870 imperitis
869 2786 957 2850 locus
980 2787 1107 2869 veniae,
1143 2787 1169 2850 si
1197 2787 1291 2870 plura
1311 2786 1489 2871 loquerentur:

268 2889 335 2952 sola
357 2889 496 2952 brevitas
520 2888 720 2951 commendat
741 2888 896 2952 indoctos.
949 2888 1052 2973 Supra
1075 2910 1214 2954 errorem
1244 2893 1294 2952 cst
1314 2888 1422 2973 prolixa
1440 2906 1489 2947 uar-

268 2991 349 3054 ratio
372 2990 571 3054 rusticantis:
594 2990 721 3074 quando
744 2990 784 3053 ab
806 2990 920 3074 ignaro
943 2994 1103 3054 extortum
1124 2991 1238 3073 fuerit,
1267 2990 1347 3075 (quod
1368 2990 1413 3053 diu
1430 2987 1490 3070 legn-

268 3096 330 3173 tur,
361 3093 421 3155 sibi
444 3114 610 3157 rancorem
638 3114 729 3156 suum
751 3091 845 3156 debet
873 3097 1011 3156 exactor.
1062 3091 1281 3177 Quisquamne
1307 3089 1492 3156 hominumn

269 3196 401 3279 longum
422 3195 491 3257 vult
512 3194 705 3258 fastidienda
726 3194 912 3277 procedere,
947 3198 980 3258 et
1008 3194 1096 3258 nullo
1123 3217 1236 3279 sapore
1266 3194 1389 3259 condita
1412 3193 1496 3257 breues

268 3298 421 3360 terminos
443 3318 509 3361 non
531 3296 672 3360 habere?
716 3296 861 3360 Romana
883 3294 953 3379 hoc,
975 3296 1087 3380 frater,
1111 3302 1143 3360 ct
1165 3296 1302 3361 nimium
1323 3295 1429 3360 artifici
1446 3293 1499 3356 sub

267 3400 386 3463 tilitate
407 3398 572 3484 flagitasti.
607 3397 668 3462 Sed
690 3420 748 3461 nos
771 3403 883 3462 eontra
905 3398 1078 3463 fabricatos
1100 3399 1206 3463 munit
1224 3400 1410 3484 simplicitas
1427 3395 1504 3460 nullis

269 3502 409 3565 colorata
436 3500 628 3585 praestigiis.
678 3499 808 3564 Etenim
835 3500 978 3584 quamvis
1005 3522 1057 3564 me
1085 3501 1253 3566 delenifica
1279 3501 1428 3585 epistolae
1449 3504 1508 3562 tuae

268 3604 412 3668 (oratione
433 3602 634 3687 produxeris,
657 3602 720 3666 mci
742 3605 959 3667 immemorem
979 3624 1046 3666 non
1065 3603 1182 3667 iecisti.
1221 3602 1294 3668 Scio
1318 3608 1421 3667 artare
1441 3602 1512 3687 pagi·

269 3728 360 3787 nam,
386 3706 475 3788 cujus
497 3705 636 3788 pretium
658 3704 878 3789 promulgator
899 3705 1057 3790 intelligo.
1092 3704 1228 3769 Noreris
1250 3727 1303 3768 mc
1324 3709 1432 3770 tamen
1451 3705 1518 3768 me'n

270 3807 414 3890 partibus
442 3828 506 3870 non
534 3806 641 3869 deesse
649 3857 657 3888 ,
691 3808 834 3890 quamvis
861 3810 953 3871 vocet
980 3807 1015 3870 in
1036 3806 1175 3871 medium
1198 3810 1233 3870 ct
1253 3807 1399 3871 urbanas
1421 3812 1452 3872 et
1473 3809 1520 3871 ele-

270 3910 363 3973 ricus.
409 3908 470 3973 Sed
493 3908 567 3993 quid
589 3908 728 3993 produco
750 3908 920 3994 paginam,
951 3909 1040 3992 cujus
1063 3909 1207 3992 superius
1230 3909 1420 3994 angustiam
1448 3911 1525 3997 pdli-

270 4011 387 4092 cebar?
430 4011 519 4075 Haec
541 4010 620 4074 mihi
643 4032 715 4075 cum
738 4015 865 4075 amante
889 4011 1100 4093 concertatio,
1129 4010 1204 4073 talis
1232 4010 1364 4076 fructus
1386 4016 1436 4076 cst
1456 4014 1532 4077 litte·

268 4138 386 4178 rarum.
424 4113 560 4177 Domine
576 4114 635 4195 mi,
660 4112 795 4176 salutem
817 4114 1010 4177 uberrimam
1033 4114 1142 4177 dicens
1157 4134 1284 4196 precor,
1309 4119 1348 4178 ut
1364 4115 1427 4180 Dei
1443 4119 1536 4180 nostri

269 4219 429 4280 tribuente
462 4214 693 4298 misericordia,
724 4215 833 4279 crebro
861 4216 997 4280 salutem
1025 4219 1163 4279 vestram
1184 4215 1308 4279 votivis
1338 4219 1439 4303 mihi,
1473 4220 1540 4284 dum

269 4342 371 4382 meam
394 4318 556 4402 quaeritis,
579 4316 736 4381 nuntietis
758 4317 917 4382 affatibus.

779 4488 961 4593 Epistola
987 4489 1020 4571 5.

138 4629 248 4751 ,533¹f03113·
421 4642 624 4707 Ennodius
647 4641 878 4706 Hormisdac
901 4643 1076 4706 diacono.
1144 4701 1148 4711 .

205 4740 210 4763 ,
251 4741 256 4750 .

352 4761 396 4826 Et
417 4764 499 4846 quod
522 4788 572 4847 es,
601 4763 805 4826 miseratione
832 4765 981 4846 ornatur,
1016 4765 1049 4825 et
1075 4761 1157 4845 quod
1180 4760 1323 4830 iuturus
1354 4790 1407 4851 οε,
1439 4770 1548 4856 pietate

269 4867 482 4951 conquiritur,
515 4870 546 4929 ot
574 4866 742 4929 diaconum
771 4865 821 4928 his
848 4865 962 4929 studiis
988 4863 1146 4946 extulisti,
1187 4866 1288 4949 eujus
1321 4873 1372 4936 rei
1396 4875 1548 4958 promittit
