3450 5678
319 295 382 363 642
774 317 802 364 s.
820 315 1002 364 sruuacm
1024 315 1138 363 aaran

211 491 236 529 a.
246 475 304 525 499.
404 472 485 520 solnm
502 476 629 534 purgatas
646 472 768 521 ridemur
784 484 849 531 esse,
868 474 891 521 si
898 469 917 537 ¹)
934 473 1014 522 tuerit
1030 473 1169 534 pm‘dceps,
1185 484 1276 520 reram
1293 472 1374 520 enam
1386 471 1600 521 ammantica·

404 557 573 621 dignmsimns
592 558 752 606 attinetur.

942 673 968 737 I.

406 777 433 839 1.
468 774 546 840 Post
568 775 768 841 consulatum
782 774 910 840 Paulini
925 775 986 839 viri
993 774 1020 862 ²)
1043 775 1212 840 clarissimi
1231 775 1290 840 sub
1305 775 1356 840 die
1372 774 1600 840 Kalendarum

319 876 510 942 Martiarum
530 878 566 942 in
589 877 722 942 basilica
744 878 831 942 beati
852 877 940 941 Petri
963 877 1100 961 apostoli
1128 878 1288 943 residente
1319 878 1388 941 viro
1416 877 1599 942 venerabili

318 1002 403 1065 papa
426 979 617 1064 Symmacho
640 1003 705 1044 una
728 1002 800 1044 cum
822 978 956 1043 Rustico
964 979 989 1065 ³)
1013 978 1288 1065 Menturirensi⁴),
1313 978 1484 1044 Bonifacio
1508 978 1600 1044 Veli·

318 1085 426 1165 terno,
462 1082 586 1146 Miseno
595 1082 621 1168 ⁵)
645 1082 804 1164 Cuman0,
838 1080 956 1146 Rufino
984 1080 1164 1165 Canusino,
1200 1081 1371 1146 Cresconio
1398 1080 1595 1165 Tudertino,

319 1182 440 1248 Basilio
448 1183 475 1270 ὅ)
498 1183 697 1248 Tolentinati
704 1233 713 1266 ,
748 1183 849 1248 Decio
871 1182 983 1246 Trium
1004 1183 1241 1267 Tabernarum,
1277 1183 1470 1248 Innocentio
1493 1183 1598 1248 Mira·

318 1285 408 1367 niae,
438 1283 613 1350 Valentino
635 1286 857 1370 Amiternino,
892 1283 993 1350 Basso
1016 1284 1268 1368 Ferentiniensi,
1304 1283 1406 1349 Vitali
1429 1281 1597 1368 Fanestri,

319 1385 484 1452 Vitaliano
496 1385 679 1470 RosellanO,
703 1387 844 1452 Maximo
856 1386 1006 1471 Blerano,
1027 1385 1242 1453 Constantino
1256 1385 1421 1471 Capuano,
1442 1385 1599 1472 Benigno

319 1488 572 1572 Aquaevirensi,
596 1488 774 1554 Fortunato
797 1489 973 1573 Suessano,
1002 1488 1147 1553 Palladio
1171 1487 1389 1570 Sulmontr'no,
1419 1486 1599 1555 Vindemio

318 1589 513 1674 Anteatino,
539 1589 728 1656 Constantio
750 1590 985 1677 Utriculanol),
1009 1589 1161 1655 Johanne
1183 1589 1397 1672 Ariminensi,
1430 1588 1600 1656 Germano

318 1691 519 1775 Pisaurensi,
542 1692 735 1779 Martyriofl)
758 1693 992 1776 Terracinensi,
1017 1691 1161 1758 Candido
1183 1691 1398 1778 Tiburtinol),
1424 1689 1598 1759 Vitaliano

508 1833 586 1840 ..-,..-
598 1835 626 1840 .-

387 1899 407 1966 1)
425 1897 488 1967 Ipse
512 1895 611 1964 synodi
633 1897 726 1950 textus
749 1915 784 1952 ex
801 1897 924 1951 omnium
942 1915 1006 1951 mss.
1024 1895 1078 1950 fide
1096 1894 1242 1950 restitutus
1259 1912 1311 1965 pro
1328 1894 1373 1949 his
1391 1901 1415 1949 ri
1430 1900 1518 1962 [uerit
1533 1918 1597 1967 par-

320 1987 401 2050 ticeps
418 1980 545 2050 postulat
563 1987 606 2051 qui
622 1986 767 2048 hujusmodi
782 1989 924 2051 participes
943 1987 1087 2037 convicerit.

385 2069 406 2134 ²)
425 2066 457 2119 Β1
478 2071 581 2120 Paulini
597 2068 655 2136 arip.
690 2066 737 2120 11¹¹
755 2071 885 2135 Incipiunt
902 2086 1013 2121 canones
1025 2068 1167 2132 Symmachi
1181 2085 1268 2134 papae
1287 2069 1441 2134 temporibus
1458 2069 1600 2122 I'eudcrici

319 2156 388 2220 repis
406 2155 554 2204 Paulinam
575 2171 597 2204 c.
614 2156 659 2206 sula
678 2157 720 2206 die
738 2155 915 2206 Kalendarum
936 2155 1088 2206 Martiarum
1110 2157 1136 2205 in
1158 2154 1264 2204 bardica
1287 2154 1357 2204 beati
1374 2155 1450 2204 Petri
1471 2159 1597 2220 apostoli.

319 2234 353 2289 F*
369 2233 497 2289 inscribit
514 2238 632 2304 Spnodus
654 2244 680 2290 in
702 2257 752 2306 qua
775 2242 933 2290 constitutum
951 2247 1001 2300 est,
1033 2247 1060 2290 ut
1083 2241 1136 2290 nivo
1156 2256 1229 2305 papa
1252 2241 1284 2290 de
1305 2241 1457 2305 episcopatu
1479 2240 1597 2292 aarum

320 2327 400 2375 nullas
417 2326 486 2389 loqui
503 2332 657 2389 praearmat,
693 2320 812 2390 Moxque
830 2321 888 2375 ΗΟ
906 2327 1004 2387 synodo
1020 2326 1187 2390 praesidente
1206 2323 1349 2375 beatissimo
1367 2341 1449 2389 papa.

387 2406 408 2473 ⁸)
426 2404 654 2472 Insequentibus
672 2405 812 2473 sequimur
829 2406 871 2459 Bl.
907 2405 955 2458 Κ12
972 2404 1001 2458 in
1019 2404 1195 2459 recensendis
1213 2403 1326 2473 quidem
1344 2403 1506 2460 nominibus
1518 2405 1598 2462 hand

319 2489 410 2543 larem
427 2487 536 2543 induxit
553 2489 749 2556 confusionem,
767 2490 832 2543 dum
850 2490 933 2544 modo
953 2489 1146 2559 episcoporum
1168 2488 1252 2543 modo
1275 2488 1465 2556 ecclesiarum,
1491 2491 1598 2560 quibus

319 2575 482 2643 praeerant,
504 2573 617 2628 nomina
639 2591 690 2644 per
712 2575 887 2629 oscitantiam
909 2574 1040 2628 librarius
1062 2573 1162 2629 omisit.
1199 2571 1289 2639 Quam
1311 2573 1533 2644 discrepantiam
1561 2594 1597 2632 ne

319 2657 472 2714 identidem
489 2674 604 2714 monere
622 2674 691 2729 opus
708 2659 752 2726 sit,
769 2660 860 2714 totum
877 2659 969 2713 locum
987 2658 1033 2712 hic
1050 2657 1204 2713 exscribere
1222 2658 1336 2727 placuit.
1364 2657 1410 2714 Sic
1428 2659 1518 2732 igitur
1531 2664 1599 2733 poet

322 2761 407 2814 supra
425 2744 521 2799 datam
538 2743 747 2814 inscriptionem
764 2743 890 2799 inchoat:
909 2747 1046 2798 desidente
1058 2749 1202 2798 ncrrerabile
1219 2765 1290 2812 papa
1303 2748 1452 2812 Symmacho
1470 2767 1523 2800 una
1540 2768 1598 2801 cun

321 2832 424 2884 Rustico
443 2833 610 2890 Melurnensi,
629 2832 767 2895 Bonifacio
785 2833 926 2895 Veliterno,
951 2831 1122 2896 (Innocentio)
1141 2833 1403 2897 Forosemproniensi,
1428 2834 1534 2887 Miseno
1549 2837 1597 2886 Cu·

319 2935 401 2976 mano,
420 2918 539 2970 Colanica
552 2919 754 2977 Foroclodiensi,
775 2918 863 2982 Ilufino
877 2917 1011 2977 Cauosino,
1030 2917 1184 2981 (Vitaliana)
1200 2917 1344 2978 Iiaselluno,
1364 2918 1515 2983 Epiphanio
1529 2920 1597 2983 (Be-

322 3002 479 3068 neventano),
505 3004 635 3055 Crisconio
658 3003 804 3060 Tudertino,
829 3003 966 3054 Attendato
984 3003 1112 3060 Cerrcnsi,
1141 3001 1241 3053 Basilio
1263 3003 1432 3062 Pollentinati,
1461 3005 1597 3070 Stephano

321 3089 441 3145 Nursina.
461 3090 540 3139 Decio
563 3088 647 3138 Trium
665 3088 843 3145 Tabernarum,
863 3088 973 3139 Dulcitio
992 3087 1146 3150 Satinicnsi,
1165 3088 1315 3138 Innocentio
1334 3088 1481 3153 dictamine,
1500 3090 1597 3141 Ibrts·

320 3180 381 3225 nato
399 3176 544 3238 Anapm'no,
572 3175 707 3224 Valentino
727 3174 894 3230 Amiternino,
922 3173 1062 3223 Pasciasio
1084 3172 1261 3231 Vulturnensi,
1289 3172 1374 3224 Basso
1392 3173 1596 3233 ferentinensi,

321 3258 427 3309 Santola
446 3257 563 3324 Sipnina,
590 3260 695 3308 Valerio
714 3259 825 3314 Calenia,
849 3258 1003 3308 Felicissimo
1023 3257 1142 3319 Caulino,
1170 3257 1334 3317 Innocentio,
1362 3260 1445 3309 Vitali
1461 3259 1596 3317 Fanestri.

325 3344 455 3394 Vitaliano
472 3345 634 3400 Venenlano,
659 3343 774 3393 Maximo
794 3343 963 3401 Nonsenlana,
990 3342 1155 3392 Constantino
1175 3343 1317 3407 rl'epesiua,
1345 3343 1464 3409 Benipna
1483 3345 1595 3403 Nolana.

321 3427 463 3479 Fortunato
482 3429 631 3485 Puteolano,
655 3430 772 3478 Palladio
791 3428 948 3484 Auelleuate,
971 3428 1096 3476 Vindinrio
1115 3426 1235 3486 Fermati,
1260 3429 1409 3479 Constantio
1427 3427 1595 3487 Surrentina.

320 3513 436 3563 Iohanne
448 3512 564 3570 Reatino,
585 3513 709 3562 Germano
723 3513 902 3576 Neapolitano,
922 3512 1091 3562 residentibus
1108 3515 1182 3562 etiam
1195 3513 1344 3571 Laurentio,
1362 3515 1498 3571 Jrrnuario,
1518 3515 1594 3566 Ma*-

321 3598 403 3657 ciano,
428 3599 566 3655 Gordiano.
590 3597 734 3658 Maxentio,
759 3599 846 3656 Petro,
869 3598 978 3654 Iustino,
1004 3597 1105 3659 Urbica,
1129 3595 1261 3655 Iiedimito,
1285 3598 1402 3656 Paulino,
1425 3600 1593 3664 miseritis.

325 3682 445 3742 Valente,
469 3683 572 3741 lucino,
596 3682 708 3741 Sorano,
736 3682 826 3738 Petro,
850 3680 938 3740 Bono,
963 3682 1102 3733 Parrhasio
1122 3682 1267 3747 I'ulpentius
1288 3683 1487 3736 archidiaconus
1508 3686 1594 3736 dieii:

321 3764 460 3817 Beaiitudo
480 3764 531 3817 etc.

389 3848 409 3914 ⁴)
428 3847 461 3900 B¹
480 3847 524 3901 hic
542 3850 571 3903 et
588 3849 661 3903 iufra
679 3852 846 3913 utentur-enat,
865 3848 912 3902 Κι2
931 3852 1098 3902 Meturnensi.
1136 3852 1267 3902 lttnrurua
1285 3865 1334 3903 seu
1347 3853 1491 3917 Mentyrua
1502 3855 1593 3919 (Mer-

321 3934 421 4002 τυρνα)
440 3933 482 3986 est
500 3933 566 3988 urbs
584 3933 657 3987 Latii
674 3933 702 3987 in
721 3932 839 3987 confinio
858 3932 1034 4003 Campaniae.

390 4021 410 4084 ⁵)
428 4017 461 4071 Β1
475 4022 585 4074 Μεειήο.
616 4018 686 4073 Hinc
704 4017 792 4087 liquet
809 4017 939 4088 episcopo
956 4017 1021 4072 huic
1039 4017 1177 4072 aGelasio
1195 4035 1251 4072 uon
1269 4021 1379 4074 tanturn
1397 4021 1511 4077 veniam
1530 4041 1591 4078 curn

322 4101 514 4157 communione
531 4102 668 4158 indultam
686 4103 733 4157 sed
753 4105 781 4157 et
798 4103 931 4158 honorem
950 4102 1090 4157 redditum
1107 4121 1174 4163 esse.

389 4190 409 4255 ⁶)
428 4187 459 4241 ln
477 4187 727 4258 subscriptionibus
744 4189 789 4242 hic
807 4188 920 4242 additur
939 4192 1028 4242 Clarus
1047 4194 1178 4256 Allifanus
1201 4191 1230 4243 et
1247 4207 1310 4245 mox
1327 4195 1421 4244 Vitatis
1441 4196 1590 4248 Fundanos.

320 4271 408 4326 Porro
427 4289 498 4341 quae
516 4276 686 4328 memoratur
704 4278 824 4327 „iterantur
842 4272 884 4340 (13¹
904 4277 1025 4335 illinania,
1044 4273 1091 4328 alii
1110 4278 1237 4342 llicania)
1255 4277 1299 4329 est
1317 4274 1382 4329 urbs
1400 4275 1537 4333 Umbriae
1555 4277 1590 4333 sd

323 4356 491 4412 Clitumnum
509 4357 563 4412 situ
581 4358 610 4412 et
627 4357 766 4428 Propertii
783 4358 918 4412 natalitiis
937 4359 1020 4414 clara.

388 4445 409 4510 ⁷)
427 4442 459 4495 B¹
479 4443 524 4498 hic
545 4449 706 4505 Vericulano,
724 4444 796 4497 infru
811 4449 981 4505 (utriculanae,
1000 4443 1047 4498 alii
1060 4448 1213 4499 Ocriculano.
1245 4449 1381 4500 Utriculum
1400 4449 1529 4517 (Otricoli)
1548 4451 1590 4504 est

322 4526 388 4580 urbs
405 4527 545 4582 Umbriae.
581 4527 646 4581 Mox
663 4527 695 4580 Β1
718 4533 882 4583 Pinsuurcusi
900 4529 928 4583 et
945 4528 1018 4582 inira
1036 4535 1213 4598 Apisaurensi.

389 4614 410 4680 ⁸)
428 4612 472 4666 lta
489 4613 521 4666 Β1
535 4613 561 4665 Η
573 4612 611 4666 h'.
648 4617 763 4667 Martiae
781 4613 802 4666 F
804 4617 816 4650 ⁶
829 4613 851 4666 O
864 4617 909 4668 0¹⁰.

388 4699 410 4765 ⁰)
428 4697 460 4751 In
477 4696 727 4767 subscriptionibus
744 4696 789 4752 hic
802 4697 913 4752 additur
927 4704 1080 4754 Laurentius
1096 4705 1230 4755 Trebenu'r
1241 4719 1289 4756 seu
1306 4706 1451 4757 Tretieurir
1464 4704 1508 4771 (13¹
1525 4709 1587 4760 tue·

321 4783 421 4849 beatis).
456 4782 575 4852 Moxque
593 4782 626 4836 Βι
649 4788 744 4837 Vitalio
763 4788 885 4847 Arneuti,
913 4783 1098 4840 introeutem
1114 4789 1257 4841 Vitalianus
1276 4792 1425 4856 Arniensis,
1453 4789 1503 4845 alii
1520 4794 1586 4844 Sar·

322 4871 425 4921 niensis.
