3412 5664
723 333 916 384 uersantes
942 326 1044 382 1---3.
1457 318 1520 384 655

249 488 411 554 columem
434 488 610 570 custodiat,
634 488 736 552 frater
759 488 937 552 carissime!
984 487 1068 551 Data
1091 486 1183 572 sub⁵)
1207 487 1258 551 die
1279 486 1343 552 XII
1365 486 1521 552 Calendas
1534 511 1627 558 anas.

247 590 466 674 Novembris,
490 594 564 676 post
586 590 786 654 consulatum
808 589 934 653 Paulini
957 589 1018 653 viri
1042 589 1218 654 clarissimi.

767 810 949 914 Epistola
975 811 1009 893 3.

332 964 536 1048 Symmachi
559 980 671 1049 papae
693 962 737 1028 ad
760 962 935 1029 neonium
957 960 1206 1029 Arelatensem
1228 963 1443 1047 episcopum.
1536 995 1622 1041 &500
1635 988 1660 1042 a,

171 1106 236 1158 :8s
285 1107 414 1158 &scissis
431 1108 470 1165 iis,
490 1122 555 1172 quae
574 1105 729 1155 Anastasius
745 1120 816 1169 papa
834 1106 859 1153 in
874 1104 1013 1154 Viennensi
1028 1105 1201 1154 corrtronersin
1219 1105 1362 1164 innodarat,
1383 1105 1488 1170 antiqua
1540 1055 1658 1127 &sepi
1704 1090 1706 1101 ⁴

578 1192 823 1254 sedisapostolicae
842 1191 946 1240 decreta
965 1189 1098 1240 adseruari
1112 1188 1193 1252 jubet.

404 1322 682 1387 Dilectissimo
704 1321 826 1386 fratri
850 1322 1003 1386 Aeonio
1027 1321 1295 1406 Symmachus

336 1442 528 1509 Dilectionis
555 1445 629 1505 tuae
652 1442 776 1505 litteras
798 1442 1014 1525 mandataque
1041 1442 1108 1506 filio
1136 1445 1247 1505 nostro
1276 1441 1485 1505 Crescentino
1497 1440 1520 1526 ¹)

252 1544 447 1632 presbytero
473 1544 675 1609 internuntio
705 1543 869 1608 deferente
897 1544 1108 1628 suscepimus,
1137 1543 1252 1627 quibus
1282 1545 1409 1606 constat
1435 1543 1521 1606 inter

246 1646 478 1713 Arelatensem
493 1649 525 1710 et
539 1645 758 1710 Viennensem
781 1646 947 1710 ecelesiam
962 1646 1089 1730 aliquod
1101 1646 1140 1709 de
1155 1645 1340 1709 ordinandis
1363 1644 1521 1729 episcopis

246 1751 287 1815 in
307 1750 426 1815 ricinis
449 1748 632 1814 civitatibus
655 1747 731 1811 oriri
754 1747 932 1812 luctamen:
956 1746 1012 1811 illa
1034 1770 1068 1811 re
1090 1748 1236 1811 videlicet
1257 1747 1413 1829 faciente,
1438 1745 1522 1830 quod

246 1852 400 1919 decessor
410 1853 521 1917 noster
533 1854 664 1914 sanetae
679 1848 910 1914 recordationis
921 1851 1127 1931 Anastasius,
1140 1851 1285 1912 tractans
1302 1847 1521 1912 confusionem

244 1952 448 2040 provinciae,
472 1952 579 2037 aliqua
602 1954 714 2015 contra
736 1951 909 2032 veterem2)
927 1951 1188 2016 consuetudinem
1199 1950 1333 2033 jusserit
1348 1950 1520 2034 observari,

245 2056 455 2121 decessorum
477 2075 606 2118 suormn
628 2053 779 2117 videlicet
800 2053 1052 2136 ordinationem,
1077 2053 1161 2138 quod
1183 2075 1249 2116 non
1272 2052 1441 2137 oportebat
1462 2054 1521 2117 sub

244 2158 396 2245 qualibet
416 2155 624 2235 necessitate,
653 2156 905 2240 transgrediens.
950 2154 1040 2219 Nam
1063 2155 1138 2219 dnm
1161 2155 1201 2218 ad
1212 2154 1382 2220 Trinitatis
1405 2157 1548 2238 instans

243 2260 344 2345 eujus
370 2280 439 2323 una
467 2261 517 2323 est
538 2260 634 2341 atque
661 2256 826 2321 individua
848 2259 1006 2342 potestas,
1036 2280 1135 2321 unum
1157 2257 1200 2321 sit
1220 2278 1279 2340 per
1301 2257 1441 2347 diversos
1465 2281 1520 2322 an-

242 2362 372 2429 tistites
399 2359 629 2442 sacerdotium,
659 2359 924 2442 quemadmodum
951 2360 1094 2443 priorum
1121 2363 1243 2423 statuta
1272 2359 1520 2443 assequentibus

169 2520 172 2533 ,
241 2464 405 2533 convenit
427 2461 563 2526 violari?
607 2460 679 2524 Huc
696 2461 829 2544 accedit,
853 2461 964 2545 quod³)
987 2461 1068 2525 haec
1090 2461 1116 2524 si
1139 2461 1267 2525 eveniat
1289 2461 1520 2526 sententiarum

169 2550 173 2557 Ι
239 2566 408 2649 varietas,
443 2563 483 2628 ad
511 2563 614 2649 ipsam
643 2566 881 2627 sacrosanctam
909 2562 1101 2627 catholicum
1136 2562 1326 2648 religionem
1363 2563 1520 2628 credimus

236 2669 433 2757 pertinere:
456 2665 548 2749 cujus
570 2664 674 2730 omnis
697 2667 840 2748 potestas
862 2665 1070 2750 infringitur,
1094 2665 1157 2729 nisi
1179 2666 1338 2747 universa,
1363 2667 1478 2751 quael)
1502 2688 1521 2729 a

232 2768 382 2839 Domini
405 2765 625 2833 sacerdotibus
647 2767 745 2831 semel
768 2770 970 2850 statumrtur,
993 2775 1146 2853 perpetuu
1169 2767 1243 2830 sint.
1289 2766 1379 2842 Quod
1388 2768 1415 2854 ³)
1439 2767 1519 2830 alias

232 2872 444 2959 contingere
466 2869 599 2963 poterit,
629 2868 656 2933 si
679 2890 841 2933 successor
864 2869 1038 2934 decessoris
1060 2869 1184 2933 actibus
1205 2891 1271 2933 non
1298 2869 1448 2933 tribuerit
1468 2870 1520 2933 fir-

226 2976 409 3057 mitatem,
434 2974 467 3036 et
487 2970 665 3035 roborando
680 2994 760 3055 quae
775 2975 868 3055 gesta
883 2975 969 3055 sunt,
993 2971 1093 3035 faciat
1107 2977 1180 3035 rata
1195 2994 1263 3036 esse
1278 2994 1359 3056 quae
1371 2971 1517 3057 gesserit.

225 3078 381 3157 Quama
404 3074 491 3140 enim
512 3073 639 3139 vicariis
661 3071 837 3138 beatissimi
858 3073 946 3138 Petri
969 3073 1105 3158 apostoli
1123 3074 1322 3157 judicabitur
1343 3096 1411 3139 esse
1432 3096 1519 3140 reve·

304 3384 337 3453 ⁸)
355 3382 406 3437 lea
419 3379 453 3434 Ῑι1
467 3381 496 3434 a'
508 3381 553 3435 0¹¹.
588 3380 621 3435 11³
634 3384 661 3434 οἵ)
678 3384 722 3433 rud
741 3386 781 3435 die
800 3384 858 3444 III,
877 3381 909 3434 L²
926 3385 971 3435 snb
989 3386 1030 3435 die
1052 3385 1101 3434 VI.

306 3472 334 3537 ¹)
352 3465 375 3520 b
396 3469 542 3520 crescentio
614 3470 735 3519 innunrio.
763 3464 867 3519 'Etiam
885 3466 916 3519 L¹
931 3466 963 3519 L³
986 3471 1011 3519 in
1035 3473 1134 3534 nraenrr'o,
1162 3465 1233 3520 sicut
1250 3481 1314 3520 mcx
1331 3466 1364 3521 L¹
1382 3474 1407 3521 in
1425 3444 1519 3523 dreia·

213 3571 349 3616 leuen.

302 3640 334 3707 ²)
352 3635 389 3691 L¹
402 3634 436 3689 L*
453 3645 570 3696 uernum,
589 3651 708 3703 moxque
725 3636 758 3689 L¹
777 3657 850 3705 quum
868 3656 917 3690 nen
935 3640 1079 3706 operietur.
1114 3638 1146 3691 ln
1164 3654 1199 3691 ea
1215 3636 1278 3707 ipsa
1294 3636 1459 3695 Viennensis
1476 3655 1519 3695 ec·

211 3725 348 3787 deniae
368 3736 456 3775 eam
468 3718 530 3788 jam
546 3718 600 3773 sibi
618 3720 767 3789 obreptum
779 3720 890 3775 Hilarus
902 3740 977 3792 papa
995 3723 1073 3792 epist.
1086 3728 1117 3775 12
1136 3721 1296 3787 declaravit,
1313 3737 1432 3791 moxque
1445 3723 1520 3792 quod

208 3804 280 3891 p'er
303 3802 530 3875 subreptionem
547 3822 565 3858 a
581 3821 611 3858 se
629 3805 809 3874 impetratum
826 3807 926 3873 fuerat,
948 3806 1056 3862 irritum
1081 3823 1140 3862 esse
1158 3806 1258 3860 voluit:
1282 3820 1308 3861 nr
1326 3813 1397 3871 ninii,
1420 3807 1521 3877 inquit,

209 3902 384 3955 ,aarum
401 3894 560 3943 remundus
577 3910 695 3956 canones,
716 3895 777 3943 nini!
793 3903 883 3945 contra
901 3904 1006 3946 sanetae
1023 3899 1156 3946 maineriae
1174 3899 1317 3947 decesseris
1334 3899 1382 3947 mei
1392 3899 1520 3961 jrnrr‘cnan

209 3988 336 4041 fleat,
356 3978 485 4047 quidquid
502 3977 574 4029 nodis
591 3978 721 4043 obreptum
739 3994 794 4029 esse
812 3982 966 4033 eonstirerit.
1001 3981 1120 4031 Nolumus
1138 3998 1250 4047 ncrnqne,
1267 3983 1367 4044 fratres
1385 3985 1518 4047 carrissimi,

210 4050 414 4127 coelem
429 4063 572 4127 prioiiepr'n,
590 4080 654 4128 qeins
672 4080 772 4128 senrper
788 4073 847 4114 snm
863 4067 998 4123 seruanda,
1016 4066 1147 4127 conferarii.
1174 4062 1253 4126 Quod
1271 4061 1357 4132 igitur
1375 4064 1434 4118 tum
1452 4064 1520 4119 feeit

209 4150 375 4211 mnus,
407 4141 517 4199 fecisset
539 4145 638 4214 postea
659 4143 735 4199 haud
753 4144 836 4200 dubie
854 4146 1017 4200 Anastasius
1035 4146 1194 4200 instructior
1218 4148 1318 4213 laetus,
1349 4148 1402 4202 nisi
1428 4151 1518 4203 morte

209 4228 421 4313 praeventus
438 4226 543 4282 luisset
578 4228 630 4282 Hic
647 4232 741 4283 autem
760 4230 969 4285 commendatur
987 4248 1071 4299 quum
1088 4234 1232 4302 postrema
1248 4232 1297 4287 illa
1313 4232 1401 4287 Hilari
1419 4234 1519 4288 consti·

209 4320 321 4385 ufic,
342 4316 411 4369 tam
429 4329 501 4381 quae
517 4317 709 4384 praecesserat
726 4314 876 4369 decessoris
894 4316 954 4385 ejus
971 4316 1077 4370 Leonis.

303 4404 334 4471 ί)
353 4402 385 4455 e³
397 4400 424 4452 θ’
435 4413 493 4467 seq.
507 4405 576 4469 qnod
592 4420 623 4453 ne
641 4405 683 4465 sit,
702 4399 777 4452 nullo
790 4417 839 4453 ms.
854 4400 1033 4470 suffragante.
1064 4401 1097 4453 11³
1105 4400 1139 4455 11⁴
1150 4402 1168 4456 b
1181 4410 1250 4473 qrrud
1266 4408 1329 4458 duee
1345 4410 1386 4465 sir,
1405 4404 1439 4457 L²
1451 4411 1519 4474 qnod

213 4498 299 4549 me
319 4491 350 4541 η·
366 4488 462 4539 verear.
496 4482 528 4537 15¹
547 4485 577 4537 et
593 4483 764 4553 antiquiores
782 4490 851 4554 qnod
866 4490 929 4539 liare
946 4492 970 4539 si
987 4493 1094 4541 eueniat.
1121 4486 1209 4541 Notat
1226 4487 1352 4543 similiter
1365 4488 1517 4559 Gregorius

213 4576 280 4637 lib.
294 4569 347 4627 III
365 4566 428 4623 lnd.
441 4564 480 4621 XI
497 4567 577 4637 epist.
594 4574 636 4633 18,
661 4570 735 4637 quod
753 4581 777 4623 et
795 4577 960 4624 uerecundum
981 4581 1014 4625 sit
1036 4594 1052 4625 α
1070 4578 1245 4627 decessoribus
1267 4580 1329 4629 bene
1345 4584 1419 4643 qesta
1436 4581 1516 4628 resol-

216 4680 311 4721 κη,
345 4666 373 4709 et
392 4658 525 4707 uerendum
542 4662 577 4707 sis
595 4656 638 4721 (eo
656 4658 716 4723 usn)
739 4661 832 4709 doecre
850 4667 950 4710 reterns
971 4663 997 4710 in
1019 4676 1065 4711 sno
1087 4664 1237 4730 quandoque
1260 4666 1435 4713 resolutoriam
1454 4680 1516 4729 pro·

218 4752 313 4817 serre
334 4742 461 4807 &pirna
476 4744 633 4792 sententiam.

305 4828 334 4893 ⁴)
353 4822 390 4878 10¹
409 4843 475 4893 quas
491 4828 529 4877 ad
544 4828 631 4878 torum
648 4829 831 4886 sacerdotibus,
849 4825 953 4896 inepte.

169 4928 173 4957 r
308 4916 335 4983 ⁵)
354 4908 391 4964 L*
409 4911 482 4974 Quod
498 4914 563 4973 aliis,
583 4914 610 4965 Γ
625 4913 697 4975 Quod
713 4917 758 4966 ito.
