3450 5678
236 102 299 169 396
714 120 741 166 a.
759 115 1036 165 osnssurnesn

192 289 222 337 15.
237 297 296 360 pro
318 274 380 338 fide
403 272 562 339 catholica
584 273 779 356 desudasset,
803 275 949 357 oportere
970 272 1145 356 respicere:
1168 273 1355 337 contestans
1368 276 1404 338 et
1418 272 1517 339 blan·

237 377 352 442 diendo
374 377 496 461 pariter
518 380 552 439 ct
572 377 735 460 minando,
764 400 805 440 ne
832 398 866 441 se
889 398 908 439 a
930 395 1062 468 corpore
1090 373 1267 439 catholicae
1295 373 1434 441 unitatis
1456 375 1518 441 ab·

236 481 412 564 scinderct3
435 478 589 563 simulque
612 480 763 564 quoniam
785 479 871 544 hunc
893 477 1059 543 lohannes
1082 476 1241 543 secundae
1261 476 1347 543 sedis
1369 478 1517 545 antistes

235 582 388 668 gravibus
410 582 554 666 pulsaret
575 582 720 667 objectis,
745 583 784 646 ad
807 581 930 666 primae
952 579 1036 645 sedis
1059 579 1255 645 audientium
1272 578 1517 669 cohortatum)

236 688 285 751 est
307 684 357 749 vel
380 685 489 749 venire
512 684 627 749 debere
652 686 698 748 vel
714 686 853 749 mittere.
887 683 979 749 Licet
1000 683 1087 748 enim
1108 682 1248 768 synodus
1270 683 1422 751 iteranda
1443 706 1517 751 non

235 790 335 872 esset,
370 789 481 851 tamen
509 791 715 872 congrueret,
756 791 792 852 ut
821 787 991 871 cujuslibet
1019 785 1159 851 civitatis
1186 787 1354 872 episeopus
1381 786 1516 873 primae

234 890 318 955 sedis
343 889 500 974 judicium
527 911 593 955 uon
621 890 802 975 vitaret²‘’),
842 891 882 954 ad
909 888 992 975 quod
1021 892 1215 955 convenerat
1241 890 1403 959 secundae
1425 890 1516 959 sedis

236 993 382 1076 antistes,
406 993 460 1077 qui
482 992 545 1057 uisi
569 1016 588 1058 a
609 994 714 1077 prima
736 993 809 1058 sede
832 1015 897 1058 uon
919 995 1028 1077 posset
1048 992 1161 1057 audiri.
1210 992 1439 1079 haecipuev)
1454 996 1514 1080 qui

233 1095 462 1182 praejudicatis
485 1096 601 1159 animis
623 1096 712 1161 nullu
734 1097 854 1182 synodo
878 1119 896 1159 a
920 1095 1051 1160 Graecis
1078 1096 1193 1160 fuisset
1214 1096 1376 1181 exclusus,
1410 1095 1514 1165 etiam

234 1199 319 1284 apud
342 1220 396 1263 eos
419 1219 547 1263 causam
569 1196 658 1262 suani
681 1222 739 1264 nee
762 1204 871 1284 posset
892 1199 1023 1264 omnino
1042 1198 1148 1264 dicere
1171 1220 1230 1263 nee
1252 1198 1396 1266 deberet.
1426 1198 1515 1277 Quia

234 1323 294 1366 nec
317 1302 358 1366 ab
376 1300 584 1366 'inferioribus
606 1303 764 1388 episcopis
786 1303 901 1387 potior,
925 1303 987 1367 nisi
1011 1324 1030 1365 a
1051 1303 1156 1387 prima
1176 1302 1262 1386 sede,
1285 1303 1371 1368 sicut
1386 1301 1515 1370 dictum

234 1407 293 1487 est,
323 1405 373 1469 vel
396 1403 512 1468 discuti
534 1405 691 1488 potuisset
719 1406 778 1489 vel,
803 1406 828 1469 si
852 1407 899 1469 ita
921 1405 1004 1469 ratio
1026 1404 1230 1489 postulasset,
1254 1404 1375 1490 addici3
1410 1404 1513 1473 etiam

235 1507 360 1571 cunctis
383 1506 602 1572 Orientalibus
630 1509 787 1592 episeopis
811 1530 881 1572 cum
905 1508 974 1591 ipso
997 1507 1117 1574 Acacio
1143 1509 1178 1573 in
1199 1507 1289 1574 Petri
1311 1509 1514 1575 communio·

236 1631 310 1673 nem
332 1608 559 1692 recidentibus,
590 1611 793 1697 secundare)
817 1611 900 1675 sedis
923 1610 1090 1695 episcopus
1106 1609 1281 1675 catholicus
1296 1610 1338 1674 ab
1353 1613 1514 1679 externae

235 1712 465 1777 communionis
493 1712 676 1777 hominibus
703 1718 788 1777 esset
813 1713 997 1778 nullatenus
1021 1713 1225 1796 judicandus.
1280 1712 1343 1779 Sed
1364 1712 1512 1779 Aeacius

234 1837 299 1879 non
321 1813 424 1878 solum
445 1815 591 1899 despexit
613 1816 798 1880 satisfacere
821 1807 1006 1900 postulatis,
1036 1837 1144 1881 verum
1173 1815 1270 1880 etiam
1291 1816 1398 1901 ipsam
1419 1815 1512 1903 lega·

231 1919 354 1983 tionem
383 1917 467 1983 sedis
495 1919 689 2009 apostolicae
717 1918 962 2003 blandimentis,
997 1919 1147 2003 praemiis
1174 1918 1389 2005 perjuriisque
1416 1919 1512 1987 dece·

232 2024 333 2107 ptam,
357 2021 472 2106 quibus
495 2021 523 2085 ei
548 2043 619 2085 cum
640 2023 832 2106 imperatore
854 2023 1010 2106 promisit,
1035 2022 1196 2107 integram
1218 2020 1409 2107 praesuliw)
1430 2044 1512 2109 spo-

233 2123 346 2189 stolico
369 2145 497 2189 causam
519 2124 557 2188 de
580 2125 726 2189 omnibus
750 2147 818 2189 esse
839 2125 1045 2208 servandam,
1074 2123 1162 2188 Petri
1191 2124 1418 2191 communione
1439 2124 1512 2211 pol·

233 2228 332 2291 lutam
361 2227 464 2291 redire
492 2228 641 2312 perfecit:
677 2229 859 2292 intantum
883 2229 966 2292 sedis
994 2227 1187 2312 apostolicae
1214 2226 1396 2312 despiciens
1412 2230 1511 2313 potc-

232 2331 360 2413 statem,
376 2326 421 2393 'ut
441 2351 507 2394 non
529 2331 631 2395 solum
654 2332 721 2415 ejus
745 2331 926 2395 auctmitati
950 2353 1016 2395 uon
1039 2328 1175 2413 cederet,
1200 2329 1377 2413 sedetiam
1397 2330 1510 2415 potius

232 2434 267 2498 in
290 2433 485 2498 consortium
508 2434 741 2498 communionis
764 2437 915 2498 externae
943 2454 1001 2518 per
1028 2433 1152 2517 legatos
1174 2454 1247 2497 suos
1269 2432 1431 2499 niteretur
1453 2432 1510 2499 ab·

233 2536 357 2621 ducere,
381 2536 534 2622 fieretque
549 2537 744 2625 apostolieae
760 2537 826 2601 sedi
843 2536 1016 2603 necessitas
1039 2558 1092 2601 eos
1113 2536 1211 2622 ipsos,
1234 2556 1314 2621 quos
1331 2534 1507 2623 direxerat,

366 2793 381 2817 0

300 2834 332 2900 ²⁵)
351 2831 411 2884 Hoc
422 2830 539 2885 verbum
556 2831 664 2901 passive
678 2832 814 2901 accipitur
830 2831 959 2898 idemque
973 2831 1054 2884 sonat
1066 2846 1100 2884 ac
1115 2835 1209 2884 citutm
1225 2841 1277 2897 cst,
1295 2828 1346 2885 sed
1358 2830 1406 2885 cst
1415 2828 1507 2883 mium

231 2916 405 2972 invidiosum.
442 2915 549 2985 Nempe
573 2933 658 2983 quum
680 2917 821 2981 lohannes
843 2916 1028 2971 Alexandriae
1051 2914 1179 2985 expulsus
1201 2912 1387 2984 apostolicam
1409 2912 1505 2969 Mem

232 3002 410 3073 appellasset,
430 3001 494 3055 inde
512 3001 540 3054 in
558 3002 656 3055 urbem
675 3001 845 3055 contendens
861 3001 987 3055 libellum
999 3000 1084 3055 Felici
1096 2999 1230 3054 adversus
1241 2998 1377 3055 Acacium
1389 2998 1506 3055 obtulis-

232 3090 281 3153 sct,
299 3087 323 3142 is
340 3087 439 3142 Felicis
458 3086 578 3156 epistola
596 3094 611 3140 3
628 3087 747 3141 ltomum
766 3087 801 3141 ad
820 3086 966 3140 dicendam
985 3102 1097 3140 carnum
1115 3087 1158 3140 est
1174 3088 1297 3141 vocatus.

299 3175 331 3237 ²⁶)
351 3172 514 3227 Generalior
532 3172 583 3235 cst,
602 3189 673 3240 quae
690 3172 719 3225 in
738 3171 803 3226 edit.
817 3173 888 3226 Rom
917 3170 1091 3229 adscribitur.
1109 3171 1192 3240 haim
1210 3170 1264 3227 loci
1281 3186 1406 3227 summa:
1424 3176 1505 3227 aab

231 3263 368 3326 episcopas
384 3254 482 3325 primae
500 3263 569 3312 aedis
581 3263 706 3323 judiciam
726 3264 806 3312 oitrrre
823 3269 916 3326 potest.
948 3257 1074 3312 Gelasius
1087 3255 1160 3311 enim
1178 3256 1213 3311 iis
1226 3256 1413 3327 respondens,
1431 3274 1504 3327 quae

233 3341 389 3396 Orientalcs
411 3360 493 3412 supra
511 3343 541 3396 in
559 3343 612 3397 fine
630 3342 737 3397 numeri
758 3350 768 3397 l
789 3343 995 3409 obtendebant,
1018 3342 1123 3398 scilicet
1140 3348 1195 3397 ctae
1212 3348 1322 3412 spectad
1336 3347 1440 3413 mnodo
1455 3346 1505 3397 dc·

232 3432 315 3480 itineri
332 3448 379 3481 reon
399 3432 514 3482 deteriore
531 3435 672 3498 praecipue
688 3435 831 3497 pontificem
844 3435 931 3497 replere
943 3433 1065 3495 civitatis,
1084 3427 1136 3482 alb:
1155 3446 1310 3498 coemere,
1328 3439 1357 3482 art
1368 3430 1505 3495 cujum

232 3516 342 3566 eiotarrr's
359 3519 494 3583 episeopus
514 3523 613 3583 panae
630 3520 700 3569 seua
715 3520 841 3581 jrulier'nm
860 3535 909 3570 raon
926 3520 1032 3579 vitaret,
1053 3530 1110 3568 uon
1128 3512 1304 3585 simpliciter,
1326 3512 1378 3569 sed
1396 3512 1446 3567 ubi
1462 3532 1504 3568 ce-

231 3603 329 3652 caudae
346 3605 414 3654 sedis
432 3605 538 3654 antistes
556 3607 651 3667 injuste
669 3606 791 3670 expectens
809 3604 838 3655 et·
855 3599 974 3670 primum
993 3599 1139 3670 appellans
1156 3598 1192 3653 ad
1209 3597 1269 3668 ejus
1283 3596 1424 3669 judicium
1442 3598 1503 3669 jum

231 3690 397 3739 convenisset.
418 3716 447 3725 -
467 3686 554 3740 Porro
573 3686 606 3739 G·
621 3684 653 3750 Q'
673 3692 716 3756 qni
733 3692 757 3739 iu
776 3692 825 3741 istu
841 3692 926 3755 primu
942 3691 1013 3740 aede.

299 3772 331 3837 ²⁷)
350 3776 375 3823 c⁹
393 3770 429 3824 ud
447 3788 535 3839 marg.
552 3777 624 3839 sorte
642 3792 712 3837 „cam
728 3776 897 3840 praecipue&
926 3770 1033 3826 Deinde
1051 3770 1120 3827 editi
1138 3776 1198 3841 pato
1215 3774 1247 3826 ab
1264 3774 1442 3837 inferioribus.
1461 3786 1503 3827 re·

231 3856 375 3926 pugnentc
393 3874 473 3910 sensu
493 3858 520 3909 et
538 3856 572 3909 G¹
587 3856 618 3920 Q¹
820 3903 826 3911 .

298 3944 330 4005 2‘)
350 3942 391 3993 lta
404 3940 437 3994 G·
452 3942 484 4004 Q*
499 3939 541 4005 Qt.
573 3941 646 3994 uuiti
659 3962 711 3995 carm
723 3948 859 3998 seruatae.
889 3942 998 4013 Duplex
1009 3941 1055 3997 hic
1067 3942 1226 4012 suggeritur
1238 3941 1320 4007 ratio,
1338 3960 1389 3998 cnr
1399 3942 1507 3999 dohan-

231 4026 273 4079 nis
292 4042 374 4079 eausa
391 4027 513 4093 1n=queut
524 4042 541 4078 a
553 4026 666 4079 (laucis
684 4027 808 4097 legitime
826 4028 967 4097 reignesci,
986 4028 1077 4098 prima
1095 4028 1207 4096 quidem
1225 4044 1244 4082 a
1260 4027 1401 4099 dignitate
1419 4028 1507 4091 sedis.

231 4111 321 4165 altera
339 4128 404 4164 uero
423 4128 440 4164 a
457 4110 616 4165 differentia
633 4113 831 4169 communionis
845 4113 978 4183 repetita.
1012 4114 1110 4183 Neque
1128 4130 1194 4168 vero
1213 4112 1350 4183 aequitati
1368 4114 1400 4169 et
1416 4114 1508 4171 eccle·

231 4196 358 4250 sisasticae
376 4195 538 4265 ‹liseiplinae
557 4200 772 4253 consentaneum
785 4201 857 4265 erut,
875 4200 1031 4255 lohanuem
1048 4199 1229 4265 catholicum,
1247 4198 1377 4269 quicum
1388 4197 1507 4257 cache

231 4281 360 4335 donensis
378 4281 486 4335 concilii
503 4285 758 4351 propugnatoribus
777 4285 1012 4353 communicabat,
1031 4286 1067 4340 ab
1085 4284 1232 4340 haereticis
1249 4284 1300 4340 aut
1311 4286 1388 4341 certe
1404 4284 1507 4343 heere·

229 4366 361 4429 ficorum,
380 4367 426 4434 qui
445 4383 509 4421 mox
527 4367 632 4422 dictum
650 4368 797 4427 concilium
815 4370 1031 4441 impugmcbant,
1050 4370 1223 4426 consortibus
1237 4368 1369 4440 judicari.

298 4455 330 4520 ²⁰)
351 4453 393 4505 un
410 4452 442 4517 Q*
457 4452 503 4519 (ξ’,
522 4453 622 4521 quibus
641 4455 760 4511 concinit
779 4456 813 4511 G'
832 4464 947 4525 procudi
963 4457 1032 4526 opti,
1052 4457 1120 4513 editi
1137 4462 1264 4525 praecutit
1284 4462 1424 4525 apostatet
1441 4478 1507 4513 m·

230 4557 291 4590 rm.
326 4537 368 4591 lle
386 4537 412 4591 vi
432 4537 531 4607 legatis
553 4538 633 4593 illata
651 4558 705 4595 non
723 4542 858 4597 siluerunt
875 4542 1053 4599 ecclesiastici
1071 4542 1232 4612 scriptores,
1254 4544 1286 4595 ut
1303 4540 1341 4596 ad
1359 4540 1464 4598 Felicis
1480 4544 1508 4600 ll

231 4621 377 4689 inpietatem
396 4629 412 4675 o
430 4623 645 4679 observavimus.
676 4625 756 4681 Solus
769 4628 896 4683 Gelasius
914 4629 967 4683 hoc
979 4627 1073 4683 Aeacii
1091 4630 1120 4683 et
1137 4627 1315 4698 imperatoris
1332 4628 1509 4699 promissum

232 4707 381 4763 rncnroriae
403 4709 614 4765 commendarit.
