<?xml version="1.0" encoding="UTF-8"?>
<!DOCTYPE html PUBLIC "-//W3C//DTD XHTML 1.0 Transitional//EN"
    "http://www.w3.org/TR/xhtml1/DTD/xhtml1-transitional.dtd">
<html xmlns="http://www.w3.org/1999/xhtml" xml:lang="en" lang="en">
 <head>
  <title>
</title>
<meta http-equiv="Content-Type" content="text/html;charset=utf-8" />
  <meta name='ocr-system' content='tesseract 3.04.00' />
  <meta name='ocr-capabilities' content='ocr_page ocr_carea ocr_par ocr_line ocrx_word'/>
</head>
<body>
  <div class='ocr_page' id='page_1' title='image "./epistolaeromano00cousgoog/epistolaeromano00cousgoog_0340.png"; bbox 0 0 3412 5664; ppageno 0'>
   <div class='ocr_carea' id='block_1_1' title="bbox 322 306 1120 372">
    <p class='ocr_par' dir='ltr' id='par_1_1' title="bbox 322 306 1120 372">
     <span class='ocr_line' id='line_1_1' title="bbox 322 306 1120 372; baseline -0.008 0"><span class='ocrx_word' id='word_1_1' title='bbox 322 306 387 372; x_wconf 77' lang='lat'>294</span> <span class='ocrx_word' id='word_1_2' title='bbox 796 321 823 369; x_wconf 86' lang='lat' dir='ltr'>s.</span> <span class='ocrx_word' id='word_1_3' title='bbox 841 320 983 369; x_wconf 73' lang='lat' dir='ltr'>annisu</span> <span class='ocrx_word' id='word_1_4' title='bbox 1006 319 1120 367; x_wconf 78' lang='lat' dir='ltr'>sanan</span> 
     </span>
    </p>
   </div>
   <div class='ocr_carea' id='block_1_2' title="bbox 203 475 1536 3839">
    <p class='ocr_par' dir='ltr' id='par_1_2' title="bbox 203 475 1536 3839">
     <span class='ocr_line' id='line_1_2' title="bbox 207 475 1536 562; baseline -0.002 -20"><span class='ocrx_word' id='word_1_5' title='bbox 207 485 303 551; x_wconf 70' lang='grc'><strong>(11488</strong></span> <span class='ocrx_word' id='word_1_6' title='bbox 406 479 456 542; x_wconf 79' lang='grc'><strong>12.</strong></span> <span class='ocrx_word' id='word_1_7' title='bbox 481 478 589 562; x_wconf 62' lang='lat' dir='ltr'>Sedffl)</span> <span class='ocrx_word' id='word_1_8' title='bbox 617 482 806 553; x_wconf 79' lang='lat' dir='ltr'>necessitate,</span> <span class='ocrx_word' id='word_1_9' title='bbox 837 475 953 559; x_wconf 87' lang='lat' dir='ltr'>inquit,</span> <span class='ocrx_word' id='word_1_10' title='bbox 977 480 1132 555; x_wconf 79' lang='lat' dir='ltr'>imperiali</span> <span class='ocrx_word' id='word_1_11' title='bbox 1151 480 1383 541; x_wconf 79' lang='lat' dir='ltr'><em>communicavit</em></span> <span class='ocrx_word' id='word_1_12' title='bbox 1403 480 1536 541; x_wconf 71' lang='lat' dir='ltr'>Petrae</span> 
     </span>
     <span class='ocr_line' id='line_1_3' title="bbox 203 551 1536 663; baseline -0.003 -16"><span class='ocrx_word' id='word_1_13' title='bbox 203 551 307 615; x_wconf 80' lang='lat' dir='ltr'>--48a)</span> <span class='ocrx_word' id='word_1_14' title='bbox 320 588 394 647; x_wconf 79' lang='lat' dir='ltr'>eires.</span> <span class='ocrx_word' id='word_1_15' title='bbox 429 579 499 644; x_wconf 88' lang='lat' dir='ltr'>Hoc</span> <span class='ocrx_word' id='word_1_16' title='bbox 522 580 626 663; x_wconf 77' lang='lat' dir='ltr'>ipsrun</span> <span class='ocrx_word' id='word_1_17' title='bbox 649 577 777 660; x_wconf 87' lang='lat' dir='ltr'>suffieit,</span> <span class='ocrx_word' id='word_1_18' title='bbox 802 577 876 661; x_wconf 87' lang='lat' dir='ltr'>quia</span> <span class='ocrx_word' id='word_1_19' title='bbox 899 578 982 661; x_wconf 90' lang='lat' dir='ltr'>quod</span> <span class='ocrx_word' id='word_1_20' title='bbox 1004 577 1197 645; x_wconf 88' lang='lat' dir='ltr'>necessitate</span> <span class='ocrx_word' id='word_1_21' title='bbox 1219 576 1339 642; x_wconf 90' lang='lat' dir='ltr'>dieitur</span> <span class='ocrx_word' id='word_1_22' title='bbox 1360 580 1536 662; x_wconf 75' lang='lat' dir='ltr'>perpetrati</span> 
     </span>
     <span class='ocr_line' id='line_1_4' title="bbox 320 678 1536 768; baseline -0.004 -21"><span class='ocrx_word' id='word_1_23' title='bbox 320 706 454 768; x_wconf 89' lang='lat' dir='ltr'>pravum</span> <span class='ocrx_word' id='word_1_24' title='bbox 476 704 544 746; x_wconf 89' lang='lat' dir='ltr'>osse</span> <span class='ocrx_word' id='word_1_25' title='bbox 567 683 779 745; x_wconf 88' lang='lat' dir='ltr'>monstratum</span> <span class='ocrx_word' id='word_1_26' title='bbox 801 683 860 743; x_wconf 90' lang='lat' dir='ltr'>est.</span> <span class='ocrx_word' id='word_1_27' title='bbox 899 678 1025 744; x_wconf 89' lang='lat' dir='ltr'>Viderit</span> <span class='ocrx_word' id='word_1_28' title='bbox 1047 679 1188 744; x_wconf 81' lang='lat' dir='ltr'>Aeacius</span> <span class='ocrx_word' id='word_1_29' title='bbox 1216 679 1267 743; x_wconf 86' lang='lat' dir='ltr'>vel</span> <span class='ocrx_word' id='word_1_30' title='bbox 1289 678 1345 764; x_wconf 91' lang='lat' dir='ltr'>qui</span> <span class='ocrx_word' id='word_1_31' title='bbox 1367 678 1433 745; x_wconf 87' lang='lat' dir='ltr'>ista</span> <span class='ocrx_word' id='word_1_32' title='bbox 1454 700 1536 764; x_wconf 70' lang='lat' dir='ltr'>proni</span> 
     </span>
     <span class='ocr_line' id='line_1_5' title="bbox 320 781 1518 869; baseline -0.003 -19"><span class='ocrx_word' id='word_1_33' title='bbox 320 786 394 869; x_wconf 89' lang='lat' dir='ltr'>tiat,</span> <span class='ocrx_word' id='word_1_34' title='bbox 417 787 525 849; x_wconf 89' lang='lat' dir='ltr'>utrum</span> <span class='ocrx_word' id='word_1_35' title='bbox 553 784 777 866; x_wconf 78' lang='lat' dir='ltr'>imperatorem</span> <span class='ocrx_word' id='word_1_36' title='bbox 806 781 999 846; x_wconf 89' lang='lat' dir='ltr'>catholicum</span> <span class='ocrx_word' id='word_1_37' title='bbox 1021 782 1209 866; x_wconf 87' lang='lat' dir='ltr'>profiteatur</span> <span class='ocrx_word' id='word_1_38' title='bbox 1230 781 1327 866; x_wconf 88' lang='lat' dir='ltr'>hujus</span> <span class='ocrx_word' id='word_1_39' title='bbox 1349 782 1518 867; x_wconf 81' lang='lat' dir='ltr'>pravitatis</span> 
     </span>
     <span class='ocr_line' id='line_1_6' title="bbox 324 883 1536 971; baseline -0.003 -18"><span class='ocrx_word' id='word_1_40' title='bbox 324 892 455 953; x_wconf 85' lang='lat' dir='ltr'>ctorem.</span> <span class='ocrx_word' id='word_1_41' title='bbox 500 885 567 950; x_wconf 90' lang='lat' dir='ltr'>Nos</span> <span class='ocrx_word' id='word_1_42' title='bbox 596 885 659 948; x_wconf 90' lang='lat' dir='ltr'>ista</span> <span class='ocrx_word' id='word_1_43' title='bbox 697 883 736 948; x_wconf 90' lang='lat' dir='ltr'>de</span> <span class='ocrx_word' id='word_1_44' title='bbox 766 884 924 949; x_wconf 83' lang='lat' dir='ltr'>catholieo</span> <span class='ocrx_word' id='word_1_45' title='bbox 952 884 1144 968; x_wconf 71' lang='lat' dir='ltr'>imperatore</span> <span class='ocrx_word' id='word_1_46' title='bbox 1176 904 1244 948; x_wconf 91' lang='lat' dir='ltr'>non</span> <span class='ocrx_word' id='word_1_47' title='bbox 1277 883 1453 968; x_wconf 88' lang='lat' dir='ltr'>credimus,</span> <span class='ocrx_word' id='word_1_48' title='bbox 1484 888 1536 971; x_wconf 85' lang='lat' dir='ltr'>ntp</span> 
     </span>
     <span class='ocr_line' id='line_1_7' title="bbox 323 986 1536 1074; baseline -0.002 -19"><span class='ocrx_word' id='word_1_49' title='bbox 323 991 413 1074; x_wconf 89' lang='lat' dir='ltr'>cujus</span> <span class='ocrx_word' id='word_1_50' title='bbox 440 988 579 1073; x_wconf 60' lang='lat' dir='ltr'>saerall)</span> <span class='ocrx_word' id='word_1_51' title='bbox 607 988 790 1069; x_wconf 71' lang='lat' dir='ltr'>retinemus,</span> <span class='ocrx_word' id='word_1_52' title='bbox 819 986 991 1071; x_wconf 89' lang='lat' dir='ltr'>inquibus</span> <span class='ocrx_word' id='word_1_53' title='bbox 1014 986 1207 1051; x_wconf 86' lang='lat' dir='ltr'>catholicam</span> <span class='ocrx_word' id='word_1_54' title='bbox 1234 987 1331 1051; x_wconf 87' lang='lat' dir='ltr'>fidem</span> <span class='ocrx_word' id='word_1_55' title='bbox 1359 990 1393 1053; x_wconf 85' lang='lat' dir='ltr'>ot</span> <span class='ocrx_word' id='word_1_56' title='bbox 1421 986 1536 1055; x_wconf 79' lang='lat' dir='ltr'>Coloba</span> 
     </span>
     <span class='ocr_line' id='line_1_8' title="bbox 322 1088 1528 1174; baseline -0.001 -18"><span class='ocrx_word' id='word_1_57' title='bbox 322 1092 430 1157; x_wconf 82' lang='lat' dir='ltr'>nensis</span> <span class='ocrx_word' id='word_1_58' title='bbox 453 1090 565 1174; x_wconf 79' lang='lat' dir='ltr'>synodi</span> <span class='ocrx_word' id='word_1_59' title='bbox 588 1090 806 1154; x_wconf 86' lang='lat' dir='ltr'>definitionem</span> <span class='ocrx_word' id='word_1_60' title='bbox 828 1111 862 1153; x_wconf 91' lang='lat' dir='ltr'>se</span> <span class='ocrx_word' id='word_1_61' title='bbox 885 1092 995 1154; x_wconf 88' lang='lat' dir='ltr'>tenere</span> <span class='ocrx_word' id='word_1_62' title='bbox 1017 1091 1165 1153; x_wconf 75' lang='lat' dir='ltr'>testatam.</span> <span class='ocrx_word' id='word_1_63' title='bbox 1204 1091 1311 1174; x_wconf 85' lang='lat' dir='ltr'>Atque</span> <span class='ocrx_word' id='word_1_64' title='bbox 1333 1089 1406 1154; x_wconf 87' lang='lat' dir='ltr'>ideo</span> <span class='ocrx_word' id='word_1_65' title='bbox 1434 1088 1528 1155; x_wconf 77' lang='lat' dir='ltr'>etiam</span> 
     </span>
     <span class='ocr_line' id='line_1_9' title="bbox 321 1190 1536 1277; baseline -0.001 -19"><span class='ocrx_word' id='word_1_66' title='bbox 321 1193 660 1276; x_wconf 78' lang='lat' dir='ltr'>eodem-postulamus,</span> <span class='ocrx_word' id='word_1_67' title='bbox 684 1192 861 1256; x_wconf 88' lang='lat' dir='ltr'>haereticos</span> <span class='ocrx_word' id='word_1_68' title='bbox 884 1192 1000 1255; x_wconf 88' lang='lat' dir='ltr'>debere</span> <span class='ocrx_word' id='word_1_69' title='bbox 1020 1191 1153 1275; x_wconf 82' lang='lat' dir='ltr'>depelli3</span> <span class='ocrx_word' id='word_1_70' title='bbox 1181 1190 1380 1277; x_wconf 78' lang='lat' dir='ltr'>pessimeque</span> <span class='ocrx_word' id='word_1_71' title='bbox 1411 1192 1451 1257; x_wconf 89' lang='lat' dir='ltr'>de</span> <span class='ocrx_word' id='word_1_72' title='bbox 1471 1214 1536 1257; x_wconf 86' lang='lat' dir='ltr'>eor</span> 
     </span>
     <span class='ocr_line' id='line_1_10' title="bbox 322 1293 1536 1381; baseline 0 -22"><span class='ocrx_word' id='word_1_73' title='bbox 322 1297 372 1381; x_wconf 85' lang='lat' dir='ltr'>gis</span> <span class='ocrx_word' id='word_1_74' title='bbox 395 1295 449 1358; x_wconf 89' lang='lat' dir='ltr'>ille</span> <span class='ocrx_word' id='word_1_75' title='bbox 471 1296 580 1377; x_wconf 82' lang='lat' dir='ltr'>sentit,</span> <span class='ocrx_word' id='word_1_76' title='bbox 604 1295 657 1378; x_wconf 79' lang='lat' dir='ltr'>qm</span> <span class='ocrx_word' id='word_1_77' title='bbox 680 1295 712 1381; x_wconf 75' lang='lat' dir='ltr'>id</span> <span class='ocrx_word' id='word_1_78' title='bbox 735 1316 807 1358; x_wconf 79' lang='lat' dir='ltr'>euni</span> <span class='ocrx_word' id='word_1_79' title='bbox 830 1298 886 1358; x_wconf 90' lang='lat' dir='ltr'>aut</span> <span class='ocrx_word' id='word_1_80' title='bbox 907 1293 993 1357; x_wconf 91' lang='lat' dir='ltr'>nolle</span> <span class='ocrx_word' id='word_1_81' title='bbox 1015 1297 1071 1358; x_wconf 85' lang='lat' dir='ltr'>aut</span> <span class='ocrx_word' id='word_1_82' title='bbox 1085 1294 1273 1359; x_wconf 86' lang='lat' dir='ltr'>nonfacere</span> <span class='ocrx_word' id='word_1_83' title='bbox 1288 1316 1382 1379; x_wconf 87' lang='lat' dir='ltr'>posse</span> <span class='ocrx_word' id='word_1_84' title='bbox 1397 1298 1536 1379; x_wconf 81' lang='lat' dir='ltr'>praetem</span> 
     </span>
     <span class='ocr_line' id='line_1_11' title="bbox 323 1396 1536 1483; baseline 0.001 -22"><span class='ocrx_word' id='word_1_85' title='bbox 323 1420 419 1483; x_wconf 87' lang='lat' dir='ltr'>quum</span> <span class='ocrx_word' id='word_1_86' title='bbox 442 1418 502 1461; x_wconf 90' lang='lat' dir='ltr'>nee</span> <span class='ocrx_word' id='word_1_87' title='bbox 524 1396 697 1461; x_wconf 88' lang='lat' dir='ltr'>Divinitati</span> <span class='ocrx_word' id='word_1_88' title='bbox 721 1397 764 1460; x_wconf 80' lang='lat' dir='ltr'>sit</span> <span class='ocrx_word' id='word_1_89' title='bbox 786 1396 906 1481; x_wconf 87' lang='lat' dir='ltr'>aliquid</span> <span class='ocrx_word' id='word_1_90' title='bbox 928 1396 1185 1481; x_wconf 89' lang='lat' dir='ltr'>praeferendum,</span> <span class='ocrx_word' id='word_1_91' title='bbox 1215 1399 1248 1461; x_wconf 84' lang='lat' dir='ltr'>et</span> <span class='ocrx_word' id='word_1_92' title='bbox 1269 1396 1405 1482; x_wconf 89' lang='lat' dir='ltr'>impium</span> <span class='ocrx_word' id='word_1_93' title='bbox 1426 1397 1487 1481; x_wconf 86' lang='lat' dir='ltr'>sit,</span> <span class='ocrx_word' id='word_1_94' title='bbox 1513 1418 1536 1483; x_wconf 85' lang='lat' dir='ltr'>q</span> 
     </span>
     <span class='ocr_line' id='line_1_12' title="bbox 323 1498 1536 1585; baseline 0.001 -21"><span class='ocrx_word' id='word_1_95' title='bbox 323 1500 362 1565; x_wconf 88' lang='lat' dir='ltr'>ad</span> <span class='ocrx_word' id='word_1_96' title='bbox 386 1498 490 1564; x_wconf 88' lang='lat' dir='ltr'>Deum</span> <span class='ocrx_word' id='word_1_97' title='bbox 510 1501 686 1584; x_wconf 89' lang='lat' dir='ltr'>pertinent,</span> <span class='ocrx_word' id='word_1_98' title='bbox 716 1503 865 1583; x_wconf 87' lang='lat' dir='ltr'>prompta</span> <span class='ocrx_word' id='word_1_99' title='bbox 887 1521 953 1563; x_wconf 92' lang='lat' dir='ltr'>non</span> <span class='ocrx_word' id='word_1_100' title='bbox 976 1500 1105 1584; x_wconf 84' lang='lat' dir='ltr'>exsequi</span> <span class='ocrx_word' id='word_1_101' title='bbox 1128 1499 1304 1583; x_wconf 86' lang='lat' dir='ltr'>voluntate.</span> <span class='ocrx_word' id='word_1_102' title='bbox 1347 1498 1427 1585; x_wconf 89' lang='lat' dir='ltr'>Nos,</span> <span class='ocrx_word' id='word_1_103' title='bbox 1454 1500 1536 1585; x_wconf 79' lang='lat' dir='ltr'>inqui</span> 
     </span>
     <span class='ocr_line' id='line_1_13' title="bbox 312 1602 1536 1689; baseline 0.001 -23"><span class='ocrx_word' id='word_1_104' title='bbox 312 1602 386 1667; x_wconf 82' lang='lat' dir='ltr'>&#39;ista</span> <span class='ocrx_word' id='word_1_105' title='bbox 408 1602 447 1666; x_wconf 89' lang='lat' dir='ltr'>de</span> <span class='ocrx_word' id='word_1_106' title='bbox 469 1602 661 1686; x_wconf 80' lang='lat' dir='ltr'>imperatore</span> <span class='ocrx_word' id='word_1_107' title='bbox 683 1624 750 1666; x_wconf 90' lang='lat' dir='ltr'>non</span> <span class='ocrx_word' id='word_1_108' title='bbox 772 1602 945 1686; x_wconf 82' lang='lat' dir='ltr'>eredimus3</span> <span class='ocrx_word' id='word_1_109' title='bbox 974 1602 1060 1666; x_wconf 91' lang='lat' dir='ltr'>absit</span> <span class='ocrx_word' id='word_1_110' title='bbox 1082 1603 1180 1686; x_wconf 90' lang='lat' dir='ltr'>enim,</span> <span class='ocrx_word' id='word_1_111' title='bbox 1209 1604 1246 1666; x_wconf 92' lang='lat' dir='ltr'>ut</span> <span class='ocrx_word' id='word_1_112' title='bbox 1268 1605 1383 1667; x_wconf 68' lang='lat' dir='ltr'>comba</span> <span class='ocrx_word' id='word_1_113' title='bbox 1410 1602 1482 1686; x_wconf 87' lang='lat' dir='ltr'>boe,</span> <span class='ocrx_word' id='word_1_114' title='bbox 1512 1624 1536 1689; x_wconf 82' lang='lat' dir='ltr'>q</span> 
     </span>
     <span class='ocr_line' id='line_1_14' title="bbox 323 1704 1536 1791; baseline 0 -22"><span class='ocrx_word' id='word_1_115' title='bbox 323 1705 432 1790; x_wconf 90' lang='lat' dir='ltr'>palam</span> <span class='ocrx_word' id='word_1_116' title='bbox 455 1704 632 1789; x_wconf 88' lang='lat' dir='ltr'>profitetur,</span> <span class='ocrx_word' id='word_1_117' title='bbox 657 1707 770 1768; x_wconf 89' lang='lat' dir='ltr'>eontra</span> <span class='ocrx_word' id='word_1_118' title='bbox 792 1705 888 1768; x_wconf 83' lang='lat' dir='ltr'>decus</span> <span class='ocrx_word' id='word_1_119' title='bbox 910 1705 1038 1788; x_wconf 88' lang='lat' dir='ltr'>imperii</span> <span class='ocrx_word' id='word_1_120' title='bbox 1066 1704 1260 1769; x_wconf 87' lang='lat' dir='ltr'>catholicam</span> <span class='ocrx_word' id='word_1_121' title='bbox 1287 1704 1385 1769; x_wconf 87' lang='lat' dir='ltr'>fidem</span> <span class='ocrx_word' id='word_1_122' title='bbox 1405 1704 1536 1791; x_wconf 75' lang='lat' dir='ltr'>impugn</span> 
     </span>
     <span class='ocr_line' id='line_1_15' title="bbox 324 1796 1536 1892; baseline 0.002 -22"><span class='ocrx_word' id='word_1_123' title='bbox 324 1808 457 1872; x_wconf 87' lang='lat' dir='ltr'>dicatur.</span> <span class='ocrx_word' id='word_1_124' title='bbox 502 1807 679 1890; x_wconf 80' lang='lat' dir='ltr'>impugnat</span> <span class='ocrx_word' id='word_1_125' title='bbox 701 1809 817 1889; x_wconf 91' lang='lat' dir='ltr'>autem,</span> <span class='ocrx_word' id='word_1_126' title='bbox 848 1806 931 1890; x_wconf 90' lang='lat' dir='ltr'>quod</span> <span class='ocrx_word' id='word_1_127' title='bbox 954 1807 1050 1891; x_wconf 85' lang='lat' dir='ltr'>absit,</span> <span class='ocrx_word' id='word_1_128' title='bbox 1078 1806 1106 1870; x_wconf 92' lang='lat' dir='ltr'>si</span> <span class='ocrx_word' id='word_1_129' title='bbox 1132 1828 1325 1891; x_wconf 87' lang='lat' dir='ltr'>quemquam</span> <span class='ocrx_word' id='word_1_130' title='bbox 1351 1796 1388 1872; x_wconf 86' lang='lat' dir='ltr'>iri</span> <span class='ocrx_word' id='word_1_131' title='bbox 1413 1805 1486 1889; x_wconf 88' lang='lat' dir='ltr'>boe,</span> <span class='ocrx_word' id='word_1_132' title='bbox 1513 1827 1536 1892; x_wconf 66' lang='lat' dir='ltr'>qi</span> 
     </span>
     <span class='ocr_line' id='line_1_16' title="bbox 325 1907 1536 1994; baseline 0.001 -20"><span class='ocrx_word' id='word_1_133' title='bbox 325 1910 491 1974; x_wconf 90' lang='lat' dir='ltr'>inimicum</span> <span class='ocrx_word' id='word_1_134' title='bbox 513 1912 562 1972; x_wconf 90' lang='lat' dir='ltr'>est</span> <span class='ocrx_word' id='word_1_135' title='bbox 584 1907 761 1972; x_wconf 88' lang='lat' dir='ltr'>catholicae</span> <span class='ocrx_word' id='word_1_136' title='bbox 784 1907 959 1991; x_wconf 79' lang='lat' dir='ltr'>Ecclesiae,</span> <span class='ocrx_word' id='word_1_137' title='bbox 983 1908 1177 1973; x_wconf 81' lang='lat' dir='ltr'>necessitate</span> <span class='ocrx_word' id='word_1_138' title='bbox 1200 1908 1383 1994; x_wconf 81' lang='lat' dir='ltr'>compellat</span> <span class='ocrx_word' id='word_1_139' title='bbox 1428 1908 1499 1975; x_wconf 87' lang='lat' dir='ltr'>Hoc</span> <span class='ocrx_word' id='word_1_140' title='bbox 1525 1908 1536 1975; x_wconf 95' lang='lat' dir='ltr'>i</span> 
     </span>
     <span class='ocr_line' id='line_1_17' title="bbox 325 2010 1536 2097; baseline 0.001 -21"><span class='ocrx_word' id='word_1_141' title='bbox 325 2015 442 2095; x_wconf 71' lang='lat' dir='ltr'>alitem,</span> <span class='ocrx_word' id='word_1_142' title='bbox 466 2011 549 2076; x_wconf 88' lang='lat' dir='ltr'>sicut</span> <span class='ocrx_word' id='word_1_143' title='bbox 571 2010 693 2075; x_wconf 82' lang='lat' dir='ltr'>‹liet-um</span> <span class='ocrx_word' id='word_1_144' title='bbox 715 2013 774 2094; x_wconf 90' lang='lat' dir='ltr'>est,</span> <span class='ocrx_word' id='word_1_145' title='bbox 799 2012 927 2075; x_wconf 87' lang='lat' dir='ltr'>constat</span> <span class='ocrx_word' id='word_1_146' title='bbox 948 2032 1017 2075; x_wconf 86' lang='lat' dir='ltr'>esse</span> <span class='ocrx_word' id='word_1_147' title='bbox 1039 2032 1234 2097; x_wconf 85' lang='lat' dir='ltr'>perversum,</span> <span class='ocrx_word' id='word_1_148' title='bbox 1250 2010 1334 2096; x_wconf 89' lang='lat' dir='ltr'>quod</span> <span class='ocrx_word' id='word_1_149' title='bbox 1357 2010 1477 2089; x_wconf 83' lang='lat' dir='ltr'>dieitur</span> <span class='ocrx_word' id='word_1_150' title='bbox 1489 2032 1536 2077; x_wconf 77' lang='grc'><strong>11111</strong></span> 
     </span>
     <span class='ocr_line' id='line_1_18' title="bbox 325 2102 1536 2201; baseline 0.002 -24"><span class='ocrx_word' id='word_1_151' title='bbox 325 2114 421 2178; x_wconf 78' lang='lat' dir='ltr'>altato</span> <span class='ocrx_word' id='word_1_152' title='bbox 445 2113 611 2177; x_wconf 78' lang='lat' dir='ltr'>committi.</span> <span class='ocrx_word' id='word_1_153' title='bbox 651 2111 714 2178; x_wconf 85' lang='lat' dir='ltr'>Sed</span> <span class='ocrx_word' id='word_1_154' title='bbox 735 2113 815 2177; x_wconf 88' lang='lat' dir='ltr'>haee</span> <span class='ocrx_word' id='word_1_155' title='bbox 838 2113 877 2177; x_wconf 88' lang='lat' dir='ltr'>de</span> <span class='ocrx_word' id='word_1_156' title='bbox 899 2113 1092 2198; x_wconf 84' lang='lat' dir='ltr'>imperatore</span> <span class='ocrx_word' id='word_1_157' title='bbox 1114 2102 1265 2198; x_wconf 86' lang='lat' dir='ltr'>videriut,</span> <span class='ocrx_word' id='word_1_158' title='bbox 1289 2113 1345 2199; x_wconf 92' lang='lat' dir='ltr'>qui</span> <span class='ocrx_word' id='word_1_159' title='bbox 1366 2114 1432 2179; x_wconf 74' lang='lat' dir='ltr'>iste</span> <span class='ocrx_word' id='word_1_160' title='bbox 1452 2120 1536 2201; x_wconf 69' lang='lat' dir='ltr'>pud</span> 
     </span>
     <span class='ocr_line' id='line_1_19' title="bbox 325 2215 1536 2303; baseline 0.004 -24"><span class='ocrx_word' id='word_1_161' title='bbox 325 2215 421 2298; x_wconf 73' lang='lat' dir='ltr'>duint,</span> <span class='ocrx_word' id='word_1_162' title='bbox 444 2237 502 2279; x_wconf 88' lang='lat' dir='ltr'>nos</span> <span class='ocrx_word' id='word_1_163' title='bbox 525 2219 632 2279; x_wconf 87' lang='lat' dir='ltr'>autem</span> <span class='ocrx_word' id='word_1_164' title='bbox 653 2215 751 2279; x_wconf 87' lang='lat' dir='ltr'>etiam</span> <span class='ocrx_word' id='word_1_165' title='bbox 773 2216 807 2278; x_wconf 92' lang='lat' dir='ltr'>in</span> <span class='ocrx_word' id='word_1_166' title='bbox 829 2215 890 2280; x_wconf 90' lang='lat' dir='ltr'>hae</span> <span class='ocrx_word' id='word_1_167' title='bbox 912 2219 1005 2300; x_wconf 87' lang='lat' dir='ltr'>parte</span> <span class='ocrx_word' id='word_1_168' title='bbox 1027 2215 1279 2303; x_wconf 79' lang='lat' dir='ltr'>imperatorIs²¹)</span> <span class='ocrx_word' id='word_1_169' title='bbox 1301 2238 1396 2283; x_wconf 81' lang='lat' dir='ltr'>sacra</span> <span class='ocrx_word' id='word_1_170' title='bbox 1416 2216 1536 2283; x_wconf 69' lang='lat' dir='ltr'>maan</span> 
     </span>
     <span class='ocr_line' id='line_1_20' title="bbox 326 2318 1536 2405; baseline 0.002 -23"><span class='ocrx_word' id='word_1_171' title='bbox 326 2318 439 2403; x_wconf 89' lang='lat' dir='ltr'>quibus</span> <span class='ocrx_word' id='word_1_172' title='bbox 462 2319 569 2383; x_wconf 90' lang='lat' dir='ltr'>omnia</span> <span class='ocrx_word' id='word_1_173' title='bbox 598 2340 631 2382; x_wconf 88' lang='lat' dir='ltr'>se</span> <span class='ocrx_word' id='word_1_174' title='bbox 659 2318 832 2402; x_wconf 89' lang='lat' dir='ltr'>imperator</span> <span class='ocrx_word' id='word_1_175' title='bbox 860 2340 932 2382; x_wconf 90' lang='lat' dir='ltr'>eum</span> <span class='ocrx_word' id='word_1_176' title='bbox 961 2318 1073 2383; x_wconf 88' lang='lat' dir='ltr'>Aeacii</span> <span class='ocrx_word' id='word_1_177' title='bbox 1102 2318 1236 2383; x_wconf 90' lang='lat' dir='ltr'>consilio</span> <span class='ocrx_word' id='word_1_178' title='bbox 1262 2319 1380 2384; x_wconf 88' lang='lat' dir='ltr'>fecisse</span> <span class='ocrx_word' id='word_1_179' title='bbox 1408 2319 1536 2405; x_wconf 83' lang='lat' dir='ltr'>promit,</span> 
     </span>
     <span class='ocr_line' id='line_1_21' title="bbox 326 2420 1530 2506; baseline 0.003 -22"><span class='ocrx_word' id='word_1_180' title='bbox 326 2420 404 2484; x_wconf 91' lang='lat' dir='ltr'>item</span> <span class='ocrx_word' id='word_1_181' title='bbox 426 2421 538 2486; x_wconf 88' lang='lat' dir='ltr'>Aeacii</span> <span class='ocrx_word' id='word_1_182' title='bbox 560 2421 681 2506; x_wconf 88' lang='lat' dir='ltr'>scripta</span> <span class='ocrx_word' id='word_1_183' title='bbox 703 2421 927 2505; x_wconf 87' lang='lat' dir='ltr'>depromimus,</span> <span class='ocrx_word' id='word_1_184' title='bbox 957 2442 1039 2505; x_wconf 91' lang='lat' dir='ltr'>quae</span> <span class='ocrx_word' id='word_1_185' title='bbox 1061 2420 1196 2485; x_wconf 88' lang='lat' dir='ltr'>laudant</span> <span class='ocrx_word' id='word_1_186' title='bbox 1218 2420 1448 2506; x_wconf 78' lang='lat' dir='ltr'>Imperatorem</span> <span class='ocrx_word' id='word_1_187' title='bbox 1468 2420 1530 2487; x_wconf 66' lang='lat' dir='ltr'>aa</span> 
     </span>
     <span class='ocr_line' id='line_1_22' title="bbox 328 2522 1536 2610; baseline 0.001 -22"><span class='ocrx_word' id='word_1_188' title='bbox 328 2523 476 2588; x_wconf 87' lang='lat' dir='ltr'>cientem.</span> <span class='ocrx_word' id='word_1_189' title='bbox 521 2522 625 2610; x_wconf 78' lang='lat' dir='ltr'>Nemo</span> <span class='ocrx_word' id='word_1_190' title='bbox 645 2523 727 2608; x_wconf 91' lang='lat' dir='ltr'>quod</span> <span class='ocrx_word' id='word_1_191' title='bbox 751 2524 874 2607; x_wconf 88' lang='lat' dir='ltr'>patitur</span> <span class='ocrx_word' id='word_1_192' title='bbox 896 2524 1099 2606; x_wconf 88' lang='lat' dir='ltr'>necessitate,</span> <span class='ocrx_word' id='word_1_193' title='bbox 1123 2523 1295 2607; x_wconf 78' lang='lat' dir='ltr'>millaudat,</span> <span class='ocrx_word' id='word_1_194' title='bbox 1324 2546 1420 2590; x_wconf 89' lang='lat' dir='ltr'>nemo</span> <span class='ocrx_word' id='word_1_195' title='bbox 1447 2546 1536 2591; x_wconf 83' lang='lat' dir='ltr'>suoe</span> 
     </span>
     <span class='ocr_line' id='line_1_23' title="bbox 211 2625 1536 2712; baseline 0.002 -22"><span class='ocrx_word' id='word_1_196' title='bbox 211 2697 218 2705; x_wconf 56' lang='grc'>,</span> <span class='ocrx_word' id='word_1_197' title='bbox 327 2627 398 2691; x_wconf 90' lang='lat' dir='ltr'>silio</span> <span class='ocrx_word' id='word_1_198' title='bbox 427 2626 652 2690; x_wconf 83' lang='lat' dir='ltr'>neeessItatem</span> <span class='ocrx_word' id='word_1_199' title='bbox 680 2626 742 2691; x_wconf 91' lang='lat' dir='ltr'>sibi</span> <span class='ocrx_word' id='word_1_200' title='bbox 768 2626 872 2710; x_wconf 88' lang='lat' dir='ltr'>poscit</span> <span class='ocrx_word' id='word_1_201' title='bbox 899 2626 1023 2690; x_wconf 87' lang='lat' dir='ltr'>inferri.</span> <span class='ocrx_word' id='word_1_202' title='bbox 1069 2625 1102 2691; x_wconf 83' lang='lat' dir='ltr'>Si</span> <span class='ocrx_word' id='word_1_203' title='bbox 1131 2626 1325 2691; x_wconf 83' lang='lat' dir='ltr'>necessitate</span> <span class='ocrx_word' id='word_1_204' title='bbox 1350 2626 1447 2712; x_wconf 83' lang='lat' dir='ltr'>fecit,</span> <span class='ocrx_word' id='word_1_205' title='bbox 1480 2627 1536 2693; x_wconf 70' lang='lat' dir='ltr'>fau</span> 
     </span>
     <span class='ocr_line' id='line_1_24' title="bbox 327 2728 1489 2813; baseline 0.002 -20"><span class='ocrx_word' id='word_1_206' title='bbox 327 2728 448 2793; x_wconf 88' lang='lat' dir='ltr'>malum</span> <span class='ocrx_word' id='word_1_207' title='bbox 476 2749 544 2791; x_wconf 88' lang='lat' dir='ltr'>esse</span> <span class='ocrx_word' id='word_1_208' title='bbox 572 2728 655 2813; x_wconf 67' lang='lat' dir='ltr'>equod</span> <span class='ocrx_word' id='word_1_209' title='bbox 682 2728 775 2812; x_wconf 80' lang='lat' dir='ltr'>feeit3</span> <span class='ocrx_word' id='word_1_210' title='bbox 803 2729 917 2793; x_wconf 89' lang='lat' dir='ltr'>nolens</span> <span class='ocrx_word' id='word_1_211' title='bbox 944 2729 1030 2793; x_wconf 87' lang='lat' dir='ltr'>enim</span> <span class='ocrx_word' id='word_1_212' title='bbox 1057 2751 1124 2793; x_wconf 89' lang='lat' dir='ltr'>non</span> <span class='ocrx_word' id='word_1_213' title='bbox 1151 2729 1261 2793; x_wconf 86' lang='lat' dir='ltr'>volens</span> <span class='ocrx_word' id='word_1_214' title='bbox 1292 2728 1389 2813; x_wconf 79' lang='lat' dir='ltr'>feeit3</span> <span class='ocrx_word' id='word_1_215' title='bbox 1421 2752 1489 2796; x_wconf 89' lang='lat' dir='ltr'>non</span> 
     </span>
     <span class='ocr_line' id='line_1_25' title="bbox 329 2830 1536 2919; baseline 0.003 -25"><span class='ocrx_word' id='word_1_216' title='bbox 329 2832 494 2895; x_wconf 87' lang='lat' dir='ltr'>voluntate</span> <span class='ocrx_word' id='word_1_217' title='bbox 515 2831 605 2914; x_wconf 83' lang='lat' dir='ltr'>laeIt,</span> <span class='ocrx_word' id='word_1_218' title='bbox 635 2830 717 2914; x_wconf 88' lang='lat' dir='ltr'>quod</span> <span class='ocrx_word' id='word_1_219' title='bbox 747 2831 939 2895; x_wconf 80' lang='lat' dir='ltr'>necessitate</span> <span class='ocrx_word' id='word_1_220' title='bbox 960 2831 1055 2914; x_wconf 87' lang='lat' dir='ltr'>faeit;</span> <span class='ocrx_word' id='word_1_221' title='bbox 1077 2831 1198 2895; x_wconf 88' lang='lat' dir='ltr'>malum</span> <span class='ocrx_word' id='word_1_222' title='bbox 1220 2835 1330 2897; x_wconf 88' lang='lat' dir='ltr'>autem</span> <span class='ocrx_word' id='word_1_223' title='bbox 1355 2832 1490 2917; x_wconf 83' lang='lat' dir='ltr'>fatetur,</span> <span class='ocrx_word' id='word_1_224' title='bbox 1515 2852 1536 2919; x_wconf 92' lang='lat' dir='ltr'>q</span> 
     </span>
     <span class='ocr_line' id='line_1_26' title="bbox 328 2932 1525 3020; baseline 0.002 -23"><span class='ocrx_word' id='word_1_225' title='bbox 328 2933 428 2998; x_wconf 88' lang='lat' dir='ltr'>nollet</span> <span class='ocrx_word' id='word_1_226' title='bbox 450 2933 529 3016; x_wconf 90' lang='lat' dir='ltr'>fieri,</span> <span class='ocrx_word' id='word_1_227' title='bbox 554 2934 581 2997; x_wconf 91' lang='lat' dir='ltr'>si</span> <span class='ocrx_word' id='word_1_228' title='bbox 604 2932 796 2997; x_wconf 83' lang='lat' dir='ltr'>necessitate</span> <span class='ocrx_word' id='word_1_229' title='bbox 817 2955 885 2997; x_wconf 91' lang='lat' dir='ltr'>non</span> <span class='ocrx_word' id='word_1_230' title='bbox 905 2935 1114 3017; x_wconf 81' lang='lat' dir='ltr'>premeretur.</span> <span class='ocrx_word' id='word_1_231' title='bbox 1152 2932 1187 2999; x_wconf 87' lang='lat' dir='ltr'>Si</span> <span class='ocrx_word' id='word_1_232' title='bbox 1209 2932 1331 2998; x_wconf 86' lang='lat' dir='ltr'>malum</span> <span class='ocrx_word' id='word_1_233' title='bbox 1352 2937 1415 3019; x_wconf 84' lang='lat' dir='ltr'>est,</span> <span class='ocrx_word' id='word_1_234' title='bbox 1442 2932 1525 3020; x_wconf 87' lang='lat' dir='ltr'>quod</span> 
     </span>
     <span class='ocr_line' id='line_1_27' title="bbox 330 3034 1536 3123; baseline 0.002 -23"><span class='ocrx_word' id='word_1_235' title='bbox 330 3036 478 3100; x_wconf 88' lang='lat' dir='ltr'>cessitate</span> <span class='ocrx_word' id='word_1_236' title='bbox 499 3035 590 3119; x_wconf 88' lang='lat' dir='ltr'>facit,</span> <span class='ocrx_word' id='word_1_237' title='bbox 621 3057 676 3099; x_wconf 89' lang='lat' dir='ltr'>cur</span> <span class='ocrx_word' id='word_1_238' title='bbox 697 3034 730 3099; x_wconf 92' lang='lat' dir='ltr'>id</span> <span class='ocrx_word' id='word_1_239' title='bbox 752 3035 846 3100; x_wconf 90' lang='lat' dir='ltr'>laude</span> <span class='ocrx_word' id='word_1_240' title='bbox 873 3036 1098 3120; x_wconf 83' lang='lat' dir='ltr'>prosequitur?</span> <span class='ocrx_word' id='word_1_241' title='bbox 1133 3057 1189 3100; x_wconf 90' lang='lat' dir='ltr'>cur</span> <span class='ocrx_word' id='word_1_242' title='bbox 1215 3036 1256 3101; x_wconf 86' lang='lat' dir='ltr'>ad</span> <span class='ocrx_word' id='word_1_243' title='bbox 1288 3035 1426 3103; x_wconf 80' lang='lat' dir='ltr'>aliorum</span> <span class='ocrx_word' id='word_1_244' title='bbox 1451 3034 1536 3123; x_wconf 83' lang='lat' dir='ltr'>perdi</span> 
     </span>
     <span class='ocr_line' id='line_1_28' title="bbox 328 3136 1536 3228; baseline 0.002 -26"><span class='ocrx_word' id='word_1_245' title='bbox 328 3161 401 3203; x_wconf 90' lang='lat' dir='ltr'>nem</span> <span class='ocrx_word' id='word_1_246' title='bbox 425 3139 628 3222; x_wconf 87' lang='lat' dir='ltr'>praedicator</span> <span class='ocrx_word' id='word_1_247' title='bbox 654 3138 701 3202; x_wconf 93' lang='lat' dir='ltr'>rei</span> <span class='ocrx_word' id='word_1_248' title='bbox 728 3138 796 3228; x_wconf 72' lang='lat' dir='ltr'>ejus</span> <span class='ocrx_word' id='word_1_249' title='bbox 825 3138 966 3221; x_wconf 83' lang='lat' dir='ltr'>exsistit,</span> <span class='ocrx_word' id='word_1_250' title='bbox 996 3161 1093 3223; x_wconf 90' lang='lat' dir='ltr'>quam</span> <span class='ocrx_word' id='word_1_251' title='bbox 1121 3137 1295 3203; x_wconf 82' lang='lat' dir='ltr'>committit</span> <span class='ocrx_word' id='word_1_252' title='bbox 1322 3138 1468 3205; x_wconf 75' lang='lat' dir='ltr'>invitum?</span> <span class='ocrx_word' id='word_1_253' title='bbox 1506 3136 1536 3205; x_wconf 86' lang='lat' dir='ltr'><strong>U</strong></span> 
     </span>
     <span class='ocr_line' id='line_1_29' title="bbox 329 3238 1536 3327; baseline 0.002 -22"><span class='ocrx_word' id='word_1_254' title='bbox 329 3245 474 3326; x_wconf 85' lang='lat' dir='ltr'>apparet,</span> <span class='ocrx_word' id='word_1_255' title='bbox 498 3263 564 3306; x_wconf 92' lang='lat' dir='ltr'>non</span> <span class='ocrx_word' id='word_1_256' title='bbox 579 3240 781 3307; x_wconf 80' lang='lat' dir='ltr'>necessitatis</span> <span class='ocrx_word' id='word_1_257' title='bbox 797 3240 852 3305; x_wconf 90' lang='lat' dir='ltr'>sed</span> <span class='ocrx_word' id='word_1_258' title='bbox 868 3241 1043 3306; x_wconf 86' lang='lat' dir='ltr'>voluntatis</span> <span class='ocrx_word' id='word_1_259' title='bbox 1059 3262 1139 3324; x_wconf 90' lang='lat' dir='ltr'>csse,</span> <span class='ocrx_word' id='word_1_260' title='bbox 1162 3240 1246 3325; x_wconf 90' lang='lat' dir='ltr'>quod</span> <span class='ocrx_word' id='word_1_261' title='bbox 1259 3240 1353 3325; x_wconf 82' lang='lat' dir='ltr'>facit,</span> <span class='ocrx_word' id='word_1_262' title='bbox 1375 3262 1475 3327; x_wconf 87' lang='lat' dir='ltr'>quum</span> <span class='ocrx_word' id='word_1_263' title='bbox 1493 3238 1536 3307; x_wconf 78' lang='lat' dir='ltr'>au</span> 
     </span>
     <span class='ocr_line' id='line_1_30' title="bbox 328 3342 1536 3429; baseline 0.002 -22"><span class='ocrx_word' id='word_1_264' title='bbox 328 3344 446 3428; x_wconf 87' lang='lat' dir='ltr'>placet,</span> <span class='ocrx_word' id='word_1_265' title='bbox 470 3366 567 3429; x_wconf 90' lang='lat' dir='ltr'>quum</span> <span class='ocrx_word' id='word_1_266' title='bbox 592 3343 713 3426; x_wconf 85' lang='lat' dir='ltr'>laudat,</span> <span class='ocrx_word' id='word_1_267' title='bbox 743 3365 841 3427; x_wconf 90' lang='lat' dir='ltr'>quum</span> <span class='ocrx_word' id='word_1_268' title='bbox 862 3365 939 3427; x_wconf 88' lang='lat' dir='ltr'>prae</span> <span class='ocrx_word' id='word_1_269' title='bbox 962 3343 1077 3408; x_wconf 87' lang='lat' dir='ltr'>ceteris</span> <span class='ocrx_word' id='word_1_270' title='bbox 1099 3346 1185 3409; x_wconf 88' lang='lat' dir='ltr'>retro</span> <span class='ocrx_word' id='word_1_271' title='bbox 1206 3342 1416 3428; x_wconf 79' lang='lat' dir='ltr'>pontificibus</span> <span class='ocrx_word' id='word_1_272' title='bbox 1441 3364 1536 3427; x_wconf 68' lang='lat' dir='ltr'>emo]</span> 
     </span>
     <span class='ocr_line' id='line_1_31' title="bbox 330 3444 1536 3531; baseline 0.004 -23"><span class='ocrx_word' id='word_1_273' title='bbox 330 3446 472 3529; x_wconf 80' lang='lat' dir='ltr'>mulget:</span> <span class='ocrx_word' id='word_1_274' title='bbox 501 3447 618 3531; x_wconf 89' lang='lat' dir='ltr'>qnippe</span> <span class='ocrx_word' id='word_1_275' title='bbox 641 3445 695 3530; x_wconf 90' lang='lat' dir='ltr'>qui</span> <span class='ocrx_word' id='word_1_276' title='bbox 717 3444 806 3528; x_wconf 88' lang='lat' dir='ltr'>dicit,</span> <span class='ocrx_word' id='word_1_277' title='bbox 833 3468 916 3511; x_wconf 81' lang='lat' dir='ltr'>riano</span> <span class='ocrx_word' id='word_1_278' title='bbox 938 3452 1180 3511; x_wconf 71' lang='lat' dir='ltr'>Alexandrinam</span> <span class='ocrx_word' id='word_1_279' title='bbox 1202 3451 1361 3512; x_wconf 78' lang='lat' dir='ltr'>eeclesiam</span> <span class='ocrx_word' id='word_1_280' title='bbox 1382 3452 1536 3529; x_wconf 70' lang='lat' dir='ltr'>repom</span> 
     </span>
     <span class='ocr_line' id='line_1_32' title="bbox 329 3548 1536 3636; baseline 0.002 -25"><span class='ocrx_word' id='word_1_281' title='bbox 329 3553 479 3626; x_wconf 69' lang='lat' dir='ltr'>spatiolis</span> <span class='ocrx_word' id='word_1_282' title='bbox 500 3555 664 3613; x_wconf 81' lang='lat' dir='ltr'>alimoniae</span> <span class='ocrx_word' id='word_1_283' title='bbox 685 3553 824 3613; x_wconf 67' lang='lat' dir='ltr'>abatem</span> <span class='ocrx_word' id='word_1_284' title='bbox 845 3555 970 3631; x_wconf 71' lang='lat' dir='ltr'>seriori,</span> <span class='ocrx_word' id='word_1_285' title='bbox 992 3548 1031 3612; x_wconf 90' lang='lat' dir='ltr'>de</span> <span class='ocrx_word' id='word_1_286' title='bbox 1054 3570 1116 3632; x_wconf 90' lang='lat' dir='ltr'>quo</span> <span class='ocrx_word' id='word_1_287' title='bbox 1139 3552 1215 3614; x_wconf 86' lang='lat' dir='ltr'>ante</span> <span class='ocrx_word' id='word_1_288' title='bbox 1229 3548 1416 3636; x_wconf 63' lang='lat' dir='ltr'>unomen),</span> <span class='ocrx_word' id='word_1_289' title='bbox 1437 3568 1536 3635; x_wconf 81' lang='lat' dir='ltr'>quum</span> 
     </span>
     <span class='ocr_line' id='line_1_33' title="bbox 330 3647 1536 3735; baseline 0.003 -24"><span class='ocrx_word' id='word_1_290' title='bbox 330 3647 440 3733; x_wconf 90' lang='lat' dir='ltr'>pulsus</span> <span class='ocrx_word' id='word_1_291' title='bbox 463 3654 556 3732; x_wconf 86' lang='lat' dir='ltr'>esset,</span> <span class='ocrx_word' id='word_1_292' title='bbox 579 3657 694 3715; x_wconf 69' lang='lat' dir='ltr'>laetiori</span> <span class='ocrx_word' id='word_1_293' title='bbox 712 3672 780 3715; x_wconf 85' lang='lat' dir='ltr'>com</span> <span class='ocrx_word' id='word_1_294' title='bbox 791 3663 893 3733; x_wconf 79' lang='lat' dir='ltr'>petre,</span> <span class='ocrx_word' id='word_1_295' title='bbox 918 3650 950 3714; x_wconf 93' lang='lat' dir='ltr'>id</span> <span class='ocrx_word' id='word_1_296' title='bbox 973 3653 1022 3715; x_wconf 91' lang='lat' dir='ltr'>est</span> <span class='ocrx_word' id='word_1_297' title='bbox 1043 3672 1115 3715; x_wconf 91' lang='lat' dir='ltr'>eum</span> <span class='ocrx_word' id='word_1_298' title='bbox 1129 3649 1299 3716; x_wconf 87' lang='lat' dir='ltr'>Timotheo</span> <span class='ocrx_word' id='word_1_299' title='bbox 1314 3648 1484 3735; x_wconf 83' lang='lat' dir='ltr'>catholieo,</span> <span class='ocrx_word' id='word_1_300' title='bbox 1503 3670 1536 3715; x_wconf 76' lang='lat' dir='ltr'>ee</span> 
     </span>
     <span class='ocr_line' id='line_1_34' title="bbox 327 3751 1536 3839; baseline 0.002 -24"><span class='ocrx_word' id='word_1_301' title='bbox 327 3756 471 3834; x_wconf 79' lang='lat' dir='ltr'>fidelium,</span> <span class='ocrx_word' id='word_1_302' title='bbox 500 3752 534 3816; x_wconf 91' lang='lat' dir='ltr'>id</span> <span class='ocrx_word' id='word_1_303' title='bbox 560 3756 609 3817; x_wconf 90' lang='lat' dir='ltr'>est</span> <span class='ocrx_word' id='word_1_304' title='bbox 630 3753 733 3836; x_wconf 88' lang='lat' dir='ltr'>plebis</span> <span class='ocrx_word' id='word_1_305' title='bbox 755 3774 842 3817; x_wconf 88' lang='lat' dir='ltr'>suae.</span> <span class='ocrx_word' id='word_1_306' title='bbox 888 3751 1052 3818; x_wconf 88' lang='lat' dir='ltr'>Postremo</span> <span class='ocrx_word' id='word_1_307' title='bbox 1079 3752 1149 3837; x_wconf 87' lang='lat' dir='ltr'>ipse</span> <span class='ocrx_word' id='word_1_308' title='bbox 1177 3752 1295 3838; x_wconf 83' lang='lat' dir='ltr'>videat,</span> <span class='ocrx_word' id='word_1_309' title='bbox 1323 3752 1351 3817; x_wconf 85' lang='lat' dir='ltr'>si</span> <span class='ocrx_word' id='word_1_310' title='bbox 1378 3752 1536 3839; x_wconf 79' lang='lat' dir='ltr'>imperatu</span> 
     </span>
    </p>
   </div>
   <div class='ocr_carea' id='block_1_3' title="bbox 329 4039 1536 4975">
    <p class='ocr_par' dir='ltr' id='par_1_3' title="bbox 329 4039 1536 4277">
     <span class='ocr_line' id='line_1_35' title="bbox 400 4039 1536 4121; baseline 0.004 -28"><span class='ocrx_word' id='word_1_311' title='bbox 400 4044 431 4108; x_wconf 66' lang='grc'>19)</span> <span class='ocrx_word' id='word_1_312' title='bbox 448 4041 540 4095; x_wconf 79' lang='lat' dir='ltr'>Etiam</span> <span class='ocrx_word' id='word_1_313' title='bbox 558 4039 639 4106; x_wconf 91' lang='lat' dir='ltr'>illud,</span> <span class='ocrx_word' id='word_1_314' title='bbox 657 4041 789 4106; x_wconf 80' lang='lat' dir='ltr'>Acacium</span> <span class='ocrx_word' id='word_1_315' title='bbox 807 4041 980 4097; x_wconf 89' lang='lat' dir='ltr'>solummodo</span> <span class='ocrx_word' id='word_1_316' title='bbox 998 4042 1034 4096; x_wconf 81' lang='lat' dir='ltr'>ab</span> <span class='ocrx_word' id='word_1_317' title='bbox 1052 4041 1223 4111; x_wconf 83' lang='lat' dir='ltr'>imperatore</span> <span class='ocrx_word' id='word_1_318' title='bbox 1241 4042 1467 4121; x_wconf 66' lang='lat' dir='ltr'>manasseas</span> <span class='ocrx_word' id='word_1_319' title='bbox 1483 4056 1536 4097; x_wconf 77' lang='lat' dir='ltr'>eet</span> 
     </span>
     <span class='ocr_line' id='line_1_36' title="bbox 330 4126 1536 4197; baseline 0.003 -18"><span class='ocrx_word' id='word_1_320' title='bbox 330 4126 448 4191; x_wconf 88' lang='lat' dir='ltr'>nieasse,</span> <span class='ocrx_word' id='word_1_321' title='bbox 467 4142 601 4195; x_wconf 86' lang='lat' dir='ltr'>persaepe</span> <span class='ocrx_word' id='word_1_322' title='bbox 614 4127 714 4181; x_wconf 85' lang='lat' dir='ltr'>Graeci</span> <span class='ocrx_word' id='word_1_323' title='bbox 732 4127 924 4181; x_wconf 88' lang='lat' dir='ltr'>obtendebant</span> <span class='ocrx_word' id='word_1_324' title='bbox 936 4132 966 4180; x_wconf 87' lang='lat' dir='ltr'>et</span> <span class='ocrx_word' id='word_1_325' title='bbox 976 4126 1139 4181; x_wconf 87' lang='lat' dir='ltr'>refutabant</span> <span class='ocrx_word' id='word_1_326' title='bbox 1154 4126 1313 4197; x_wconf 68' lang='lat' dir='ltr'>pontificem</span> <span class='ocrx_word' id='word_1_327' title='bbox 1331 4128 1404 4183; x_wconf 74' lang='lat' dir='ltr'>eant</span> <span class='ocrx_word' id='word_1_328' title='bbox 1417 4126 1536 4183; x_wconf 65' lang='lat' dir='ltr'>Gelu«</span> 
     </span>
     <span class='ocr_line' id='line_1_37' title="bbox 329 4211 781 4277; baseline -0.004 -12"><span class='ocrx_word' id='word_1_329' title='bbox 329 4219 384 4265; x_wconf 81' lang='lat'><strong>311.</strong></span> <span class='ocrx_word' id='word_1_330' title='bbox 399 4216 414 4264; x_wconf 77' lang='lat' dir='ltr'>I</span> <span class='ocrx_word' id='word_1_331' title='bbox 427 4213 456 4264; x_wconf 90' lang='lat' dir='ltr'>et</span> <span class='ocrx_word' id='word_1_332' title='bbox 470 4218 513 4276; x_wconf 88' lang='grc'>13,</span> <span class='ocrx_word' id='word_1_333' title='bbox 526 4216 558 4264; x_wconf 76' lang='grc'><strong>16</strong></span> <span class='ocrx_word' id='word_1_334' title='bbox 571 4228 597 4263; x_wconf 90' lang='lat' dir='ltr'>n.</span> <span class='ocrx_word' id='word_1_335' title='bbox 610 4217 634 4275; x_wconf 84' lang='lat'>8,</span> <span class='ocrx_word' id='word_1_336' title='bbox 650 4218 688 4277; x_wconf 92' lang='grc'><strong>11,</strong></span> <span class='ocrx_word' id='word_1_337' title='bbox 702 4218 733 4266; x_wconf 88' lang='grc'>13</span> <span class='ocrx_word' id='word_1_338' title='bbox 746 4211 781 4265; x_wconf 87' lang='lat' dir='ltr'>al.</span> 
     </span>
    </p>

    <p class='ocr_par' dir='ltr' id='par_1_4' title="bbox 330 4294 1536 4606">
     <span class='ocr_line' id='line_1_38' title="bbox 397 4294 1536 4368; baseline 0.003 -20"><span class='ocrx_word' id='word_1_339' title='bbox 397 4298 429 4363; x_wconf 89' lang='lat'>²⁰)</span> <span class='ocrx_word' id='word_1_340' title='bbox 448 4294 558 4349; x_wconf 86' lang='lat' dir='ltr'>Scilicet</span> <span class='ocrx_word' id='word_1_341' title='bbox 582 4296 631 4349; x_wconf 87' lang='lat' dir='ltr'>ant</span> <span class='ocrx_word' id='word_1_342' title='bbox 652 4295 701 4350; x_wconf 89' lang='lat' dir='ltr'>illa</span> <span class='ocrx_word' id='word_1_343' title='bbox 724 4295 760 4351; x_wconf 90' lang='lat' dir='ltr'>ad</span> <span class='ocrx_word' id='word_1_344' title='bbox 778 4295 951 4366; x_wconf 85' lang='lat' dir='ltr'>Simplicium</span> <span class='ocrx_word' id='word_1_345' title='bbox 968 4296 1003 4352; x_wconf 90' lang='lat' dir='ltr'>de</span> <span class='ocrx_word' id='word_1_346' title='bbox 1020 4298 1185 4367; x_wconf 87' lang='lat' dir='ltr'>recuperato</span> <span class='ocrx_word' id='word_1_347' title='bbox 1208 4296 1328 4368; x_wconf 88' lang='lat' dir='ltr'>imperio</span> <span class='ocrx_word' id='word_1_348' title='bbox 1346 4294 1536 4365; x_wconf 70' lang='grc' dir='ltr'><strong>11111111(ωώ</strong></span> 
     </span>
     <span class='ocr_line' id='line_1_39' title="bbox 331 4378 1536 4453; baseline 0.004 -18"><span class='ocrx_word' id='word_1_349' title='bbox 331 4381 410 4451; x_wconf 88' lang='lat' dir='ltr'>epist.</span> <span class='ocrx_word' id='word_1_350' title='bbox 425 4378 521 4449; x_wconf 86' lang='lat' dir='ltr'>Simpl.</span> <span class='ocrx_word' id='word_1_351' title='bbox 536 4395 592 4433; x_wconf 90' lang='lat' dir='ltr'>non</span> <span class='ocrx_word' id='word_1_352' title='bbox 605 4382 724 4434; x_wconf 71' lang='lat' dir='ltr'>exstent.</span> <span class='ocrx_word' id='word_1_353' title='bbox 739 4381 816 4449; x_wconf 86' lang='lat' dir='ltr'>n.V)‚</span> <span class='ocrx_word' id='word_1_354' title='bbox 835 4383 885 4435; x_wconf 90' lang='lat' dir='ltr'>aut</span> <span class='ocrx_word' id='word_1_355' title='bbox 903 4381 959 4436; x_wconf 84' lang='lat' dir='ltr'>alia</span> <span class='ocrx_word' id='word_1_356' title='bbox 976 4381 1012 4436; x_wconf 81' lang='lat' dir='ltr'>ad</span> <span class='ocrx_word' id='word_1_357' title='bbox 1024 4381 1180 4452; x_wconf 78' lang='lat' dir='ltr'>Aegyptios</span> <span class='ocrx_word' id='word_1_358' title='bbox 1196 4380 1277 4450; x_wconf 76' lang='lat' dir='ltr'>dats,</span> <span class='ocrx_word' id='word_1_359' title='bbox 1294 4380 1331 4437; x_wconf 81' lang='lat' dir='ltr'>de</span> <span class='ocrx_word' id='word_1_360' title='bbox 1348 4381 1451 4453; x_wconf 67' lang='lat' dir='ltr'>quibu·</span> <span class='ocrx_word' id='word_1_361' title='bbox 1466 4394 1536 4439; x_wconf 68' lang='grc'><strong>111011</strong></span> 
     </span>
     <span class='ocr_line' id='line_1_40' title="bbox 330 4464 1531 4539; baseline 0.003 -20"><span class='ocrx_word' id='word_1_362' title='bbox 330 4466 408 4520; x_wconf 82' lang='lat' dir='ltr'>Felix</span> <span class='ocrx_word' id='word_1_363' title='bbox 426 4468 452 4520; x_wconf 96' lang='lat' dir='ltr'>II</span> <span class='ocrx_word' id='word_1_364' title='bbox 471 4464 550 4534; x_wconf 88' lang='lat' dir='ltr'>epist.</span> <span class='ocrx_word' id='word_1_365' title='bbox 572 4472 584 4518; x_wconf 88' lang='lat'>1</span> <span class='ocrx_word' id='word_1_366' title='bbox 604 4483 630 4518; x_wconf 90' lang='lat' dir='ltr'>n.</span> <span class='ocrx_word' id='word_1_367' title='bbox 649 4472 673 4531; x_wconf 84' lang='lat'>8,</span> <span class='ocrx_word' id='word_1_368' title='bbox 692 4472 708 4519; x_wconf 80' lang='lat'><strong>2</strong></span> <span class='ocrx_word' id='word_1_369' title='bbox 726 4484 753 4519; x_wconf 93' lang='lat' dir='ltr'>n.</span> <span class='ocrx_word' id='word_1_370' title='bbox 773 4472 797 4520; x_wconf 82' lang='lat'>4.</span> <span class='ocrx_word' id='word_1_371' title='bbox 820 4496 854 4505; x_wconf 84' lang='lat'><em>-</em></span> <span class='ocrx_word' id='word_1_372' title='bbox 871 4466 936 4520; x_wconf 84' lang='lat' dir='ltr'>Mor</span> <span class='ocrx_word' id='word_1_373' title='bbox 954 4466 1023 4521; x_wconf 88' lang='lat' dir='ltr'>editi</span> <span class='ocrx_word' id='word_1_374' title='bbox 1046 4473 1090 4537; x_wconf 75' lang='lat' dir='ltr'>qai·</span> <span class='ocrx_word' id='word_1_375' title='bbox 1106 4472 1143 4521; x_wconf 72' lang='lat' dir='ltr'>air</span> <span class='ocrx_word' id='word_1_376' title='bbox 1160 4488 1214 4522; x_wconf 83' lang='lat' dir='ltr'>ena</span> <span class='ocrx_word' id='word_1_377' title='bbox 1231 4476 1277 4521; x_wconf 76' lang='lat' dir='ltr'>nne</span> <span class='ocrx_word' id='word_1_378' title='bbox 1294 4473 1362 4523; x_wconf 74' lang='lat' dir='ltr'>node</span> <span class='ocrx_word' id='word_1_379' title='bbox 1382 4492 1427 4524; x_wconf 72' lang='lat' dir='ltr'>a.</span> <span class='ocrx_word' id='word_1_380' title='bbox 1443 4486 1531 4539; x_wconf 70' lang='lat' dir='ltr'>poue</span> 
     </span>
     <span class='ocr_line' id='line_1_41' title="bbox 330 4557 415 4606; baseline -0.012 0"><span class='ocrx_word' id='word_1_381' title='bbox 330 4557 415 4606; x_wconf 78' lang='lat' dir='ltr'>sentit.</span> 
     </span>
    </p>

    <p class='ocr_par' dir='ltr' id='par_1_5' title="bbox 333 4634 1536 4791">
     <span class='ocr_line' id='line_1_42' title="bbox 399 4634 1536 4709; baseline 0.002 -20"><span class='ocrx_word' id='word_1_382' title='bbox 399 4638 433 4705; x_wconf 85' lang='lat'>²¹)</span> <span class='ocrx_word' id='word_1_383' title='bbox 451 4634 493 4690; x_wconf 90' lang='lat' dir='ltr'>De</span> <span class='ocrx_word' id='word_1_384' title='bbox 511 4635 554 4689; x_wconf 90' lang='lat' dir='ltr'>his</span> <span class='ocrx_word' id='word_1_385' title='bbox 572 4634 686 4704; x_wconf 89' lang='lat' dir='ltr'>quidem</span> <span class='ocrx_word' id='word_1_386' title='bbox 703 4636 821 4691; x_wconf 88' lang='lat' dir='ltr'>Zenonis</span> <span class='ocrx_word' id='word_1_387' title='bbox 839 4637 868 4692; x_wconf 88' lang='lat' dir='ltr'>et</span> <span class='ocrx_word' id='word_1_388' title='bbox 885 4636 980 4692; x_wconf 86' lang='lat' dir='ltr'>Aeacii</span> <span class='ocrx_word' id='word_1_389' title='bbox 997 4636 1099 4692; x_wconf 86' lang='lat' dir='ltr'>litteris</span> <span class='ocrx_word' id='word_1_390' title='bbox 1116 4637 1276 4693; x_wconf 69' lang='lat' dir='ltr'>conferatur</span> <span class='ocrx_word' id='word_1_391' title='bbox 1287 4636 1394 4695; x_wconf 73' lang='lat' dir='ltr'>Gelasii</span> <span class='ocrx_word' id='word_1_392' title='bbox 1410 4636 1490 4709; x_wconf 74' lang='lat' dir='ltr'>epist</span> <span class='ocrx_word' id='word_1_393' title='bbox 1502 4642 1536 4691; x_wconf 76' lang='lat'>2⁴</span> 
     </span>
     <span class='ocr_line' id='line_1_43' title="bbox 333 4710 1223 4791; baseline 0.002 -16"><span class='ocrx_word' id='word_1_394' title='bbox 333 4723 361 4775; x_wconf 88' lang='lat' dir='ltr'>et</span> <span class='ocrx_word' id='word_1_395' title='bbox 379 4720 480 4776; x_wconf 90' lang='lat' dir='ltr'>notitia</span> <span class='ocrx_word' id='word_1_396' title='bbox 497 4720 577 4791; x_wconf 90' lang='lat' dir='ltr'>epist.</span> <span class='ocrx_word' id='word_1_397' title='bbox 596 4720 696 4775; x_wconf 80' lang='lat' dir='ltr'>Felicis</span> <span class='ocrx_word' id='word_1_398' title='bbox 715 4721 739 4775; x_wconf 95' lang='lat' dir='ltr'>II</span> <span class='ocrx_word' id='word_1_399' title='bbox 757 4739 813 4776; x_wconf 88' lang='lat' dir='ltr'>non</span> <span class='ocrx_word' id='word_1_400' title='bbox 832 4724 951 4777; x_wconf 84' lang='lat' dir='ltr'>exstant.</span> <span class='ocrx_word' id='word_1_401' title='bbox 970 4741 996 4776; x_wconf 90' lang='lat' dir='ltr'>n.</span> <span class='ocrx_word' id='word_1_402' title='bbox 1016 4722 1081 4777; x_wconf 89' lang='lat' dir='ltr'>VIII</span> <span class='ocrx_word' id='word_1_403' title='bbox 1099 4724 1128 4777; x_wconf 86' lang='lat' dir='ltr'>et</span> <span class='ocrx_word' id='word_1_404' title='bbox 1144 4722 1192 4777; x_wconf 85' lang='lat' dir='ltr'>IX.</span> <span class='ocrx_word' id='word_1_405' title='bbox 1213 4710 1223 4721; x_wconf 73' lang='grc'><strong>’</strong></span> 
     </span>
    </p>

    <p class='ocr_par' dir='ltr' id='par_1_6' title="bbox 334 4802 1536 4975">
     <span class='ocr_line' id='line_1_44' title="bbox 399 4802 1536 4881; baseline 0 -20"><span class='ocrx_word' id='word_1_406' title='bbox 399 4810 433 4873; x_wconf 88' lang='grc'>”)</span> <span class='ocrx_word' id='word_1_407' title='bbox 452 4806 564 4861; x_wconf 86' lang='lat' dir='ltr'>Scilicet</span> <span class='ocrx_word' id='word_1_408' title='bbox 580 4806 610 4861; x_wconf 89' lang='lat' dir='ltr'>in</span> <span class='ocrx_word' id='word_1_409' title='bbox 626 4805 728 4861; x_wconf 87' lang='lat' dir='ltr'>litteris</span> <span class='ocrx_word' id='word_1_410' title='bbox 746 4806 799 4861; x_wconf 89' lang='lat' dir='ltr'>illis</span> <span class='ocrx_word' id='word_1_411' title='bbox 817 4807 981 4878; x_wconf 85' lang='lat' dir='ltr'>deperditis,</span> <span class='ocrx_word' id='word_1_412' title='bbox 1000 4807 1034 4862; x_wconf 88' lang='lat' dir='ltr'>de</span> <span class='ocrx_word' id='word_1_413' title='bbox 1053 4807 1154 4877; x_wconf 83' lang='lat' dir='ltr'>quibus</span> <span class='ocrx_word' id='word_1_414' title='bbox 1171 4808 1266 4878; x_wconf 77' lang='lat' dir='ltr'>agitur</span> <span class='ocrx_word' id='word_1_415' title='bbox 1282 4808 1313 4863; x_wconf 84' lang='lat' dir='ltr'>iu</span> <span class='ocrx_word' id='word_1_416' title='bbox 1328 4811 1388 4865; x_wconf 78' lang='lat' dir='ltr'>not</span> <span class='ocrx_word' id='word_1_417' title='bbox 1407 4808 1489 4881; x_wconf 71' lang='lat' dir='ltr'>epist</span> <span class='ocrx_word' id='word_1_418' title='bbox 1505 4802 1536 4861; x_wconf 85' lang='grc' dir='ltr'><strong><em>Ε</em></strong></span> 
     </span>
     <span class='ocr_line' id='line_1_45' title="bbox 334 4883 1398 4975; baseline 0.004 -30"><span class='ocrx_word' id='word_1_419' title='bbox 334 4905 390 4946; x_wconf 86' lang='lat' dir='ltr'>nou</span> <span class='ocrx_word' id='word_1_420' title='bbox 407 4892 524 4948; x_wconf 80' lang='lat' dir='ltr'>exstant.</span> <span class='ocrx_word' id='word_1_421' title='bbox 544 4910 571 4947; x_wconf 87' lang='lat' dir='ltr'>u.</span> <span class='ocrx_word' id='word_1_422' title='bbox 583 4891 630 4949; x_wconf 88' lang='lat' dir='ltr'>VI.</span> <span class='ocrx_word' id='word_1_423' title='bbox 650 4922 683 4931; x_wconf 95' lang='lat'>-</span> <span class='ocrx_word' id='word_1_424' title='bbox 700 4883 777 4948; x_wconf 80' lang='lat' dir='ltr'>Editi</span> <span class='ocrx_word' id='word_1_425' title='bbox 794 4900 826 4947; x_wconf 82' lang='lat' dir='ltr'>de</span> <span class='ocrx_word' id='word_1_426' title='bbox 845 4915 895 4965; x_wconf 86' lang='lat' dir='ltr'>qno</span> <span class='ocrx_word' id='word_1_427' title='bbox 913 4896 943 4949; x_wconf 87' lang='lat' dir='ltr'>et</span> <span class='ocrx_word' id='word_1_428' title='bbox 959 4893 1032 4950; x_wconf 83' lang='lat' dir='ltr'>infra</span> <span class='ocrx_word' id='word_1_429' title='bbox 1049 4901 1206 4975; x_wconf 61' lang='lat' dir='ltr'>demontrat</span> <span class='ocrx_word' id='word_1_430' title='bbox 1278 4901 1398 4965; x_wconf 73' lang='lat' dir='ltr'>apponit.</span> 
     </span>
    </p>
   </div>
   <div class='ocr_carea' id='block_1_4' title="bbox 0 0 1722 5664">
    <p class='ocr_par' dir='ltr' id='par_1_7' title="bbox 0 0 1722 5664">
     <span class='ocr_line' id='line_1_46' title="bbox 0 0 1722 5664; baseline 0 0"><span class='ocrx_word' id='word_1_431' title='bbox 0 0 1722 5664; x_wconf 95' lang='lat' dir='ltr'> </span> 
     </span>
    </p>
   </div>
  </div>
 </body>
</html>
