3412 5664
208 305 269 371 732
659 317 687 365 s.
703 315 885 365 smumom
907 316 1021 365 11111

208 475 323 539 fiducia
351 494 502 537 concessa
530 470 654 535 exstitit
680 471 784 533 mater
811 470 973 536 audaciae.
1028 470 1092 537 Sed
1121 473 1177 557 qui
1212 492 1269 537 me
1298 470 1498 537 humilitatis

207 579 301 661 putat
322 576 482 659 ignarum,
506 573 707 637 obedientem
728 573 888 655 probabit,
917 573 945 637 si
961 574 1055 657 jussa
1076 574 1279 639 consideret.
1329 573 1498 639 Praesum-

207 678 276 762 ptio
298 681 362 759 est,
391 675 419 739 si
441 675 639 738 dominorum
661 673 817 739 beneficia
837 674 951 741 famuli
978 697 1042 740 non
1071 679 1274 760 sequantur:
1304 674 1498 761 obsequium

208 778 442 843 austiumndum
464 779 552 862 puto,
576 777 658 861 quod
674 776 837 860 pariturus
853 776 1013 862 impendo.
1046 776 1133 843 Ecce
1149 800 1290 843 oausam
1306 779 1498 863 scriptionis

209 881 345 963 essenii,
379 880 453 963 quia
476 879 595 942 veribus
618 901 704 961 sum,
738 900 779 942 ne
807 881 880 961 post
907 881 1097 963 imperatam
1125 878 1205 965 styli
1237 902 1358 944 curam
1388 884 1498 945 tacens

209 986 380 1067 praecepta
402 1003 594 1065 respuerem.
639 980 713 1045 Huc
736 984 887 1064 accessit,
916 981 1001 1065 quod
1022 982 1057 1047 in
1080 1004 1179 1047 causa
1203 982 1417 1047 venerabilis
1438 1006 1497 1047 mc-

208 1085 326 1147 moriae
349 1083 460 1165 Marii,
485 1082 560 1147 dum
582 1084 667 1167 apud
680 1083 800 1149 Urbem
823 1104 924 1147 essem
931 1133 941 1166 ,
964 1105 1056 1168 spem
1075 1084 1156 1149 meis
1178 1084 1346 1170 precibus
1370 1108 1429 1150 ros
1450 1086 1499 1150 dc·

208 1186 309 1249 distis.
349 1184 445 1268 Cujus
468 1185 634 1269 negotium
658 1207 729 1249 1111
752 1188 865 1250 sancta
887 1185 1022 1250 ecclesia
1043 1190 1152 1251 vestre
1165 1186 1331 1272 legitima
1347 1188 1499 1272 pactione

208 1288 348 1352 decisum
371 1290 434 1370 est3
457 1287 510 1350 sod
534 1286 686 1351 haeredes
709 1288 777 1371 ejus
799 1310 857 1372 per
879 1310 980 1353 annos
1002 1288 1156 1374 plurimos
1180 1288 1320 1353 debitos
1348 1289 1415 1353 sibi
1437 1290 1499 1355 lm·

209 1393 278 1453 ctus
307 1389 425 1452 deflent
452 1389 550 1452 fuisse
578 1390 769 1454 subtractos.
815 1388 878 1455 Pro
900 1391 1015 1475 quibus
1037 1390 1134 1455 vestri
1162 1372 1327 1455 conscius
1350 1397 1500 1477 precator

209 1489 340 1573 accedo,
362 1491 438 1576 quio
460 1492 510 1554 cui
532 1512 601 1554 mos
624 1494 672 1555 est
694 1492 749 1576 pia
767 1491 891 1577 jugiter
912 1491 1030 1577 faeere,
1051 1492 1141 1576 justa
1162 1514 1235 1557 non
1259 1490 1444 1578 despiciet,
1469 1498 1499 1559 ct

208 1593 261 1677 qui
284 1592 422 1678 largitur
442 1592 617 1677 proprium,
641 1592 746 1657 aliena
768 1616 835 1658 non
857 1592 1035 1659 subtrahet.
1073 1593 1184 1677 Errat,
1210 1594 1270 1680 qui
1296 1594 1375 1661 Deo
1395 1596 1500 1681 proxi·

208 1716 294 1759 mam
317 1694 547 1759 conscientiam
563 1695 664 1759 credit
679 1695 851 1761 commodis
865 1695 1012 1761 invitari:
1035 1695 1275 1761 detrimentum
1292 1700 1350 1763 est
1367 1702 1499 1765 sanctae

209 1797 377 1877 volmrtati,
401 1819 467 1860 non
490 1796 639 1862 exhibere
662 1798 863 1862 beneficium.
908 1796 983 1863 Sola
1005 1797 1126 1883 putatis
1146 1797 1263 1883 lucra,
1296 1822 1389 1885 quae
1411 1800 1499 1865 robis

208 1899 247 1963 de
269 1897 464 1963 liberalitate
486 1903 677 1983 nasermtur3
700 1900 754 1984 qui
769 1899 899 1964 divitias
914 1899 990 1963 dum
1003 1899 1157 1984 tribuitis,
1183 1901 1362 1987 accipitis.
1391 1904 1499 1969 Aram

209 2004 258 2066 est
280 2001 477 2086 dispensatio
499 2003 700 2085 sanctornm,
724 2023 805 2087 quac
826 2002 875 2066 nil
897 2002 1102 2085 reservando,
1135 2002 1300 2069 universa
1330 2006 1498 2091 proprium

209 2102 333 2167 reducit
355 2104 395 2166 ad
416 2103 576 2168 meritum.
613 2102 712 2168 Nulla
733 2106 809 2166 1111
830 2104 967 2188 potiora,
990 2125 1087 2189 quam
1108 2125 1193 2189 quoe
1216 2106 1320 2173 vobis
1344 2108 1497 2173 eveniunt

209 2207 247 2269 de
270 2204 423 2288 largitate
446 2206 644 2289 compendia.
682 2204 771 2291 Ergo
794 2227 923 2270 securus
946 2204 1167 2291 comprehensi
1190 2208 1364 2293 superius,
1389 2208 1497 2275 haere

209 2307 302 2371 dibus
329 2307 448 2370 laboris
475 2308 606 2391 promisi
635 2310 741 2372 vestra
771 2308 1041 2393 contemplatione
1065 2307 1251 2393 jacturam:
1284 2333 1347 2375 vos
1376 2312 1497 2397 pollici-

208 2411 365 2474 tationem
386 2430 491 2473 meam
512 2410 656 2494 benignu
678 2410 887 2494 dispositione
910 2410 1068 2495 complete
1074 2460 1083 2495 ,
1114 2414 1147 2475 et
1170 2410 1249 2475 illos
1274 2412 1420 2499 effectu,
1448 2436 1496 2479 me

210 2512 347 2576 relevate
371 2511 538 2596 colloquio.

714 2697 897 2804 Epistola
922 2698 977 2781 21.

518 2853 671 2919 Ennodit
693 2852 738 2919 ad
761 2850 1012 2935 Symmachum
1034 2870 1174 2937 papam.

488 2994 568 3044 Filios
586 2994 722 3043 Laurentii
737 2994 787 3043 virt
801 2994 912 3044 sublimis
927 3010 1013 3059 pupae
1031 2994 1196 3045 commendet
1499 3014 1544 3079 pp

362 3126 566 3191 Ennodius
589 3126 817 3211 Symmacho
839 3149 974 3212 papae.

293 3246 445 3322 Quamvis
460 3246 586 3310 sublimi
602 3247 670 3311 viro
685 3234 858 3311 Laurentio
867 3247 891 3332 ¹)
907 3246 1039 3311 assistat
1052 3268 1111 3331 pro
1125 3246 1310 3332 pignorum
1332 3270 1493 3315 commen·

210 3350 339 3414 datione
362 3349 505 3432 probitas
528 3370 596 3430 sna,
626 3352 659 3413 et
680 3349 781 3433 patris
803 3348 975 3434 prudentis
996 3369 1109 3413 causas
1131 3348 1258 3413 sobolis
1281 3358 1490 3437 exsequatur,

210 3456 355 3517 ettamen
383 3449 596 3514 sollicitudine
626 3451 762 3535 genitali
791 3451 831 3515 ad
853 3449 1011 3535 ampliora
1037 3448 1200 3534 procedit,
1237 3454 1276 3515 et
1306 3452 1366 3517 vix
1394 3454 1492 3519 credit-

211 3576 267 3638 pro
290 3553 364 3617 liliis
386 3552 532 3615 sufficere
554 3552 637 3636 quod
658 3557 809 3618 meretur.
854 3551 1054 3636 Adjutrieem
1075 3551 1111 3615 in
1131 3550 1403 3637 adstipulatione
1425 3578 1492 3641 ger·

210 3657 305 3719 minis
339 3654 492 3740 paginam
526 3655 666 3740 (luserit,
701 3657 734 3719 ct
761 3655 944 3739 trepidante
971 3653 1142 3739 diligentia
1169 3658 1310 3738 patrum
1347 3656 1492 3723 ardorem

211 3758 327 3821 nititur
355 3778 426 3821 cum
455 3756 663 3821 universitate
692 3757 807 3842 partiri
862 3754 1029 3841 Cogitate,
1064 3755 1092 3819 si
1119 3754 1189 3819 viro
1215 3758 1353 3841 optimo
1381 3760 1490 3845 negem

211 3860 342 3923 effectus
365 3857 469 3941 poturit
491 3862 524 3922 et
546 3859 600 3942 pia
623 3862 654 3923 et
673 3859 764 3942 justa
786 3858 941 3942 poscent'.
986 3856 1123 3922 Tribuat
1143 3856 1318 3923 Divinitas
1343 3862 1491 3925 effectum

210 3961 358 4047 precibus
374 3960 454 4043 ejus,
478 3963 511 4024 et
526 3960 612 4025 bunc
627 3960 837 4025 beatitudinis
849 3963 973 4024 vestrae
987 3957 1163 4025 nominatis
1178 3960 1368 4027 conciliare
1383 3962 1490 4049 digne

210 4068 263 4128 tur
279 4064 443 4144 1111111111,
468 4066 503 4127 11
518 4062 623 4148 erigat
645 4062 794 4148 parvulos
816 4062 986 4145 implorata
1008 4082 1144 4125 coronae
1160 4066 1295 4129 vestrae
1309 4064 1491 4131 miseratio:

211 4170 369 4251 quatenus
391 4164 479 4228 anxii
508 4165 593 4230 circa
620 4166 705 4249 ipsos
733 4164 890 4247 genitinis
918 4166 992 4229 vota
1013 4166 1218 4247 superentur.
1268 4164 1420 4233 Domine
1440 4166 1491 4247 mi,

211 4290 314 4353 sporo,
338 4269 374 4330 ut
395 4267 552 4350 promissa
573 4267 691 4330 dudum
714 4265 898 4351 benignitas
920 4265 955 4329 in
977 4286 1016 4329 ea
1037 4268 1128 4349 parte
1145 4265 1385 4333 testimonium
1401 4270 1491 4349 lent,

211 4370 238 4433 si
261 4368 498 4454 comprehensis
520 4368 665 4454 superius
687 4368 887 4453 geminatam
915 4366 1058 4451 impendi
1079 4366 1242 4453 gratiam,
1274 4370 1336 4455 qui
1366 4394 1493 4457 perure

211 4476 376 4555 precatur,
400 4470 573 4556 intelligat.

282 4746 300 4811 ¹)
319 4744 361 4797 De
378 4742 476 4798 eodem
494 4742 576 4807 hujus
593 4738 646 4795 viri
663 4740 776 4810 negotio
794 4740 936 4796 Ennodius
954 4756 1039 4811 agere
1056 4738 1168 4797 videtur
1185 4742 1275 4813 epist
1288 4744 1341 4815 tv,
1355 4752 1398 4803 1¹.
