3412 5664
548 328 748 377 sersronnu
769 319 821 377 42.
1275 315 1316 380 tt

95 491 146 549 alind
160 491 328 564 fragmentum
348 487 471 544 subnecti
487 487 599 543 Damaso
614 488 782 553 attributum,
799 490 856 544 'nisi
877 489 949 562 quod
970 488 1046 564 liegii
1062 490 1220 563 exemplaris
1236 490 1318 546 colle·

91 572 314 644 momsubjicitun
342 573 403 629 inde
429 581 592 647 sequeretur
612 574 758 638 evidenter,
787 582 838 629 tam
864 574 936 630 illam
963 591 1095 631 cationum
1120 575 1316 640 collectionem,

85 676 148 735 qnam
159 658 306 715 llolstenius
320 662 542 716 uetustissimum
557 667 585 715 et
599 659 731 716 baronius
744 660 969 718 Crescour‘ouom
984 668 1088 724 vocant,
1105 677 1184 735 quarn
1196 669 1317 718 frustrum

81 744 144 820 fagil
154 743 304 818 exemplaris
319 760 375 800 non
391 743 467 800 aliam
483 761 543 800 esse
561 761 576 799 a
594 744 761 818 llionysiana.
784 745 882 801 Verum
894 745 957 802 licet
969 745 1144 821 llionysianae
1156 746 1319 809 collectioni,

77 829 157 886 saltem
168 831 192 885 in
205 827 290 904 hegio
306 828 461 904 exemplari,
476 831 597 903 proxime
613 828 763 887 subnexum
778 831 814 886 sit
830 830 1011 905 fragmentum
1031 848 1111 906 saepe
1133 840 1317 893 memoratum,

73 914 101 970 arf
115 914 289 988 dionysianam
310 921 400 970 minen
416 914 605 971 collectionem
618 915 702 971 nihilo
718 917 812 990 magis,
829 932 908 989 quarn
924 925 969 972 aut
985 917 1071 973 eidem
1088 917 1239 992 fragmento
1255 916 1318 972 sub·

66 1000 156 1071 jectam
168 998 356 1055 Gdhcanarum
372 1001 569 1074 provinciarum
597 1000 719 1056 notitiam
741 1009 787 1056 aut
805 1001 867 1056 huic
882 1000 1070 1058 adhaerentem
1086 1002 1317 1077 hudegarensirrm

66 1086 243 1159 cpiscoporum
266 1084 428 1159 catalogum,
451 1085 616 1141 censendum
632 1095 673 1141 est
688 1087 833 1160 pertinere.
865 1085 898 1141 Et
919 1103 992 1150 vero,
1014 1088 1037 1143 si
1052 1088 1235 1161 pertinuisset,
1258 1087 1318 1144 llio·

63 1171 160 1243 npsius,
178 1171 224 1244 qni
244 1169 416 1244 singulorum
436 1169 596 1245 pontificum
617 1170 724 1226 decreta
740 1188 794 1227 non
809 1171 932 1235 confuse,
954 1172 1001 1228 sed
1023 1172 1113 1228 habita
1133 1173 1236 1228 ratione
1253 1182 1319 1228 tern-

58 1256 142 1329 pon's,
162 1271 215 1328 quo
235 1255 351 1329 quisque
373 1257 459 1330 gessit
479 1254 675 1330 pontificatum,
699 1256 838 1318 ordinavit,
861 1256 928 1312 illud
953 1273 1121 1331 nequaquam
1143 1257 1272 1313 Anastasii
1288 1257 1318 1319 ll,

56 1339 104 1414 qni
119 1338 226 1395 barum
241 1349 324 1414 atque
339 1340 444 1397 Gelasio
465 1342 603 1415 posterior
617 1348 667 1404 est,
691 1341 807 1398 decretis
823 1340 993 1411 subjecisset.
1023 1343 1117 1416 Neque
1139 1343 1217 1398 etiam
1238 1344 1319 1398 omis·

55 1440 116 1479 sur
136 1433 208 1481 esset
227 1427 255 1480 in
278 1442 309 1481 ea
330 1425 449 1500 lllonysii
474 1424 645 1489 collectione,
679 1444 758 1502 qnam
785 1425 880 1482 Carolo
902 1426 997 1501 lfagno
1025 1427 1199 1483 Hadrianusl
1226 1428 1319 1484 multis

52 1509 172 1565 demtis
187 1518 290 1566 auctam
306 1519 335 1566 et
347 1511 376 1567 in
391 1509 467 1567 nullo
482 1512 646 1567 imminutam
665 1511 782 1567 tradidit.
805 1511 853 1567 llic
866 1512 937 1568 forte
948 1520 1059 1584 quaeret
1074 1512 1179 1587 aliquis,
1195 1529 1244 1569 cur
1258 1512 1318 1569 bio-

53 1597 149 1668 sysius
163 1595 221 1670 ipse
235 1597 446 1669 praetermiserit
460 1595 607 1658 decretum,
624 1597 697 1670 quod
714 1596 831 1670 quidem,
848 1598 870 1652 si
886 1613 948 1653 vere
964 1606 1006 1652 est
1021 1597 1127 1658 Gelasii,
1144 1614 1205 1653 euru
1221 1598 1318 1671 fugere

52 1696 109 1734 nun
126 1680 224 1754 potuit,
240 1697 323 1754 quum
338 1683 459 1755 proxime
481 1690 544 1755 post
560 1681 641 1752 hujus
661 1698 745 1756 papae
766 1680 868 1737 obitum
889 1684 993 1738 venerit
1008 1681 1118 1738 Romam
1138 1681 1252 1756 ejusque
1273 1682 1319 1737 ad·

52 1766 166 1821 dator
187 1772 214 1822 et
234 1768 412 1822 encomiastes
432 1769 575 1823 exstiterit.
614 1766 682 1823 Huic
703 1768 853 1840 quaestioni
875 1783 947 1823 uum.
967 1768 984 1823 7
1013 1768 1139 1824 faciemus
1160 1769 1234 1823 satis.
1266 1766 1317 1823 Sed
1358 1812 1360 1817 .

52 1853 131 1924 prim
144 1850 341 1907 ostendendum
357 1860 407 1913 est,
430 1852 619 1926 fragmentum,
638 1852 711 1925 quod
727 1854 754 1908 in
770 1851 914 1926 exemplari
930 1851 1016 1927 hegio
1032 1869 1062 1909 ac
1077 1851 1183 1909 duobus
1199 1851 1319 1909 tribusve

53 1934 181 1991 lunum
202 1934 312 1992 Damaso
332 1938 491 2012 inscriptum
512 1946 563 2001 est,
586 1937 667 2008 hujus
688 1927 822 2011 pontificis
844 1937 912 1993 falso
933 1953 1047 2011 praese
1068 1938 1139 1994 ferre
1160 1955 1267 2001 nomen,
1289 1953 1319 1992 ac

52 2019 163 2077 Gelasio
178 2021 376 2078 restituendum
391 2039 460 2079 esse.

140 2106 170 2162 6.
201 2090 240 2161 dd
262 2108 469 2182 inscriptionem
489 2107 559 2164 illam
575 2107 649 2182 quod
670 2109 775 2170 attinet,
798 2107 899 2163 falsitas
916 2106 974 2178 ejus
990 2107 1065 2164 nullo
1080 2109 1193 2183 negotio
1209 2106 1319 2163 ‹lemon-

54 2200 166 2247 ων.
198 2190 262 2258 Quis
277 2194 348 2249 enirn
364 2192 473 2250 bamaso
496 2193 522 2247 id
539 2192 606 2248 falso
628 2192 740 2249 adscribi
757 2210 811 2249 non
827 2194 979 2267 perspiciat,
998 2194 1024 2249 in
1046 2210 1100 2267 quo
1123 2211 1176 2250 non
1193 2209 1223 2248 ea
1238 2193 1319 2247 modo

57 2277 199 2333 uocari
218 2274 306 2333 unum
328 2279 441 2353 scripta,
464 2295 533 2352 quae
554 2276 585 2333 ab
606 2278 769 2352 llieronymo
790 2277 1026 2352 reprehenduntur
1045 2279 1167 2352 adeoque
1188 2286 1251 2352 post
1272 2278 1319 2333 fta·

58 2362 122 2417 ui
137 2360 240 2417 offitum
255 2361 395 2419 lucubrata
415 2373 488 2425 sunt,
510 2363 557 2418 sed
579 2373 607 2419 et
627 2362 768 2420 Caelestini
784 2374 876 2437 papae,
898 2362 989 2436 Cyrilli
1010 2363 1190 2427 Alexandrini,
1212 2363 1318 2426 Leonis,

60 2444 226 2519 Hychetis,
254 2462 304 2503 nec
329 2465 385 2505 nou
410 2449 584 2504 conciliorum
611 2448 737 2523 Ephesini
764 2457 790 2504 et
816 2447 1042 2504 Calchedonensis
1069 2450 1234 2505 mentionem
1262 2447 1319 2503 heri

61 2530 140 2607 ψ.
149 2527 170 2603 ¹)
199 2530 257 2588 lloc
270 2542 360 2589 autern
375 2533 501 2590 mendum
519 2550 572 2589 uno
589 2533 758 2590 librariorum
774 2550 867 2590 errore
884 2535 1034 2608 irrepsisse,
1050 2541 1132 2609 atque
1148 2536 1257 2591 Gelosii
1271 2550 1319 2589 uo·

63 2632 118 2672 n
143 2616 205 2673 foco
219 2618 341 2674 Bemosi
358 2618 555 2674 restituendum
570 2636 640 2684 esse,
661 2621 739 2694 plane
760 2619 903 2693 persuadet
925 2618 1086 2675 llarlaeanus
1108 2619 1202 2676 codex.
1242 2618 1270 2674 ln
1286 2636 1319 2674 eo

64 2701 165 2775 p'drm
180 2711 321 2777 gestorum
337 2703 515 2778 synodaliuni,
540 2721 608 2778 quae
629 2707 656 2761 in
671 2705 756 2778 llegio
773 2703 952 2778 Romanisque
967 2704 1104 2761 codicibus
1119 2703 1318 2765 describuntur,

65 2803 121 2861 ps
138 2789 275 2844 omittitur
294 2791 378 2863 prima
399 2798 426 2844 et
441 2797 696 2864 postrematantum
717 2792 858 2851 retinetur,
879 2789 927 2845 sed
949 2791 1015 2846 haec
1034 2792 1192 2865 exprimitur
1206 2807 1237 2844 ea
1259 2787 1319 2850 fide,

66 2888 129 2945 με
140 2881 169 2928 et
187 2875 300 2947 primam
315 2873 424 2938 indicet,
440 2877 476 2930 ita
492 2884 521 2930 ut
537 2874 595 2945 ojus
614 2874 690 2930 nohis
707 2884 810 2931 crearet
831 2874 1003 2937 desiderium,
1024 2876 1075 2930 nisi
1097 2892 1154 2930 carn
1172 2873 1321 2948 praedicto·

67 2972 121 3015 ΙΙ
130 2957 251 3014 endicum
262 2958 393 3015 benefacio
402 2959 457 3030 jam
472 2959 640 3016 haberemus.
668 2960 712 3015 Sic
727 2962 826 3034 quippe
841 2969 964 3015 nostrum
979 2960 1117 3016 decretum
1129 2963 1156 3015 in
1167 2959 1215 3015 illo
1228 2959 1320 3015 codice

68 3037 257 3115 ’uibiturbz
286 3045 394 3116 Incipit
415 3047 563 3101 decretale
577 3048 613 3101 de
628 3047 802 3117 recipiendis
815 3046 906 3115 tibris,
928 3048 1005 3118 quod
1017 3049 1157 3117 seriptum
1173 3051 1249 3101 esto
1268 3046 1319 3099 Ge-

68 3128 134 3185 tn·-
142 3146 223 3200 pspn
238 3146 304 3186 cum
316 3131 402 3186 LXX
414 3133 612 3188 eruditissimis
626 3135 771 3203 episcopis
784 3135 813 3186 r'u
829 3132 896 3186 sede
911 3133 1070 3202 apostolico
1085 3135 1114 3186 iu
1131 3132 1202 3187 urbe
1217 3130 1318 3186 Romo.

72 3212 130 3268 f·
142 3215 262 3287 purime
275 3217 414 3288 sequitur:
435 3216 506 3273 ftem
519 3218 625 3273 dicerem
641 3224 702 3272 est.-
723 3216 793 3273 Post
807 3216 862 3272 fros
878 3232 975 3272 omues
985 3217 1177 3287 propheticos
1192 3223 1219 3271 et
1234 3232 1319 3271 euon-

73 3300 171 3369 βίον
188 3306 277 3372 etque
296 3304 492 3372 apostolicos,
515 3318 589 3375 petas
609 3306 744 3374 superius
763 3303 998 3373 deprompsimus,
1023 3305 1194 3372 scripturos,
1219 3301 1322 3373 quibus

73 3390 127 3443 Gt..
139 3382 286 3458 teutnnqm
301 3394 400 3450 cetera,
417 3394 447 3442 ut
461 3389 488 3442 in
503 3387 646 3460 praedictis
661 3385 798 3443 codicibus
814 3385 899 3461 Regio
914 3394 996 3459 atque
1014 3386 1147 3448 Romanis,
1163 3386 1320 3442 efferuntur.

74 3466 134 3524 he
145 3470 196 3525 hoc
209 3468 314 3526 llarlaei
330 3470 431 3528 codicis
447 3471 595 3533 exordium.
619 3474 668 3527 nisi
691 3471 849 3546 supplerent
870 3471 913 3526 alii
938 3473 1062 3527 nimirum
1079 3471 1152 3544 quod
1168 3472 1219 3545 ipsi
1234 3470 1321 3531 deest,

76 3550 203 3625 fflter
216 3571 328 3628 peccare
344 3558 441 3612 merito
457 3573 644 3613 censeremus:
660 3565 793 3631 quatenus
809 3564 836 3612 et
851 3574 865 3611 a
881 3555 968 3613 verbis
983 3557 1056 3613 Item
1067 3559 1173 3613 dictum
1186 3563 1236 3626 est,
1254 3572 1322 3629 quae

78 3636 163 3711 ῌ
176 3638 246 3694 aliud
259 3639 315 3711 iam
330 3641 432 3697 dictum
454 3642 593 3707 denotent,
616 3644 718 3716 incipit,
740 3650 767 3698 et
788 3641 885 3698 deinde
905 3658 998 3698 omnes
1019 3644 1166 3716 scripturas
1187 3645 1323 3714 superius

10 3748 12 3765 ¹
78 3722 244 3797 &ruptos
257 3725 366 3789 indicat,
388 3725 421 3781 de
437 3727 534 3800 quibus
550 3728 654 3784 nullum
670 3736 748 3783 autea
764 3726 872 3784 verbum
888 3726 1012 3782 habetur.
1043 3727 1096 3782 Sed
1119 3729 1181 3782 hinc
1203 3725 1324 3781 firmatur·

10 3812 13 3821 '
80 3808 161 3862 tuh
178 3808 330 3884 fragmenti,
357 3811 430 3885 qnod
452 3830 524 3869 nurrc
543 3815 658 3886 primurn
680 3811 820 3868 flelasiano
844 3812 953 3868 decreto
984 3813 1189 3886 praemittimus,
1210 3811 1324 3884 ejusque

10 3912 12 3919 ·
82 3905 151 3947 m
167 3910 226 3950 mm
239 3905 359 3951 extrema
380 3897 501 3967 ejusdem
517 3898 618 3954 decreti
638 3908 714 3971 parte
729 3897 929 3971 comprobatur.
966 3897 1111 3971 f'ostquam
1132 3899 1203 3952 enim
1224 3899 1324 3970 primae

84 3978 152 4047 ptis
164 3979 213 4035 hoc
225 3981 365 4037 exordium
378 3982 443 4037 fuit:
466 3983 581 4040 Dictum
593 3991 651 4040 est.-
663 3987 748 4055 prius
764 3984 904 4055 operclum
920 3990 962 4039 est
977 3985 1013 4039 de
1025 3982 1134 4054 Spiritu
1147 3983 1311 4056 septiformi
1318 4007 1325 4036 .-

85 4058 136 4117 h
146 4072 212 4119 tecte
225 4065 257 4120 ad
271 4066 382 4122 alteram
398 4070 529 4123 transitur
544 4069 585 4124 his
602 4067 703 4124 verbis:
725 4069 796 4124 ftem
812 4070 917 4124 dictum
933 4075 990 4124 est.-
1005 4085 1083 4124 uuuc
1100 4084 1167 4125 vero
1183 4070 1323 4142 agendum

86 4144 267 4221 &munus
279 4154 397 4209 diuinis:
412 4162 437 4208 et
455 4161 584 4209 contexto
600 4155 794 4227 scripturarum
805 4153 911 4209 illaruru
926 4152 1059 4226 catalogo,
1076 4169 1130 4208 non
1148 4154 1234 4208 minus
1246 4162 1324 4226 aptus

88 4231 160 4287 ud
172 4244 328 4308 postremam
345 4236 388 4293 hic
403 4240 547 4294 transitus:
577 4239 649 4294 Item
669 4241 775 4295 dictrtm
796 4246 853 4295 est:
870 4247 937 4311 post
957 4239 1012 4295 hus
1027 4255 1124 4295 omues
1135 4240 1325 4311 propheticus

89 4350 363 4372 Q

143 4416 162 4477 'i
175 4416 258 4484 hique
274 4416 328 4470 hoc
346 4416 457 4486 quidem
481 4418 570 4471 solnm
593 4418 627 4471 de
645 4419 736 4471 foranu
754 4418 871 4482 decreti,
916 4435 977 4472 raom
997 4415 1193 4473 Calussam
1215 4433 1324 4486 reprae-
1424 4428 1432 4441 ·

93 4484 175 4557 Ψ,
193 4500 247 4561 tpn
267 4485 302 4539 de
324 4488 414 4540 forma
436 4485 560 4563 ejusdem
583 4503 617 4539 ex
640 4486 721 4540 dictis
745 4486 886 4540 codicibus
894 4435 1038 4540 tibonranis
1056 4486 1224 4564 depromptu
1240 4486 1323 4563 ualet.

95 4544 180 4617 Ἣμ
191 4550 219 4605 h
234 4570 317 4621 quum
334 4553 363 4607 iu
382 4555 473 4608 verbra
491 4567 607 4609 exortum
626 4567 664 4609 est
682 4555 792 4622 finiunt,
816 4554 928 4608 inirrirne
951 4555 1177 4623 chronologicum
1201 4553 1324 4606 ordinem

97 4619 234 4681 metunt

147 4685 167 4751 'l
179 4686 273 4744 conire
282 4689 385 4744 Veron.
399 4696 444 4744 ot:
464 4696 502 4745 lle
520 4698 626 4746 coucilia
644 4697 669 4744 iu
688 4696 749 4746 urbe
763 4696 874 4745 flomauo
891 4695 937 4745 sard
951 4696 1061 4745 Damaso
1076 4711 1149 4811 popu
1161 4695 1239 4744 edito.
1265 4695 1325 4743 Post

99 4750 135 4801 ΙΙ
146 4770 216 4809 mer
227 4764 392 4827 mphetiros
410 4771 434 4812 ct
453 4767 612 4828 euanpeficos
630 4771 705 4838 utque
723 4766 879 4828 apostolicus
897 4766 1111 4837 scripturaque.
1131 4759 1266 4824 usquead
1280 4760 1323 4811 tin.

102 4818 190 4885 ψ
204 4832 325 4881 mun·
335 4832 382 4880 snb
396 4832 506 4882 ltunroso
519 4850 597 4897 popu,
622 4827 803 4895 l'msrugensis
816 4848 837 4881 s.
853 4828 1009 4880 lirnrneruur
1023 4829 1148 4879 sarrulrter
1160 4829 1250 4879 totum
1264 4845 1325 4879 cunr

103 4882 139 4937 111
150 4888 178 4940 de
191 4890 284 4960 Spiritu
303 4896 458 4965 septiformi
478 4897 587 4949 actioni·
612 4914 698 4964 usque
717 4897 752 4949 nd
772 4900 851 4949 finum
872 4896 994 4961 catologi
1009 4901 1119 4949 Duuruso
1137 4894 1243 4948 tribuit.
1276 4900 1324 4951 Ed.
