3412 5664
291 294 356 359 490
449 356 453 367 ,
511 304 516 311 ·
764 307 1087 357 1.(111111111111

292 466 396 550 magis
429 465 514 528 11111
547 464 758 541 reverentiam
791 463 877 528 beati
904 461 991 529 Petri
1025 461 1162 550 apostoli
1194 483 1253 549 pro
1286 484 1363 528 snae
1395 462 1443 528 fl

295 570 468 654 augmento
491 565 572 631 velle
595 564 724 632 servari.

742 737 1024 840 Fragmentum
1051 737 1106 822 13.

297 880 476 930 Theodericum
487 894 571 944 nepem
584 878 675 927 Sereni
687 878 783 927 Nolani
792 879 908 943 episcopi
918 880 1025 928 clericos
1036 876 1143 928 rebelles
1155 880 1192 929 ccl
1197 879 1295 929 Gelusii
1305 893 1413 929 exornes
1423 894 1443 929 rr

444 993 629 1058 Gelasius
652 993 888 1078 Quinigesio
910 997 950 1058 11
972 993 1239 1059 Constantino
1262 995 1443 1082 episcopi

376 1113 465 1177 Felix
488 1117 521 1177 et
535 1113 649 1177 Petrus
673 1112 826 1177 eeclesiae
841 1111 987 1177 Nolanae
1011 1112 1118 1178 1111111
1141 1113 1374 1181 contumaciter
1395 1118 1428 1180 11

292 1216 501 1280 constitutum
530 1214 663 1279 rebelles
692 1214 732 1278 ad
762 1215 949 1279 comitatum
970 1214 1030 1279 filii
1057 1215 1118 1280 mei
1147 1217 1235 1302 regis
1265 1220 1443 1301 1111111111

290 1317 543 1401 properandum,
572 1317 715 1381 dicentes
743 1316 805 1380 sibi
828 1317 892 1381 vim
913 1317 1012 1381 fuisse
1035 1322 1239 1402 generatam,
1270 1318 1370 1383 tacito
1393 1318 1443 1384 ele:

290 1419 411 1484 officio:
440 1423 473 1483 11
501 1420 726 1504 111111111111)
749 1419 923 1503 promerita
952 1424 1064 1484 contra
1087 1419 1276 1484 civilitatem
1298 1420 1443 1506 redempt

291 1521 437 1586 barbaris
459 1522 712 1606 suprascriptum
735 1521 920 1605 episcopum
942 1544 1033 1585 suum
1056 1522 1208 1606 gravibus
1229 1520 1358 1604 injuriis
1380 1524 1443 1587 eti

291 1623 384 1708 diis²)
408 1623 594 1688 affecerunt.
628 1623 767 1686 Proinde
789 1625 1005 1688 necessarium
1026 1624 1100 1706 fuit,
1124 1627 1161 1687 ut
1178 1625 1219 1688 ad
1234 1624 1381 1688 eumdem
1395 1623 1443 1689 dor

291 1725 392 1806 filium
413 1748 519 1790 meum
541 1725 744 1810 supradictus
765 1726 867 1790 frater
889 1728 998 1790 noster
1013 1725 1152 1791 Serenus
1174 1727 1342 1810 episcopus
1366 1748 1443 1792 cona

290 1830 480 1911 ostensaque
508 1827 652 1911 11111113)
682 1828 855 1891 secundum
886 1827 1119 1892 beatitudiuem
1146 1831 1327 1912 temporum
1354 1850 1443 1894 suoru

290 1929 613 2013 praecellentissimus
642 1930 726 1993 tilius
754 1951 842 1993 11111
865 1929 1080 1994 Theodericus
1102 1951 1157 1995 rex
1180 1931 1221 1995 ad
1243 1931 1422 2017 nostrum⁴)

291 2054 397 2098 maces
421 2033 552 2097 clericos
574 2032 698 2096 remisit
720 2053 863 2096 examen.

738 2144 1019 2305 Fragmentum
1047 2203 1101 2285 14.

327 2345 360 2395 de
382 2346 469 2394 Justns
491 2352 517 2393 ei
539 2343 683 2407 Stephanus
713 2344 745 2392 de
771 2343 874 2406 injuriis
901 2343 1020 2405 Proficies
1045 2342 1174 2408 Salpinati
1200 2346 1323 2411 episcope
1351 2360 1368 2393 a
1389 2342 1443 2393 Bru

324 2430 458 2494 spectabili
474 2432 529 2479 ciro
547 2429 636 2486 illatis,
659 2429 684 2476 si
699 2429 721 2477 r's
739 2429 908 2487 consenserit,
936 2436 1101 2492 capnoscnnt,
1128 2431 1168 2480 sin
1189 2430 1282 2490 minus,
1310 2431 1443 2495 episcopus

735 2513 831 2563 1111111
844 2513 959 2576 jadicem
976 2514 1116 2567 conveniat.

443 2630 629 2695 Gelasius
652 2629 769 2694 Justo
791 2632 829 2693 et
851 2629 1053 2713 Stephano
1076 2630 1289 2715 episcopie.

376 2751 489 2814 Frater
511 2754 545 2815 et
566 2749 771 2834 coepiscopus
794 2752 903 2813 noster
925 2747 1088 2813 Proficuus
1111 2748 1262 2833 Salpinae
1291 2751 1436 2816 sacerdos

291 2855 357 2918 siae
380 2853 523 2937 petitorii
551 2851 644 2915 nobis
671 2851 889 2915 insinuatione
912 2851 1091 2935 suggessit,
1121 2850 1325 2916 Brumarinm
1352 2854 1443 2938 spect

292 2957 411 3038 virum,
446 2977 543 3039 quum
571 2952 668 3017 nullis
691 2953 892 3017 exstantibus
915 2953 1018 3018 causis
1047 2976 1172 3019 serrum
1194 2954 1348 3020 eeclesiae
1370 2977 1443 3041 gran

292 3058 388 3122 caede
409 3059 599 3138 mactasset,
634 3059 711 3119 tunc
734 3055 831 3119 etiem
854 3055 893 3118 ad
916 3057 1096 3142 aagendam
1125 3056 1297 3121 violentiae
1320 3080 1443 3142 11111

292 3162 374 3225 ciam
402 3159 622 3244 supradictum
650 3157 829 3221 antistitem
857 3158 1054 3242 gravissimis
1083 3158 1284 3223 contumeliis
1312 3159 1443 3225 11111111

232 3309 234 3312 .
291 3264 377 3345 ideo,
401 3263 518 3326 fratres
542 3259 714 3341 carissimi,
738 3260 765 3322 si
788 3283 807 3323 1
829 3260 917 3323 vobis
940 3261 1122 3326 admonitus
1145 3260 1185 3325 ad
1204 3261 1363 3346 judicium
1385 3277 1443 3327 vern

291 3365 594 3450 inquisitionemque
617 3362 813 3443 convenerit,
838 3363 971 3426 veritate
986 3363 1138 3447 discussa,
1162 3364 1247 3428 unde
1262 3367 1375 3428 tantus
1393 3387 1443 3449 111

291 3468 422 3552 spiritus
446 3469 501 3529 ant
523 3465 695 3529 violentiae
719 3464 885 3548 conceptio
908 3464 1045 3548 fluxerit,
1070 3466 1183 3550 quidve
1199 3467 1300 3530 fuerit
1314 3467 1443 3551 quodpr

287 3569 384 3633 'tanta
404 3568 600 3632 laceraretur
621 3566 811 3650 insolentia,
834 3567 953 3630 nostris
976 3567 1106 3632 auribus
1129 3567 1285 3632 relatione
1308 3570 1443 3655 signate.

290 3672 317 3736 si
338 3671 422 3735 forte
449 3670 544 3734 simili
572 3670 832 3754 praesumptione
861 3669 1105 3753 contempserit,
1140 3673 1333 3754 potestatem
1362 3671 1423 3736 sibi

293 3952 323 3999 13
359 3947 378 4014 ¹)
398 3943 475 4009 Quae
493 3942 599 3998 scilicet
616 3957 717 3997 causae
730 3942 805 4012 apud
822 3940 908 3995 laicos
922 3940 1032 4010 jndices
1050 3942 1176 4010 agendae
1190 3941 1228 3996 eis
1245 3944 1443 4012 potcstatemi

356 4034 377 4099 2)
394 4030 472 4085 Hace
489 4031 531 4083 eat
548 4028 596 4084 illa
613 4033 753 4082 immanitas
768 4031 845 4094 facti,
865 4026 942 4095 cujus
959 4044 1044 4081 causa
1060 4026 1180 4082 Serenus
1197 4027 1234 4082 ad
1251 4027 1420 4084 comitatum
1438 4050 1443 4082 r

290 4135 335 4170 sus
352 4133 438 4186 supra
456 4114 614 4184 fragmento
635 4119 663 4166 ll
684 4111 793 4167 dicitur.

356 4206 377 4270 ³)
395 4201 428 4255 H.
442 4217 465 4254 c.
483 4199 626 4269 patefacto
645 4214 741 4253 eorum
759 4197 903 4262 clericatu,
923 4215 1006 4267 quem
1023 4198 1171 4253 tacuerant

357 4290 378 4354 ⁴)
397 4285 497 4339 Nolani
521 4283 644 4354 episcopi
665 4299 776 4337 causam
800 4282 836 4337 ad
854 4282 1024 4352 apostolicae
1041 4281 1114 4337 sedis
1132 4282 1179 4351 jus
1202 4283 1371 4354 pertimuisse
1388 4303 1443 4356 exp

289 4372 418 4437 habebit,
441 4370 489 4439 qui
511 4369 540 4422 id
563 4367 735 4437 adjunxerit,
765 4369 793 4421 ct
816 4367 890 4437 quod
910 4365 1035 4423 Gelasius
1053 4369 1152 4437 fragm.
1174 4375 1202 4422 11
1222 4367 1335 4438 scribit,
1360 4370 1443 4427 Scrca

289 4464 343 4512 sine
362 4468 451 4511 nostra
468 4460 565 4523 injurio
583 4453 619 4509 ud
632 4452 794 4508 comitatum
812 4453 894 4508 fuisse
913 4452 1098 4522 compulsum,
1116 4454 1145 4507 ct
1162 4453 1236 4522 qnod
1254 4456 1443 4525 fragmento!

289 4550 357 4611 tepea
380 4547 548 4596 Rornanorum
568 4544 709 4608 principum
730 4544 802 4593 circa
828 4546 995 4594 reuerentiam
1020 4543 1091 4593 beati
1112 4544 1186 4593 Petri
1208 4546 1322 4608 apostoli
1347 4562 1443 4596 serm

289 4629 424 4683 hactenus
442 4627 494 4681 hoc
512 4624 626 4695 negotio
644 4625 838 4679 11111111111.
874 4624 929 4678 Sed
947 4626 975 4679 et
994 4643 1057 4679 eum
1075 4642 1174 4679 causac
1197 4623 1271 4678 illins
1289 4626 1443 4695 cognition«

289 4713 332 4766 nia
350 4711 487 4782 episcopis
505 4710 637 4778 delegare
655 4711 724 4764 satis
742 4709 872 4764 habuisse
891 4709 955 4763 indc
974 4710 1124 4764 conficitur.

292 4803 322 4850 14
357 4799 377 4863 ¹)
396 4795 467 4861 Quia
478 4795 562 4863 vulgo
581 4795 659 4849 actor
677 4794 718 4848 111
735 4795 825 4848 forum
838 4794 916 4864 ecqui
929 4795 1025 4862 debet,
1044 4795 1079 4850 ad
1092 4795 1308 4851 ecclesiasticum
1322 4797 1443 4867 jndicim

290 4881 384 4935 vocari
402 4881 514 4949 quidem
531 4880 656 4951 poterat,
675 4879 724 4935 sed
742 4880 871 4949 compelli
888 4880 992 4936 invitus
1010 4896 1065 4935 non
1082 4882 1202 4951 poterat.
