3412 5664
208 323 286 369 xxll
640 317 839 365 PRAEFATIO
864 316 1039 364 EDlTORlS.

209 479 337 551 eadem
371 499 486 549 manu
511 479 681 548 notatur:
734 475 831 546 Haec
858 478 931 546 trio
955 476 1129 565 descripto
1154 497 1177 544 0
1203 473 1358 544 Hearioo
1388 472 1481 544 Grn-

212 602 264 669 cio
296 622 337 669 00
369 597 479 668 codiee
511 619 537 666 s.
573 597 710 666 Vcciosti
744 593 989 664 atrebatensis.
1042 590 1273 686 Quapropter
1304 593 1483 664 accurata

208 716 318 808 liujus
344 714 476 789 codicis
502 698 696 786 collatione
722 711 822 782 nullo
848 711 957 783 modo
976 710 1286 804 supersedendum
1305 710 1397 781 mihi
1423 734 1483 781 ra·

208 838 270 906 tus
298 858 392 906 sum.

314 956 346 1025 7.
382 951 556 1046 Ejusdem
582 951 657 1025 fere
684 950 821 1023 aetatis
848 949 924 1021 alia
949 971 1065 1042 eaque
1091 950 1131 1020 in
1147 972 1217 1020 usu
1235 948 1484 1021 ecclesiastico

209 1071 447 1145 celeberrima
472 1070 637 1143 collectio
665 1072 740 1158 est,
767 1068 976 1162 Dionysii
1001 1066 1167 1162 Exigui
1193 1068 1356 1160 inquam.
1411 1064 1483 1138 Sed

208 1192 304 1284 quod
322 1213 411 1263 sane
429 1189 591 1261 multum
609 1188 821 1276 dolendum,
850 1187 912 1259 vix
937 1186 1034 1258 ullus
1052 1185 1164 1259 codex
1190 1187 1390 1274 invenitur,
1418 1186 1483 1277 qui

209 1314 277 1382 aut
302 1314 469 1403 tempore
495 1312 563 1381 aut
595 1311 720 1378 textus
752 1306 947 1401 genuitate
982 1305 1085 1377 illam
1117 1327 1265 1398 prorsus
1292 1306 1482 1396 saluatur.

208 1428 402 1502 Accessere
427 1427 595 1520 deinceps
613 1427 719 1498 varia
736 1425 1010 1513 additamenta,
1039 1447 1197 1517 quorum
1214 1423 1381 1496 omnium
1407 1421 1484 1515 ple.-

208 1548 350 1620 niorcm
374 1546 565 1621 ,rationem
597 1544 757 1617 reddunt
788 1542 1026 1616 Constantius
1059 1542 1179 1617 Praei.
1213 1566 1249 1615 n.
1281 1542 1482 1614 lot-los

209 1670 247 1738 et
273 1665 464 1739 Ballerinii
489 1665 512 1736 l.
541 1687 571 1738 0.
599 1688 633 1758 p.
661 1661 714 1733 III
740 1688 770 1737 c.
803 1663 915 1752 1—3,
949 1686 1017 1735 nec
1042 1662 1113 1757 ipsi
1139 1661 1295 1748 codices,
1331 1660 1395 1753 qui
1421 1682 1483 1731 su-

209 1788 379 1878 persunt,
413 1783 601 1855 ullatenus
634 1805 769 1855 aevum
793 1780 959 1876 Dionysii
991 1781 1196 1876 attingunt.
1256 1778 1359 1852 inter
1390 1801 1483 1871 quos

208 1926 297 1997 prae
314 1901 485 1975 omnibus
502 1901 716 1974 nominandi
735 1900 1014 1973 Parisiensis
1040 1900 1119 1973 lat.
1140 1902 1256 1971 3831
1286 1898 1347 1988 (01.
1368 1899 1481 1969 3881.

210 2024 248 2112 3)
274 2045 368 2094 saec.
396 2020 445 2091 IX
482 2045 506 2093 a
540 2018 772 2107 Constantio,
810 2024 848 2091 et
874 2017 1131 2092 Vaticanus
1158 2018 1275 2090 5845
1304 2018 1361 2108 fol.
1388 2041 1480 2088 0100.

208 2140 340 2230 formae
369 2143 460 2225 327,
486 2140 613 2211 litteris
632 2140 905 2231 Loapobordicis
930 2161 1015 2210 socc.
1042 2139 1146 2208 VIII
1168 2143 1344 2223 00000100,
1371 2159 1395 2207 0
1421 2158 1483 2207 me

209 2280 274 2351 pro
301 2255 463 2351 epistolis
490 2255 686 2351 pontificiis
704 2257 950 2329 examinatus.
996 2254 1230 2349 Quamquam
1248 2258 1287 2327 et
1303 2254 1365 2326 ille
1383 2257 1483 2325 10010

210 2374 427 2447 Ooustantio
453 2377 656 2463 0000011000
682 2376 777 2447 liuba
805 2400 882 2448 0000
900 2377 1120 2467 Dionysiana
1147 2372 1483 2473 dissimilitudinem,

209 2498 248 2568 et
264 2495 324 2568 hic
341 2516 414 2567 non
433 2495 552 2566 solum
571 2493 630 2566 fol.
651 2488 878 2565 ibib—ibib
898 2496 937 2566 et
954 2494 1180 2564 its—167³
1197 2493 1287 2583 (scil.
1301 2491 1365 2563 Nr.
1384 2495 1481 2563 1-5

210 2615 296 2686 novi
323 2613 586 2703 additamenti)
613 2612 872 2685 additamenta
897 2611 1090 2684 Hadriana
1116 2612 1187 2684 etsi
1219 2610 1416 2706 sejunctim
1443 2615 1483 2683 et

209 2734 429 2828 perturbato
459 2731 585 2804 ordine
617 2731 886 2826 chronologico,
921 2731 986 2803 sed
1018 2731 1135 2802 etiam
1168 2731 1228 2803 fol.
1268 2732 1479 2803 loe-327

210 2852 292 2924 illas
318 2853 512 2954 additiones
540 2850 778 2941 Dionysiacos
804 2874 839 2921 n.
871 2851 917 2921 14
950 2849 1165 2939 (secundum
1199 2849 1330 2922 codicis
1363 2849 1483 2943 dispo

209 2970 382 3042 sitionem
408 2993 445 3040 n.
466 2969 605 3057 6-79)
631 2969 795 3056 exhibet,
823 2991 915 3061 quas
941 2968 1113 3041 similiter
1138 2967 1362 3041 Barberinus
1381 2970 1481 3039 2888

210 3092 249 3161 01
275 3086 478 3161 Vaticanus
508 3088 603 3159 1342
631 3091 891 3180 exsequuntur,
926 3091 965 3161 et
992 3086 1252 3161 Vallicellanus
1279 3087 1348 3158 Aa
1375 3087 1481 3160 colle·

175 3197 324 3280 'ctioni
349 3206 563 3279 Hadrianae
595 3207 714 3279 assuit
746 3205 854 3296 (conf.
881 3205 1072 3280 Ballerinii
1098 3207 1121 3279 1.
1149 3232 1180 3280 0.
1207 3231 1241 3301 p.
1269 3204 1323 3276 111
1349 3229 1428 3300 cap.
1458 3209 1481 3276 ¹2

210 3329 288 3396 113
317 3328 356 3397 01
381 3349 460 3419 cap.
481 3328 530 3416 3).
575 3323 652 3398 Nec
677 3325 790 3398 codex
815 3325 891 3413 ille,
919 3324 1017 3399 unde
1035 3324 1316 3421 Ohristophorus
1343 3323 1481 3397 Justel·

209 3444 267 3515 lus
285 3444 323 3514 in
341 3443 501 3515 editione
519 3467 587 3515 sua
614 3444 786 3535 (Collectio
810 3445 1022 3516 decretorum
1041 3446 1174 3537 Pontis.
1195 3446 1481 3517 1100000001οΜ

212 3561 382 3654 Dionysio
409 3564 547 3653 Eaipoo
574 3562 628 3634 ed.
657 3587 690 3634 a.
723 3563 835 3650 1643,
864 3565 979 3656 repet.
1008 3563 1048 3634 in
1074 3562 1154 3636 ou.
1174 3562 1290 3636 Voelli
1317 3565 1355 3634 et
1381 3560 1481 3633 Hen-

209 3680 275 3752 n'ci
301 3678 450 3752 Justelli
476 3682 687 3755 Bibliotheca
705 3689 780 3770 yar.
807 3705 881 3753 con.
909 3685 999 3754 tom.
1023 3680 1042 3750 Ι
1067 3705 1150 3778 pag.
1175 3684 1242 3753 101
1265 3683 1327 3773 ss.)
1354 3683 1482 3776 genui—

210 3821 300 3869 num
318 3797 484 3894 Dionysii
509 3823 600 3894 opus
627 3800 829 3874 extraxisse
852 3801 922 3873 sibi
940 3801 1039 3873 visus
1066 3804 1139 3889 est,
1163 3801 1245 3895 jam
1271 3801 1481 3895 posteriori-

210 3917 278 3988 bus
296 3918 561 3991 additamentis
580 3924 683 3992 oaret
700 3919 1008 4008 (conissallerinii
1024 3919 1047 3990 l.
1058 3944 1088 3992 o.
1107 3944 1142 4014 p.
1154 3918 1208 3990 ΠΙ
1225 3923 1284 3993 c.1
1301 3922 1362 4009 §.1
1383 3945 1418 3992 n.
1429 3922 1480 4011 5).

209 4035 374 4130 Denique
401 4036 653 4111 Vaticanus
680 4039 921 4111 Palatinus
949 4039 1000 4110 57
1014 4041 1032 4109 ‘l
1063 4062 1107 4111 ex
1133 4038 1205 4112 fine
1231 4039 1368 4111 saeculi
1395 4037 1483 4109 VIII

209 4156 336 4243 codex,
370 4180 480 4250 quem
506 4156 697 4229 Ballerinii
722 4158 746 4229 l.
775 4183 805 4231 c.
842 4157 949 4253 pili
982 4162 1048 4232 cl
1084 4160 1158 4249 §.3
1194 4162 1233 4229 et
1265 4158 1388 4252 ipsum
1414 4181 1481 4252 pro

209 4275 368 4368 genuino
393 4274 619 4370 Dionysiano
652 4277 859 4371 provinciae
886 4276 1098 4351 Gallicanae
1124 4277 1328 4365 adducunt,
1363 4277 1481 4351 solam

209 4395 370 4488 primam
397 4396 619 4469 collectionis
648 4396 745 4468 illius
771 4400 918 4490 partem
944 4397 1142 4491 praebes).

279 4647 297 4712 ¹)
316 4643 423 4699 Eodem
440 4643 527 4700 ctiam
543 4644 655 4700 litterae
674 4650 699 4698 F
714 4645 810 4700 addita
827 4645 982 4699 minuscula
999 4645 1094 4700 littera
1112 4645 1183 4715 siglo
1202 4664 1267 4700 usus
1284 4662 1408 4717 sumpto
1420 4647 1480 4718 plu-

210 4729 285 4782 ribus
302 4729 406 4783 saeculi
423 4728 556 4782 Vll--lx
574 4727 727 4795 codicibus,
751 4729 798 4797 qni
816 4746 867 4799 pro
885 4747 941 4784 una
958 4729 1082 4785 alterave
1100 4731 1211 4785 tantum
1229 4731 1350 4801 epistola
1367 4749 1480 4786 concur-

210 4815 313 4877 rerunt,
332 4829 503 4882 quorumque
521 4813 630 4882 plenior
648 4813 749 4868 notitia
775 4813 842 4867 mihi
865 4817 915 4867 aut
936 4813 1048 4868 omnino
1071 4816 1170 4871 decrat
1191 4816 1345 4871 autcarius
1364 4817 1480 4871 advenit

209 4900 262 4963 (ex.
276 4896 602 4966 {repromissionibus
614 4898 662 4953 lat.
674 4902 855 4957 sanctonis
873 4916 906 4953 00
918 4899 1044 4968 pluribus
1058 4900 1200 4955 codicibus
1209 4901 1313 4955 Gelasii
1332 4901 1412 4971 epist.
1425 4906 1477 4969 le).
