3412 5664
733 114 905 164 EPISTOLA
930 106 978 163 12.
1432 107 1494 172 357

190 272 388 358 ·reparetur
414 271 449 336 et
470 269 594 335 unitas:
622 271 655 333 et
682 271 761 332 tunc
788 268 858 353 quis
887 272 1033 334 nostrum
1061 273 1174 337 contra
1201 275 1417 340 venerandam
1445 278 1494 342 vel
1507 288 1623 354 (adea)

222 371 431 439 insurrexerit
450 371 649 449 velmitatur
675 371 843 457 insurgere
871 374 1079 456 vetustatem,
1111 377 1330 460 competenter
1358 380 1391 442 et
1417 379 1496 465 legi-

229 477 307 541 time
325 474 533 560 perquiratur.
579 472 623 538 Et
645 473 712 537 illic
735 472 913 557 apparebit,
938 473 1008 557 quis
1030 475 1173 540 modesto
1199 479 1363 562 proposito
1392 484 1494 545 custo-

225 577 298 667 diat
317 578 446 642 formam
466 576 735 660 traditionemque
757 575 925 658 majorum,
954 576 1074 661 quise)
1097 600 1194 661 supra
1216 578 1296 645 haec
1318 581 1494 649 irreveren-

235 683 276 746 ter
301 679 448 762 insiliens,
472 679 545 764 quis
566 678 682 762 rapina
704 677 870 762 aequalem
892 699 984 761 posse
1007 678 1076 743 fieri
1098 680 1282 746 arbitretur.

316 783 356 847 10.
397 780 519 859 Quodsi
546 779 626 846 mihi
653 778 764 864 populi
792 778 1143 864 Constantinopolitani
1172 805 1310 866 persona
1342 790 1492 872 proponi-

234 885 335 971 trril),
354 906 411 970 per
432 906 530 969 quem
552 884 678 969 dicetur
699 903 818 947 nomen
840 882 995 965 scandali,
1024 883 1057 946 id
1080 887 1130 948 eet
1151 885 1276 970 Aeacii,
1304 909 1370 952 non
1399 912 1492 974 posse

163 1046 165 1069 Ι
232 987 387 1070 removeri3
408 989 513 1068 taceo,
536 986 612 1071 quia
634 974 667 1050 et
687 983 849 1050 haeretico
873 985 1033 1069 quondam
1056 986 1244 1052 Macedonio
1265 989 1358 1072 pulso
1381 993 1415 1055 et
1428 989 1491 1057 Ne-

231 1089 324 1155 storio
345 1110 448 1174 nuper
473 1087 576 1172 ejecto
608 1086 700 1172 plebs
727 1086 1088 1172 Constantinopolitene
1117 1088 1275 1154 catholica
1303 1113 1520 1175 permanere-

231 1191 433 1277 lclegsrit⁵¹),
457 1213 553 1275 quam
576 1190 734 1273 majorum
761 1189 944 1275 praesulum
973 1191 1197 1256 damnatorum
1220 1192 1388 1258 effectione
1416 1195 1491 1259 reti-

231 1293 310 1359 neri.
327 1293 435 1377 Taceo,
459 1292 543 1377 quod
557 1293 620 1376 qui
635 1291 676 1357 ab
692 1292 810 1356 eisdem
831 1292 909 1376 ipsis
931 1293 1091 1357 damnatis
1114 1294 1362 1382 praesulibus⁵²)
1385 1297 1489 1382 bapti-

231 1394 295 1459 uti
318 1396 449 1479 lucrant,
484 1394 520 1458 in
553 1394 615 1459 fide
649 1392 807 1459 catholice
839 1398 1025 1479 manentes,
1059 1395 1149 1460 nulla
1177 1397 1243 1461 sint
1271 1399 1489 1484 exagitatione

231 1496 350 1562 urere.
391 1497 508 1580 Taceo,
537 1496 621 1580 quod
648 1519 706 1581 pro
734 1497 829 1562 rebus
856 1496 988 1560 ludicris
1015 1498 1184 1583 populares
1212 1501 1369 1565 tumultus
1401 1524 1488 1567 neure

231 1597 322 1663 etiam
339 1603 460 1666 restrae
483 1598 615 1684 pietatis
637 1599 811 1664 auctoritas
833 1599 1069 1683 refrenarit⁵³);
1092 1603 1188 1685 etque
1209 1601 1281 1665 ideo
1303 1603 1404 1668 multo
1423 1627 1488 1669 me·

231 1696 279 1779 gin
301 1722 349 1784 pre
367 1700 471 1767 salute
500 1701 681 1766 animarum
711 1724 840 1766 suerum
867 1703 1049 1767 necessario
1078 1703 1167 1767 vobis
1195 1702 1490 1791 Constantinopoli·

230 1798 319 1866 lmee
337 1804 475 1870 civitatis
497 1805 699 1890 obtemperat
720 1804 902 1887 multitudo,
934 1804 960 1868 si
983 1827 1053 1869 eam
1083 1805 1122 1868 ad
1146 1803 1338 1872 catholicam
1360 1810 1392 1872 et
1415 1831 1489 1892 apo-

229 1899 362 1973 solium
382 1907 640 1974 communionem
662 1928 717 1971 vos
738 1906 901 1991 principes
923 1907 1093 1971 reducatis.
1138 1907 1286 1992 Etenim,
1314 1909 1490 1993 imperator

227 2012 367 2095 ⁸¹¹gfuerte,
395 2010 423 2076 si
446 2012 560 2077 eontra
581 2008 670 2095 leges
691 2000 837 2095 publicas
860 2008 990 2095 aliquid,
1014 2010 1097 2097 quod
1120 2009 1215 2095 absit,
1245 2011 1403 2098 quispiam
1425 2013 1488 2078 for·

224 2172 518 2198 &—

283 2297 428 2373 ”lNeque
445 2301 492 2357 hie
508 2300 615 2372 placet,
633 2299 709 2368 quod
727 2299 802 2370 apud
820 2298 920 2366 Quesu.
941 2307 997 2370 quie
1013 2320 1095 2370 supra
1112 2305 1175 2356 iaec
1192 2306 1365 2358 irreverenter
1382 2310 1486 2367 insiliat,

216 2381 271 2440 (θ’
288 2395 404 2458 rupim
421 2407 507 2443 rerum
523 2389 752 2441 eeclesiasticam
768 2403 845 2453 porse
861 2389 920 2452 fieri
936 2389 1090 2448 arbitretur,
1108 2386 1184 2440 nullo
1197 2403 1232 2442 cx
1243 2387 1345 2442 nostris
1358 2406 1419 2444 mss.
1433 2391 1487 2444 sul·

214 2454 349 2532 inmte.
379 2472 410 2527 d'
427 2469 580 2528 secundum
598 2488 662 2526 suos
680 2469 789 2531 codices
807 2470 904 2535 (etiem
922 2471 955 2526 0¹
970 2470 1005 2526 0²
1016 2472 1063 2540 Ψ)
1081 2477 1207 2535 insiliens,
1226 2479 1281 2542 prete
1300 2480 1393 2542 rapina
1409 2491 1487 2544 posse

209 2546 283 2611 ffli
300 2558 369 2614 editi
386 2557 434 2614 alii
453 2563 567 2612 ividem
579 2555 623 2624 (Ο1
638 2556 673 2611 0²
686 2559 709 2611 e'
724 2556 787 2610 add.
802 2560 868 2626 quie)
886 2565 981 2625 rapine
994 2559 1029 2623 (0¹
1043 2559 1170 2626 rapinem)
1189 2564 1318 2627 aequalem
1329 2567 1483 2626 poesefieri.
1574 2614 1578 2621 ,

210 2623 259 2685 ffi‘
279 2644 372 2700 verbis
389 2643 518 2700 Gelasius
540 2640 674 2697 invidiam
691 2639 744 2695 sibi
762 2641 799 2695 ab
817 2640 1005 2699 Orientalibus
1029 2641 1177 2695 conflatam
1200 2641 1228 2695 in
1252 2643 1364 2698 eosdem
1387 2644 1485 2698 refert:

209 2727 387 2804 &merendae
403 2727 540 2785 vetustati
558 2727 753 2798 majorumque
774 2724 920 2780 traditioni
943 2725 1072 2795 religiose
1091 2726 1244 2781 adhaerere
1263 2744 1292 2781 se
1311 2728 1485 2794 confirmans,

208 2813 285 2891 ¹2⁸⁰·
302 2831 369 2870 sero
385 2814 425 2869 sic
442 2830 472 2869 se
490 2828 602 2885 gerere,
625 2810 704 2879 quasi
721 2810 765 2865 his
784 2829 812 2866 sc
832 2810 978 2865 crederent
1000 2810 1163 2881 superiores.
1199 2811 1275 2866 Haec
1293 2811 1356 2867 ideo
1375 2811 1485 2867 videtur

209 2880 313 2954 dubo
325 2898 465 2966 (talasius,
483 2896 551 2968 quia
561 2914 649 2967 quum
666 2897 726 2966 ipse
744 2915 776 2952 ae
790 2897 946 2951 decessores
954 2895 1024 2965 ejus
1042 2895 1161 2950 antistiti
1176 2895 1486 2966 Constantinopolitano

210 2985 373 3052 lement,
390 2983 467 3055 quod
484 2982 560 3039 idem
577 2981 689 3052 praesul
706 2981 761 3036 sibi
778 2998 796 3036 a
813 2979 1031 3036 calchedonensi
1050 2980 1165 3037 concilio
1184 2998 1344 3036 eoncessum
1361 2982 1484 3050 volebat,

211 3051 274 3117 ΜΒ
299 3069 473 3126 wernonem
495 3067 675 3139 arripucrrmt
696 3065 866 3132 Orientales,
893 3068 924 3120 ut
946 3067 1086 3121 Romanos
1110 3066 1255 3136 pontifices
1277 3084 1306 3122 ee
1328 3085 1414 3138 supra
1431 3069 1485 3123 hoc

214 3149 359 3211 nonenim
379 3154 479 3212 efferre
498 3153 674 3224 jactitarent.
716 3151 787 3217 Quia
809 3168 875 3206 vero
899 3151 1222 3223 Constantinopolitenus
1246 3151 1363 3207 antistes
1387 3155 1485 3209 contre

216 3222 364 3311 limeum
385 3257 520 3297 anonen
537 3237 687 3294 seeundum
705 3236 858 3293 aereaere
875 3237 982 3302 sedem,
1004 3237 1124 3321 viuum
1146 3237 1199 3307 epe
1222 3237 1308 3293 uerte
1332 3240 1485 3310 exprobrat

222 3308 353 3400 Gsshtim,
369 3325 447 3398 quod
462 3332 557 3394 rapina
574 3329 704 3394 aequalem
721 3339 750 3376 se
768 3321 879 3376 sedibus
898 3322 1058 3393 apostolicis
1075 3339 1156 3394 posse
1173 3322 1234 3377 fieri
1252 3323 1412 3380 arbitretur.

282 3411 319 3480 8’)
333 3412 366 3468 1¹⁴
377 3411 419 3467 F·
431 3410 466 3467 0¹
477 3408 516 3465 Ψ
530 3415 716 3480 praeponitur
734 3409 805 3463 conf.
825 3407 916 3464 Gelas.
935 3425 979 3478 ep.
999 3417 1015 3464 3
1032 3427 1057 3462 n.
1079 3415 1119 3463 16.
1138 3407 1258 3475 Moxque
1276 3409 1313 3463 Κ3
1330 3421 1386 3465 icto
1402 3417 1482 3479 plebs.

283 3497 319 3565 ⁵¹)
333 3498 364 3553 ln
378 3495 502 3567 vulgatis
518 3494 564 3549 hie
581 3493 694 3550 additur
709 3500 807 3563 potius,
831 3510 903 3562 quae
925 3508 978 3548 vor
1000 3493 1046 3547 hic
1063 3494 1095 3547 ut
1116 3491 1190 3546 infre
1207 3511 1233 3546 n.
1248 3500 1280 3547 12
1298 3495 1432 3550 reticetur
1454 3496 1483 3551 in

163 3528 166 3649 i
234 3588 281 3630 Μ·
321 3583 414 3652 Neque
435 3583 490 3638 hoc
512 3578 623 3637 Gelasio
647 3577 820 3646 inusitatum
843 3595 908 3633 nam
930 3581 960 3633 et
982 3577 1061 3654 epist.
1076 3585 1091 3634 3
1108 3596 1133 3633 n.
1150 3584 1181 3634 13
1198 3578 1317 3647 legimus
1340 3586 1414 3636 decet
1437 3604 1483 3637 ror

163 3668 165 3725 l
237 3664 316 3720 “hes
330 3679 429 3724 mirae
444 3687 543 3738 ponere
560 3687 647 3737 quem,
670 3666 700 3719 et
716 3681 790 3718 num.
811 3669 853 3717 le:
876 3670 950 3719 veliis
967 3668 1091 3717 vobiscum
1112 3668 1222 3718 medicos
1244 3677 1381 3734 aeproiere
1400 3689 1481 3736 quarn,

238 3746 352 3819 meula
366 3759 453 3824 potira
464 3752 614 3821 utrobique
626 3751 722 3817 tacite.
749 3748 922 3804 lteticentiue
936 3748 1061 3817 ejusdem
1077 3749 1160 3818 plura
1175 3753 1240 3803 sunt
1256 3752 1284 3803 et
1301 3750 1377 3821 apud
1390 3753 1482 3821 Augu-
1508 3766 1516 3784 ·

239 3830 321 3892 &um
335 3839 467 3911 exemplu
483 3839 606 3894 —Tum
629 3835 728 3903 Quem.
753 3833 898 3905 sequentia
919 3833 959 3888 sie
982 3832 1107 3888 exhibet:
1135 3855 1209 3904 quam
1230 3856 1316 3891 amore
1337 3845 1483 3906 praesulum

239 3925 387 3981 mem
404 3946 436 3981 ac
453 3930 597 3993 &foedere
613 3927 735 3981 retineri:
752 3938 819 3975 num
837 3919 932 3989 aliqua
948 3917 1128 3987 crudentate,
1147 3935 1191 3974 me
1204 3920 1285 3990 fugit.
1316 3921 1354 3977 Ν3
1366 3923 1396 3977 d²
1407 3945 1424 3978 a
1437 3930 1481 3978 de-

238 4010 328 4079 lectione
342 4016 457 4067 retineri.

293 4095 375 4163 'llis
390 4113 455 4151 mss.
468 4095 492 4152 0
505 4097 534 4152 et
546 4113 561 4150 c
573 4113 595 4150 c.
626 4093 681 4149 Alii
697 4111 761 4149 mss.
781 4096 884 4165 peridem
901 4089 982 4164 pejus
1000 4106 1066 4147 vcro
1084 4090 1113 4148 d¹
1126 4091 1157 4145 d²
1173 4112 1190 4146 a
1208 4098 1305 4164 quiere,
1322 4092 1422 4147 omisso
1435 4111 1481 4150 an·

233 4188 277 4241 td
288 4187 330 4251 qd.
355 4182 446 4239 Deest
462 4180 589 4238 Gelenius
605 4179 779 4253 superiorum
795 4180 955 4250 temporum
973 4177 1099 4248 exemplo
1111 4177 1218 4232 nullum
1235 4178 1312 4248 plebi
1325 4177 1479 4235 Constanti·

229 4265 391 4337 remelium
406 4286 459 4341 pro
471 4267 572 4324 Acade
589 4265 724 4322 tumultus
744 4264 833 4321 ciendi
851 4280 909 4319 esse
928 4281 1053 4331 causam,
1071 4281 1157 4333 quum
1174 4263 1345 4334 baptismum
1364 4265 1399 4317 ab
1418 4263 1479 4334 ipso

225 4348 357 4421 edium,
374 4353 446 4409 sicut
462 4370 532 4424 erge
548 4368 596 4407 eos
613 4353 706 4408 actum
724 4352 778 4418 est,
798 4368 867 4421 quos
884 4348 1062 4404 Macedonius
1079 4350 1164 4419 etque
1182 4349 1326 4404 Nestorius
1345 4348 1410 4403 olim
1430 4351 1477 4405 ba-

219 4436 399 4521 plinveraut,
416 4441 510 4495 retum
526 4428 639 4494 babeat.
1133 4429 1140 4442 '

283 4525 316 4593 ⁵¹)
330 4524 491 4581 Anusffim
507 4522 656 4580 Theodoro
673 4523 778 4578 lectore
795 4521 842 4577 lib.
861 4528 877 4577 2
895 4538 961 4592 pag.
980 4525 1029 4578 566
1047 4521 1120 4576 teste
1137 4526 1283 4575 recederes
1301 4525 1481 4590 amphitheatri

210 4614 322 4677 nudi.
348 4610 420 4666 Hinc
435 4612 508 4667 forte
524 4610 694 4666 tumultuum
710 4608 822 4664 illorum
838 4605 1027 4680 popularium,
1045 4624 1115 4677 quos
1132 4604 1208 4662 idem
1224 4605 1378 4677 imperator
1393 4608 1479 4664 refre-

208 4712 296 4762 me
311 4712 384 4754 nnnc
400 4695 516 4766 didtur,
532 4696 601 4754 nate
617 4693 733 4751 meede.
