3412 5664
355 313 418 380 836
797 325 826 376 s.
841 322 1048 375 nouu1sosn
1069 322 1185 372 seusu

227 494 343 561 (actu)
356 481 556 569 pacem.snb
584 479 794 566 intentiosa⁴)
825 478 1042 545 obstinatione
1064 476 1224 561 diviserit,
1251 498 1313 543 nee
1340 476 1466 562 pietatis
1485 482 1575 573 rutae

356 607 416 651 nee
437 583 565 648 illorum
586 582 708 668 refugit
729 581 818 646 velut
838 581 955 647 latenti
978 602 1074 646 causa
1094 579 1254 646 notitiam.
1290 577 1374 656 Quid
1396 578 1488 664 igitur
1502 579 1577 648 lacere

357 686 510 770 debeant,
540 688 572 750 et
594 683 711 748 litteris
732 684 852 749 nostris
875 688 908 749 et
928 683 1079 768 libelli-⁵),
1108 703 1203 768 quem
1225 681 1415 765 direximus,
1443 681 1511 747 serie
1526 704 1578 750 cou-

355 789 487 853 tinetur.
532 784 622 851 Haec
644 785 687 870 si,
711 783 780 850 Deo
801 788 911 852 nostro
934 788 967 851 et
989 784 1159 850 clementia
1181 787 1288 849 vestra
1311 783 1493 869 adjuvaute,
1511 788 1577 851 usti·

356 892 450 976 piunt
473 893 506 954 et
527 891 718 975 sequuntur,
742 889 862 974 poterit
884 886 924 952 ad
947 909 1034 971 earn,
1057 908 1154 972 quam
1176 886 1317 952 maximo
1340 885 1531 952 desideramus
1544 908 1578 952 sr-

356 993 448 1076 dore,
477 990 638 1076 perveniri
666 990 878 1056 concordiam.
923 989 1023 1054 Filius
1055 991 1223 1075 praeterea
1245 991 1357 1054 noster
1377 987 1455 1070 viru
1474 987 1578 1054 nuituis

358 1093 486 1179 Gratim,
510 1094 593 1159 sacri
616 1091 797 1159 consistorii
818 1114 923 1158 comes
946 1095 979 1156 et
999 1091 1154 1177 magister
1175 1089 1287 1157 scrinii
1308 1091 1488 1174 memoriae,
1506 1094 1577 1156 uten-

356 1196 405 1261 dit
425 1195 461 1261 in
482 1217 516 1261 se
538 1197 678 1261 vestrum
701 1194 906 1280 allegationis
927 1215 1004 1259 suae
1018 1194 1206 1259 maturitate
1223 1192 1399 1279 judicium:
1422 1193 1502 1278 cujus
1516 1214 1576 1258 nors

356 1298 502 1362 sensibus
524 1296 639 1363 vestris
661 1319 699 1363 eo
720 1296 880 1362 referente
903 1294 1016 1361 melius
1039 1298 1208 1362 asseretur.

850 1482 1032 1587 Epistola
1057 1483 1115 1567 47.

171 1676 178 1685 ·
206 1637 350 1704 (smm-
445 1636 657 1704 Hormisdse
681 1652 791 1721 pupae
813 1635 856 1701 ad
878 1633 1078 1703 iohannem
1101 1635 1519 1719 constantinopolitanun

239 1704 312 1771 ran.)
884 1739 1099 1822 episcopum.

394 1880 503 1938 Gaudet,
523 1880 592 1945 paud
607 1880 736 1930 concilium
755 1878 960 1929 Calchedonem
983 1883 1009 1928 et
1025 1893 1047 1927 s.
1060 1878 1156 1928 Monte
1173 1879 1297 1942 epistolae
1312 1879 1435 1943 sucipiet
1451 1892 1480 1926 ec
1495 1890 1553 1926 sem
1580 1876 1629 1942 plll

391 1966 417 2013 in
435 1980 485 2013 una
498 1965 551 2026 fide
569 1966 712 2016 consentiet
729 1960 764 2028 (n.
780 1960 865 2028 1-2).
902 1963 1011 2014 Restare
1029 1964 1073 2021 ait,
1091 1969 1118 2012 ut
1135 1970 1162 2012 et
1174 1963 1295 2013 Acestam
1312 1968 1459 2013 emeretur
1474 1959 1553 2011 ettlet·

392 2049 450 2107 lum,
474 2050 517 2115 qui
536 2054 679 2115 propterea
700 2049 854 2106 annectitur.
877 2064 893 2098 α
914 2064 943 2098 se
964 2047 1131 2111 subscriptum
1151 2049 1264 2098 remittet
1282 2044 1317 2110 (n.
1327 2045 1364 2111 3).
1402 2046 1471 2098 orsu
1484 2059 1553 2113 popu

814 2134 890 2197 fidem
908 2133 1062 2184 commendat
1079 2129 1114 2195 (n.
1126 2130 1162 2196 4).

510 2264 721 2330 Hormisda
741 2264 918 2330 Johanni
946 2264 1133 2351 episcopo
1155 2262 1577 2350 Constantinopolitano

253 2407 345 2473 epse.
447 2385 474 2448 l.
509 2382 680 2468 Spiritnale
702 2384 856 2470 gaudium
877 2384 1007 2450 directis
1029 2384 1146 2449 caritas
1168 2387 1226 2450 tus
1245 2384 1441 2470 significavit
1459 2380 1578 2460 affsbbss

359 2484 501 2549 docendo
509 2486 550 2572 ¹),
579 2488 616 2549 ut
643 2484 818 2551 catholicae
840 2485 1005 2572 religionis
1028 2485 1198 2572 disciplina
1224 2486 1370 2553 ordinem
1398 2507 1483 2553 suum
1498 2479 1580 2549 restris

358 2586 504 2672 partibus
525 2586 594 2652 Deo
616 2590 726 2653 nostro
749 2588 885 2672 juvante
912 2587 1079 2673 receperit.
1124 2586 1214 2653 Haec
1236 2609 1304 2653 esse
1326 2587 1477 2653 beneficia
1494 2582 1580 2651 mistu-

360 2688 485 2754 cordiae
508 2711 665 2774 supernae
687 2689 758 2775 quis
780 2688 929 2755 dubitet?
971 2688 1062 2755 Haec
1084 2691 1155 2776 quis
1178 2689 1303 2755 dubitet
1324 2687 1504 2755 venerabilis
1520 2685 1581 2771 pu‘n·

360 2792 439 2876 cipis
462 2791 601 2876 tropaeis
624 2789 782 2878 adjungi?
824 2789 902 2866 Quis
924 2792 1084 2877 ambigat,
1116 2792 1191 2877 quia
1212 2791 1315 2877 major
1337 2793 1367 2856 ei
1388 2790 1427 2857 de
1447 2789 1501 2855 hac
1518 2807 1582 2873 pou,

358 2915 454 2979 quam
482 2894 521 2957 de
548 2892 742 2978 quibuslibet
768 2892 898 2977 praeliis
926 2893 1107 2980 triumphus
1141 2891 1340 2978 aequiritur?
1381 2891 1475 2958 Istius
1496 2887 1584 2954 bbere

359 2995 463 3081 glon‘a
484 2995 589 3060 nescit
611 3016 773 3060 oceasum:
796 2994 871 3080 quia
892 2995 949 3060 ubi
963 2995 1050 3061 Deus
1071 2998 1157 3060 recte
1180 2994 1305 3079 colitur,
1328 3015 1488 3079 nunquam
1506 2990 1584 3056 sdru-

359 3097 514 3161 sariorum
537 3097 652 3162 crescit
672 3097 836 3183 iniquitas.

253 3225 347 3290 0943,
445 3200 476 3264 2.
510 3198 701 3264 Dilectionis
722 3203 798 3264 tuae
813 3199 1045 3265 confessionem
1060 3203 1229 3286 gratanter
1243 3198 1435 3284 accepimus,
1456 3219 1507 3283 per
1518 3214 1587 3281 quau

359 3304 491 3366 sanetae
514 3300 659 3385 synodi)
688 3302 951 3386 comprobantur,
975 3301 1061 3367 inter
1081 3324 1160 3387 quas
1182 3300 1416 3366 instauratione
1438 3298 1589 3365 constituto

360 3425 430 3467 rum
451 3403 594 3467 omnium
617 3401 876 3468 Calchedoneuse
900 3403 1070 3467 concilium
1091 3402 1317 3487 praedicastis,
1341 3406 1374 3467 et
1396 3400 1590 3468 catholicorum

362 3546 663 3554 -—.—.—.

425 3608 572 3677 ⁴)1toG1.
608 3607 659 3662 Ed.
678 3611 844 3664 contentiosa.

427 3697 447 3762 5)
466 3691 518 3758 Qui
535 3691 666 3746 nimirum
682 3690 870 3761 superioribus
887 3690 1011 3759 epistolis
1028 3698 1043 3746 7
1062 3694 1091 3746 et
1107 3696 1140 3746 26
1156 3690 1277 3746 habetur
1293 3690 1440 3746 subnexus.

426 3781 446 3846 ⁸)
465 3781 492 3832 a¹
506 3780 531 3832 c⁴
548 3789 650 3833 vertrae
670 3774 814 3843 sanctitati,
836 3775 912 3830 hand
934 3776 1006 3831 felici
1027 3779 1156 3831 notarum
1172 3798 1195 3831 o.
1212 3796 1234 3835 s.
1253 3775 1490 3847 interpretatione.
1521 3772 1595 3842 licum

359 3862 450 3918 verius
467 3864 534 3918 boc
551 3868 590 3918 eir
612 3867 765 3917 clarissimas
787 3877 884 3916 earum
905 3861 966 3917 loeo
989 3860 1197 3917 substituerunt.
1237 3861 1349 3917 Primae
1365 3863 1431 3916 surrt
1446 3861 1548 3916 litterae
1563 3874 1598 3909 vu

360 3963 422 4002 eum
444 3952 483 4001 etr
503 3951 626 4002 sublime:
655 3962 710 4016 quo
731 3945 813 4000 titulo
836 3945 912 4001 idem
929 3945 1031 4002 Gratus
1054 3946 1134 4017 epist.
1158 3952 1192 4001 44
1212 3944 1369 4017 insignitur.
1410 3945 1497 4011 Quam
1516 3942 1600 3999 amium

360 4030 490 4102 deinceps
509 4031 562 4086 sibi
579 4031 705 4088 fueritis
723 4031 838 4097 Gratus,
856 4030 1006 4087 Hormisda
1023 4031 1103 4102 epist.
1122 4036 1156 4087 86
1173 4030 1346 4087 testificetur.

358 4123 390 4170 47
428 4119 446 4185 ¹)
466 4115 500 4171 G¹
515 4115 589 4172 G³a¹
613 4122 720 4171 direndo
739 4115 784 4183 (G¹
804 4119 931 4185 docendo)
953 4129 982 4172 at
1052 4123 1144 4172 vestu
1164 4120 1311 4186 pastoribus
1334 4121 1390 4171 Beo
1413 4129 1499 4173 nostro
1514 4122 1604 4184 §ueste

358 4206 514 4269 receperint.
549 4197 685 4256 Restituit
701 4201 765 4255 Bar.
785 4206 899 4257 docendo
916 4213 945 4256 ut
1015 4206 1157 4271 receperit:
1174 4217 1260 4270 quum
1277 4203 1304 4256 ο*
1319 4217 1377 4270 seq.
1396 4207 1524 4265 docendo,
1540 4214 1563 4263 st

359 4291 518 4355 derriplinam
539 4292 630 4342 ordine
652 4307 697 4341 suo
719 4290 799 4340 uestri
824 4298 945 4355 pastores
1027 4291 1180 4357 receperint.
1202 4315 1237 4326 -
1261 4286 1415 4343 Praeterea
1437 4290 1550 4357 prun
1566 4297 1608 4356 pn

357 4376 504 4440 pastoribus
521 4370 671 4442 legendum
688 4386 750 4425 esse
766 4371 905 4440 persuasit
921 4372 995 4428 vocis
1012 4377 1122 4442 partium
1139 4370 1201 4427 luco
1218 4377 1347 4442 regionum
1362 4371 1530 4427 Hormisdou
1546 4366 1610 4426 inl·

359 4454 434 4510 liaris
452 4473 522 4510 usus.
559 4453 605 4510 Sic
620 4455 695 4510 infra
712 4474 737 4511 n.
757 4463 773 4511 3
790 4456 925 4512 habemus
942 4461 1058 4527 partitae
1077 4446 1369 4536 OrienrarttQoesenae
1390 4478 1443 4527 per
1458 4468 1485 4513 te
1502 4461 1567 4529 pud
1578 4472 1612 4510 se·

359 4552 469 4610 quantur
485 4546 640 4611 exemplam,-
658 4541 686 4595 et
703 4538 783 4610 epist.
802 4546 834 4595 52
852 4540 889 4596 sd
907 4541 1034 4598 eumdem
1045 4541 1201 4597 Johannem
1217 4558 1244 4595 n.
1258 4548 1287 4595 2:
1306 4546 1447 4598 Desideret
1464 4549 1557 4613 quippe
1571 4553 1614 4595 ees

358 4630 446 4695 quibus
464 4638 489 4681 te
506 4632 542 4681 ed
552 4630 748 4681 ecclesiasticum
764 4631 870 4680 testaris
884 4631 1011 4694 festinare
1024 4632 1197 4694 wnrordiroa,
1214 4630 1377 4681 aetutem!
1392 4639 1488 4699 parta
1498 4634 1617 4683 wem

357 4730 406 4774 per
423 4716 571 4780 optavimus.
607 4708 678 4765 Vide
697 4711 726 4765 et
741 4709 851 4765 initium
870 4711 949 4782 epist.
968 4717 1009 4768 49.

425 4797 447 4862 ²)
465 4795 540 4850 Inter
561 4795 612 4850 has
635 4795 746 4850 sanetus
767 4795 886 4864 synodos
907 4798 1069 4853 recensetur
1090 4797 1119 4853 et
1136 4794 1462 4869 Constantinopolitanae,
1484 4816 1568 4871 qm
1582 4795 1619 4851 bic

357 4879 479 4950 primum
497 4882 527 4934 ut
544 4879 750 4936 oecumenicam
767 4897 785 4935 a
801 4879 915 4936 summis
932 4880 1109 4953 pontificibus
1127 4881 1338 4952 comprobatam
1358 4882 1460 4955 legero
1477 4887 1531 4941 est
