3450 5678
628 355 797 409 arrsroua
824 350 851 407 1.
1314 342 1378 413 225

38 514 295 596 antistiam,
317 510 369 577 rel
390 535 449 599 pro
471 513 533 577 mei
557 514 678 579 ordinis
700 514 857 599 qualitate
879 515 929 578 vel
951 537 1009 599 pro
1032 519 1106 579 tuae
1129 519 1312 582 securitatis
1329 519 1377 583 in·
1390 530 1483 580 ales.
1511 500 1526 520 ⁵

42 623 181 692 snitu
224 615 442 700 hujuscemodi
470 615 541 680 ideo
568 617 744 700 promenda
767 616 936 700 judicavit,
969 621 1005 681 ut
1033 640 1098 683 non
1126 622 1194 683 tam
1222 642 1279 704 per
1308 622 1377 703 ejus

48 720 357 812 qualemcunque
385 717 541 783 vicanum
574 740 670 803 quam
697 719 876 803 praesentis
905 720 1041 804 apostoli
1070 720 1158 785 velut
1184 723 1377 788 auctoritate

56 822 326 904 commonitus,
351 821 448 885 altius
463 821 531 885 vias
547 823 580 884 et
595 821 722 885 divinae
741 822 939 886 reverentiae
962 825 994 886 et
1008 822 1168 888 humanae
1185 825 1378 891 conditionis

60 924 301 1010 adspiciens,
325 924 409 1009 quod
432 923 516 988 absit
538 946 558 987 a
578 926 635 987 tua
656 926 781 1007 mente,
804 947 871 988 non
891 925 1039 1010 ingratus
1061 920 1214 991 eisistere
1240 928 1377 993 ridearis

64 1026 243 1095 collatae
261 1025 428 1091 felicitatis
450 1025 584 1090 auctori.
630 1024 764 1109 Redeat,
795 1026 935 1108 obsecro,
960 1027 995 1090 in
1018 1027 1117 1091 animi
1140 1029 1187 1092 tui
1210 1029 1326 1095 intima
1337 1032 1376 1116 ¹³)

67 1128 335 1195 deliberatione
358 1132 575 1213 conspectum,
599 1149 681 1213 quae
703 1128 851 1194 inimicos
873 1133 945 1193 tuos
967 1130 1055 1195 facta
1078 1130 1264 1213 dejecerint,
1295 1154 1377 1217 quae

47 1237 104 1297 'te
130 1230 196 1294 ad
224 1231 386 1316 imperiale
407 1230 575 1316 fastigium
590 1229 658 1294 Deo
680 1209 860 1295 comitante
869 1233 1064 1310 revexerint;
1087 1233 1226 1317 qualiter
1240 1233 1288 1297 illi
1304 1256 1377 1298 curn

73 1330 247 1398 nefanda
271 1332 433 1419 dogmatis
460 1334 643 1418 receptione
671 1333 885 1415 conciderint,
917 1338 949 1398 et
976 1335 1240 1420 quemadmodum
1272 1337 1376 1420 gloria

74 1438 134 1498 tua
162 1432 417 1500 haereticorum
437 1436 536 1500 fuerit
558 1436 744 1521 depulsione
771 1440 936 1521 reparata3
969 1441 1006 1501 ut
1033 1436 1080 1501 illi
1110 1441 1223 1502 contra
1246 1437 1375 1503 Calche-

77 1536 255 1602 donensis
281 1538 397 1623 synodi
423 1538 621 1603 venerabilia
655 1539 831 1603 constituta
865 1542 897 1602 et
910 1538 1100 1608 ,beatissimi
1129 1562 1233 1624 papae
1260 1539 1375 1605 Leonis

80 1637 228 1721 scripta
247 1641 423 1724 venientes,
452 1640 523 1726 ipsa
551 1641 600 1705 sui
623 1640 790 1706 molitione
813 1641 945 1725 collapsi
968 1641 1043 1724 sint,
1082 1645 1115 1705 ct
1137 1642 1251 1726 quibus
1273 1643 1375 1707 modis

83 1756 216 1806 eorum
235 1743 478 1808 reformationes
501 1744 541 1807 ad
563 1743 736 1829 pristinum
763 1743 1023 1829 remeaverint¹⁴)
1045 1748 1141 1833 tuam
1163 1746 1376 1810 reverentiam

85 1839 331 1930 principatum.

176 1946 222 2011 5.
257 1947 378 2032 Liceat,
401 1968 467 2031 cuo,
491 1948 575 2033 apud
598 1953 631 2013 te
654 1948 790 2013 fidenter
812 1950 1016 2036 exserere¹⁵),
1040 1971 1121 2034 quae
1145 1949 1296 2014 convenit
1310 1972 1377 2015 non

89 2053 225 2114 meere.
267 2046 407 2115 Unicum
435 2051 471 2114 in
492 2054 525 2114 te
553 2054 699 2135 superest
720 2051 817 2136 prisci
839 2073 956 2115 nomen
979 2051 1116 2136 imperii.
1161 2051 1222 2136 Ne,
1247 2072 1374 2136 quaeso,

96 2144 193 2215 nobis
222 2152 356 2217 salutem
370 2155 476 2235 tuam,
501 2152 552 2236 pie
568 2153 752 2238 imperator,
777 2154 932 2237 invideas,
956 2176 996 2217 ne
1019 2153 1169 2217 fiduciam
1191 2176 1249 2238 pro
1271 2158 1304 2218 te
1319 2157 1376 2219 mi-

102 2266 181 2317 nuas
214 2253 431 2340 supplicandi!
475 2253 608 2339 Causae,
640 2256 755 2341 quibus
778 2256 934 2320 Dominus
957 2256 1000 2320 sit
1021 2257 1189 2343 propitius,
1213 2256 1375 2341 inquiren-

107 2350 162 2416 dae
188 2361 286 2441 sunt,
310 2378 377 2422 non
406 2357 520 2442 quibus
549 2358 617 2441 ejus
644 2358 827 2443 indignatio
855 2361 1053 2443 provocetur.
1100 2357 1271 2441 convena,
1303 2381 1376 2424 cou-

113 2454 219 2541 eaor,
245 2459 401 2543 obtestor3
429 2460 581 2545 quoniam
608 2464 732 2543 metuo,
761 2459 920 2544 horresco,
951 2455 1097 2544 formido,
1127 2483 1168 2524 nc
1196 2463 1376 2525 mutatione

120 2562 320 2649 musarumll)
343 2566 376 2626 et
397 2583 517 2646 earum,
540 2562 624 2647 quod
647 2562 741 2645 absit,
766 2565 909 2627 mutetur
930 2565 1072 2628 eventus.
1110 2563 1247 2647 llespicc
1269 2565 1375 2646 potius

124 2651 347 2752 tlkieoessores
369 2667 442 2729 tuos
464 2668 620 2750 augustae
635 2665 806 2729 memoriae
821 2665 1022 2747 Marcianum
1038 2665 1161 2730 scilicet
1176 2670 1208 2728 ct
1223 2666 1373 2748 Leonem,

130 2757 161 2820 el
173 2762 324 2832 enarum
344 2767 528 2852 principum
543 2767 649 2850 fidem,
673 2767 837 2852 legitimus
853 2789 961 2832 eorum
977 2789 1149 2850 successor,
1168 2768 1372 2851 amplectere.

133 2854 218 2929 Debes
239 2867 364 2935 illorum
396 2867 546 2955 religioni
580 2890 785 2954 corrsensum,
820 2870 915 2934 debes
943 2871 1114 2934 memoriae
1147 2869 1373 2932 reverentiam:
1437 2897 1447 2917 x

138 2956 204 3028 alsit
220 2990 236 3034 a
252 2974 307 3038 tua
329 2971 508 3055 devotione,
538 2972 623 3037 absit
645 2994 665 3036 a
686 2975 743 3036 tua
765 2975 934 3058 potestate,
963 2975 999 3036 ut
1026 2971 1141 3035 talium
1165 2971 1304 3034 credaris
1326 2992 1373 3034 re-

139 3064 232 3145 sslllsse
247 3075 418 3158 judicium!

204 3172 227 3238 6.
264 3176 429 3243 Postremo
460 3176 691 3262 professionem
724 3182 813 3241 tuam
847 3177 1138 3261 conscientiamque
1170 3176 1374 3240 recolendam

139 3273 350 3344 maurinae
378 3281 509 3364 pietatis
535 3279 675 3343 insinuo.
720 3278 837 3343 Palatii
867 3279 913 3343 tui
940 3279 1039 3343 facito
1062 3277 1180 3343 scrinia
1202 3279 1372 3361 recenseri,

190 3462 267 3529 ”llis
280 3467 313 3522 Ε*
327 3467 374 3534 Ε*;
398 3466 466 3523 editi
483 3484 545 3521 eum
563 3466 596 3519 Ρ*
608 3466 646 3520 Η*
662 3472 770 3536 intepra.
807 3466 914 3521 Deinde
931 3467 966 3520 Ε*
984 3484 1037 3521 seo.
1056 3484 1140 3521 manu
1158 3477 1309 3535 conspectus
1331 3470 1375 3536 qut

130 3550 259 3605 ιἰὶιὶωηι
275 3564 372 3609 aaran
387 3557 462 3620 sacta
479 3546 625 3620 dejecerat.
644 3569 730 3621 quum
747 3551 838 3621 prima
855 3570 940 3607 manu
958 3570 1020 3606 eum
1037 3552 1069 3605 Ε*
1083 3551 1116 3626 Ε*
1128 3551 1165 3604 Η*
1177 3553 1206 3606 et
1222 3551 1304 3605 editis
1316 3572 1374 3607 con-

121 3644 220 3705 metu
230 3658 291 3707 pree
302 3643 454 3706 dejecerunt
465 3636 510 3704 (El'
523 3642 666 3703 dejecerint
728 3643 896 3705 conciderint,
910 3636 943 3690 Ρ*
1004 3643 1138 3691 erexerint
1147 3676 1181 3693 ...
1192 3640 1372 3705 condiderint).

117 3720 178 3777 Ποῖ
193 3720 254 3777 edit
269 3729 295 3778 ia
311 3728 505 3779 haereticoram

178 3806 206 3883 'fl
222 3806 254 3862 Ε*
265 3808 300 3862 Ε*
316 3818 492 3863 removerunt
510 3819 553 3861 tua
571 3813 727 3870 reuerentia,
746 3808 779 3861 Ρ*
791 3809 828 3862 Η*
845 3813 1011 3862 remeaverint
1024 3819 1091 3861 tuum
1103 3813 1282 3870 reverentiam,
1301 3807 1373 3861 unde

107 3895 203 3951 nasim
219 3892 307 3949 lectio.
343 3892 419 3947 Editi
436 3905 611 3948 remeaverunt
634 3903 739 3947 termam.
786 3893 873 3947 Porro
892 3899 1059 3948 remeaverint
1076 3892 1121 3946 hic
1139 3893 1257 3946 sumitur
1275 3893 1374 3959 active,

103 3990 132 4037 ct
149 3976 225 4034 idam
247 3980 343 4046 sonat,
371 3978 446 4047 quod
462 3984 616 4033 reduxerint
634 3979 663 4041 (b
683 3978 719 4032 ad
736 3996 824 4047 marg.
844 3982 1012 4047 repararunt)
1039 3995 1087 4031 seu
1105 3995 1230 4033 remeare
1248 3979 1372 4032 fecerint.

98 4066 181 4124 Felix
196 4063 301 4119 Zenoni
318 4062 348 4117 in
364 4063 529 4119 memoriam
547 4066 673 4131 revocat,
699 4064 838 4132 quomodo
856 4063 1004 4117 Basiliscus
1023 4062 1277 4117 Calchodonensem
1296 4078 1374 4130 syno-

93 4156 166 4210 dmn
185 4151 215 4204 et
231 4148 338 4219 scripta
354 4149 454 4205 Leonis
473 4149 661 4204 condeumans
674 4166 689 4203 e
701 4149 860 4219 principatu
879 4147 1024 4214 exciderit,
1042 4147 1102 4217 ipse
1120 4163 1186 4201 vero
1205 4148 1373 4202 contrariam

90 4240 174 4297 aiam
193 4233 287 4289 irrisus
310 4234 347 4288 sd
368 4234 497 4290 eumdem
519 4234 721 4305 capessendum
744 4233 866 4289 redierit.
908 4234 996 4297 Quem
1019 4248 1117 4286 revera
1144 4232 1187 4286 his
1211 4234 1373 4287 obsecutum

86 4339 170 4388 me,
189 4319 271 4375 testis
290 4320 333 4373 est
350 4319 394 4374 lex
412 4318 536 4388 ejusdem
554 4336 627 4376 anno
645 4326 696 4374 476
715 4319 832 4373 exeunte
845 4318 913 4372 data
925 4318 942 4372 l.
958 4325 989 4372 16
1002 4317 1067 4372 Cod.
1082 4318 1151 4371 Just.
1165 4318 1190 4383 l,
1201 4324 1229 4371 2:
1252 4321 1374 4370 decerni-

82 4430 158 4470 ω,
183 4417 214 4461 a!
237 4410 379 4475 antiquet&
400 4426 432 4459 ac
453 4411 586 4471 infirmatis
606 4410 735 4472 funditus,
760 4426 824 4475 quae
848 4416 939 4458 contra
962 4410 1042 4472 ipsum
1061 4408 1221 4458 erthodonue
1245 4405 1374 4469 rclr’pionis

83 4504 174 4554 om
194 4495 310 4564 quodum
327 4496 400 4545 modo
414 4494 488 4556 sacta
505 4502 574 4551 sient.
593 4497 618 4544 ia
637 4497 759 4560 inteprum
777 4496 945 4544 restituantur
962 4483 1081 4544 universe
1100 4501 1148 4545 etc.

159 4580 195 4647 ¹⁸)
216 4577 265 4631 lta
282 4574 316 4629 Ε*
329 4574 375 4640 Ε*;
392 4574 474 4629 F²H⁸
491 4596 617 4630 esercere
635 4596 713 4645 picae,
733 4574 800 4628 editi
819 4572 952 4643 exponere
970 4594 1048 4643 prtem.
1079 4572 1186 4627 Deinde
1199 4571 1230 4623 Ε*
1245 4571 1279 4623 Ε*
1296 4576 1373 4639 impe·

78 4676 132 4737 n‘i,
153 4662 211 4719 ubi
231 4658 284 4715 alii
302 4666 470 4733 imperatoris.
851 4712 858 4720 ,

157 4752 194 4817 **)
216 4747 267 4800 lta
285 4743 318 4797 Ε*
332 4743 367 4797 Ε*
378 4744 417 4798 F'.
447 4745 523 4799 Ediii
540 4758 566 4800 et
588 4767 673 4800 curum
691 4746 836 4812 omittunt,
858 4762 977 4814 moxque
997 4743 1134 4798 scribunt:
1160 4747 1266 4811 Respice
1284 4746 1373 4810 propi·

76 4848 134 4895 m,
158 4834 210 4905 ὦ*
234 4832 337 4899 pules)
356 4869 377 4882 ..
394 4837 511 4900 amplecti
527 4834 604 4885 debes
622 4837 720 4884 illorrun
742 4837 767 4884 in
790 4837 913 4898 reliqr'oue
930 4849 1089 4885 eonsensum.
1115 4847 1216 4897 quorum
1235 4831 1311 4879 delus
1329 4824 1374 4893 (ll²

75 4920 218 4981 eorrexit
240 4932 300 4969 sec.
320 4931 403 4969 manu
416 4922 546 4984 relipiom's
563 4936 708 4971 consensum
727 4937 860 4987 corumque
879 4920 976 4984 debes).
1042 4984 1048 4995 ⁵
1413 4902 1419 4922 ⁸

114 5019 300 5064 ιιιιτοιιι
313 5018 416 5058 rom.
430 5020 542 5056 roarrr.
561 5005 583 5056 Ι.
1025 5016 1032 5028 ·
1133 5007 1170 5064 15
