3450 5678
303 333 503 382 reserares
520 334 565 380 vr.
588 355 628 362 -
649 333 793 381 norrun
817 335 927 383 rrrsr.
952 334 1023 382 uon
1046 334 1215 383 uxsraur.
1239 336 1302 382 ur.
1372 319 1433 383 eoi

143 509 260 552 aures
282 486 362 551 haec
384 486 599 551 submovenda
622 490 779 551 tentasse:
811 488 941 572 etquis
964 487 1088 551 auditos
1117 509 1274 551 essenon
1297 491 1432 571 constat,

143 590 244 654 dum
265 590 345 653 haec
367 589 452 652 mala
473 587 629 672 hodieque
651 588 842 673 perdurant,
869 590 940 654 ideo
963 588 1042 653 haec
1064 588 1134 672 ipsa
1155 589 1290 673 imperia
1313 589 1435 653 defece-

139 695 259 774 runt,
292 691 363 755 ideo
385 691 483 755 etiam
504 712 621 754 nomen
644 689 924 778 Romanorum³¹)‚
953 714 1019 755 non
1040 691 1171 755 remotis
1198 690 1296 754 etiam
1318 689 1436 774 Luper·

141 794 302 878 (salibus,
326 816 425 878 usque
448 792 489 856 ad
511 796 653 856 extrema
675 814 818 877 quaeque
840 793 997 878 pervenit.
1031 792 1075 857 Et
1096 793 1167 857 ideo
1182 814 1269 857 nunc
1284 814 1321 857 ea
1336 814 1436 857 remo-

135 896 272 961 venda
290 897 417 977 suadae,
431 917 512 979 rinae
526 916 624 978 quum
638 894 720 957 nihil
735 896 893 978 profuisse
910 917 1077 979 cognosce,
1094 898 1258 979 tamquam
1274 895 1436 959 contraria

137 1021 261 1063 verae
290 997 438 1082 religioni
471 996 568 1060 noxia
595 996 701 1079 potius
729 997 889 1061 exstitisse
916 997 1098 1080 pronuntio.
1149 996 1314 1060 Postremo
1341 996 1369 1060 si
1396 996 1436 1060 de

130 1122 310 1165 nieorum
342 1119 479 1184 persona
511 1097 792 1182 praescribendum
825 1099 974 1163 aestimas
1007 1099 1300 1183 praedecessorum,
1340 1119 1435 1163 unus·

129 1203 300 1287 quisque
328 1199 520 1286 nostrnm³²)
548 1199 836 1264 administrationis
871 1223 947 1265 suae
974 1200 1154 1265 redditurus
1187 1203 1236 1264 est
1266 1200 1434 1283 rationem,

124 1304 252 1369 sicut
274 1304 372 1368 etiam
394 1302 429 1366 in
450 1301 588 1386 publicis
611 1301 823 1386 dignitatibus
851 1303 920 1366 fieri
947 1302 1130 1386 providetis.
1175 1302 1247 1387 Ego
1268 1301 1436 1387 negligen-

121 1406 249 1470 tiam
271 1426 421 1470 accusare
443 1426 509 1468 non
533 1403 633 1467 audeo
655 1404 943 1487 praedecessorum,
967 1425 1062 1487 quum
1085 1405 1189 1490 magis
1213 1404 1349 1487 credam,
1372 1404 1436 1468 for-

123 1510 256 1573 tasse
277 1509 421 1572 tentasse
444 1527 497 1569 eos
519 1508 555 1568 ut
576 1505 656 1569 hacc
677 1505 820 1589 pravitas
842 1506 1018 1589 tolleretur,
1048 1511 1080 1570 et
1102 1508 1254 1591 quasdam
1277 1506 1436 1570 exstitisse

123 1631 283 1674 causas
312 1612 344 1672 et
373 1607 550 1672 contrarias
572 1607 768 1691 voluntates,
799 1629 880 1691 quae
908 1630 1016 1672 eorum
1044 1607 1278 1672 intentionibus
1305 1629 1436 1692 praepe-

117 1710 292 1794 dirent,
321 1710 405 1775 sicut
432 1732 474 1774 ue
496 1732 582 1774 nune
604 1710 730 1794 quidem
752 1732 807 1774 ros
830 1710 915 1794 ipsos
939 1709 1094 1774 absistere
1122 1710 1245 1775 insanis
1269 1710 1436 1774 conatibus

116 1813 251 1878 velle
273 1812 482 1898 perpenditis,

703 1938 904 1946 ——.-----

677 2105 931 2181 Notitia

225 2254 413 2324 scriptorum
432 2270 492 2308 non
512 2255 715 2324 exstantium,
735 2271 813 2324 quae
832 2258 869 2312 ad
889 2272 914 2312 s.
934 2253 1089 2313 Gelaslum
1108 2269 1215 2326 papam
1233 2255 1380 2313 uttluent.

791 2393 817 2457 I.

121 2513 247 2560 ano
268 2501 330 2559 492
352 2520 420 2559 mox
438 2508 504 2572 post
524 2517 612 2558 mens.
644 2502 734 2557 illuct.
750 2504 902 2575 Euphemii
923 2508 1053 2576 episcopi
1073 2505 1379 2577 Constantinopolitani
1400 2506 1438 2562 ad

323 2588 467 2644 Gelasium
482 2589 517 2642 de
533 2595 679 2659 aucupato
693 2591 866 2660 pontificatu
883 2596 910 2644 et
925 2593 1070 2646 seruanda
1084 2607 1161 2661 pace
1176 2594 1398 2664 pratulotoriae.

256 2689 284 2745 l.
322 2687 485 2763 Euphemius
502 2691 592 2763 regiae
608 2691 721 2744 civitatis
738 2691 890 2764 opiscopus,
907 2691 946 2745 uti
963 2690 1037 2746 valde
1053 2690 1228 2765 probabiliter
1244 2693 1436 2764 conjectamus,

122 2760 269 2832 Felicis
284 2773 305 2828 ll
326 2772 447 2829 obtinere
472 2776 627 2847 nequiverat
648 2778 872 2838 communionem,
896 2775 943 2829 sed
962 2776 1027 2832 llaec
1042 2775 1165 2832 menelai
1186 2795 1325 2852 suspensa,
1347 2778 1435 2851 quoad

117 2842 287 2918 Flavitae
302 2861 442 2932 Artaciique
458 2861 564 2914 nomina
580 2859 744 2933 enliptyehis
760 2860 940 2915 submovisset
964 2861 1032 2932 (Gal.
1050 2879 1092 2935 ep.
1109 2862 1170 2917 311.
1190 2862 1227 2933 1).
1273 2863 1367 2919 Statim
1390 2880 1436 2918 uu·

118 2941 221 3004 lem
239 2955 271 3000 ut
293 2944 392 3000 audivit
409 2944 540 2999 Gelasium
563 2947 589 3000 iu
611 2944 705 3000 Felicis
729 2946 817 3001 locum
839 2946 989 3009 suffectum,
1016 2948 1132 3019 speravit
1154 2947 1220 3010 lore,
1249 2956 1278 3002 ut
1300 2956 1327 3004 et
1348 2949 1436 3021 ipsum

114 3034 265 3088 beccus
281 3047 349 3105 papa
370 3029 403 3084 de
419 3029 588 3085 ordinatione
609 3047 656 3084 sua
679 3030 779 3086 laceret
795 3033 950 3086 certiorem.
982 3030 1058 3098 Quod
1081 3049 1162 3104 quum
1187 3033 1319 3088 tantillum
1342 3049 1436 3107 esspe-

117 3122 279 3178 Qrasset,
297 3115 433 3189 amplioris
448 3115 589 3188 hepaticus
606 3132 695 3170 morire
710 3116 784 3170 illurn
801 3116 898 3171 litteris
914 3118 970 3172 suis
982 3116 1182 3190 provocandum
1195 3117 1279 3179 durii,
1296 3128 1326 3173 ut
1341 3118 1436 3173 saltem

114 3199 194 3260 ῆι
211 3202 349 3258 secundis
365 3203 453 3256 uicem
468 3203 645 3271 impenderet
660 3203 850 3257 salutationis.
881 3200 973 3274 Neque
989 3204 1058 3257 cuim
1075 3203 1115 3270 iis,
1140 3219 1207 3275 qrrae
1223 3203 1256 3258 ‹le
1271 3205 1330 3276 ipso
1347 3202 1437 3258 audie·

119 3291 215 3349 tat.
233 3294 379 3342 contentus
396 3284 453 3355 ejus
470 3287 547 3340 etiarm
564 3288 610 3347 rei.
628 3302 706 3359 qutun
722 3287 779 3341 aliis
795 3285 974 3342 referentibus
990 3295 1136 3360 acceperat,
1157 3285 1260 3342 litteras
1278 3295 1360 3344 testes
1376 3304 1437 3361 spe·

119 3383 240 3429 Qtsre
257 3369 390 3445 cupiebat.
422 3370 504 3425 lmuro
527 3379 636 3426 tantrrm
658 3388 727 3444 erpa
750 3389 813 3427 eum
829 3376 962 3428 caritatis
976 3374 1084 3439 hahere
1102 3390 1130 3428 sc
1148 3372 1309 3436 testabatur,
1333 3382 1362 3428 ut
1382 3390 1437 3428 non
1523 3367 1532 3384 ⁸

122 3458 258 3516 &olum
274 3457 372 3512 litteris
389 3472 450 3510 cunr
466 3455 575 3528 alloqui,
593 3456 640 3511 scd
656 3458 740 3530 ipsius
757 3459 836 3511 etima
853 3459 966 3529 affatus
982 3461 1083 3514 audire
1098 3465 1255 3531 peroptaret
1271 3459 1300 3530 (l.
1314 3476 1337 3514 c.
1354 3476 1381 3514 u.
1395 3456 1435 3530 3).

255 3543 284 3598 2.
317 3540 364 3596 His
380 3539 526 3611 adjiciebat,
551 3541 631 3596 ileum
653 3535 797 3598 ruunilestc
814 3543 974 3605 ostendisse,
997 3551 1166 3599 selectarum
1183 3547 1372 3601 ecclesiarum
1387 3548 1437 3600 mi·

130 3632 243 3687 'time
259 3629 396 3683 deserere
411 3643 441 3681 se
457 3630 621 3689 caritntcm3
644 3628 775 3700 siquidem
797 3628 927 3702 singulari
944 3629 1112 3702 providentia
1136 3630 1221 3683 virum
1242 3631 1269 3684 iu
1289 3628 1437 3704 pontificali

132 3714 233 3771 Sede
249 3712 348 3770 locarit
364 3729 419 3768 non
435 3713 604 3784 indipentem
620 3715 726 3783 (laceri,
744 3715 795 3768 scd
808 3717 997 3770 intendentem
1010 3718 1103 3771 omitia
1115 3719 1284 3770 necessario
1295 3718 1335 3771 ad
1345 3717 1436 3771 eccle·

134 3802 283 3857 -siastici
298 3801 431 3870 eorporis
452 3801 589 3853 unitatem
613 3797 641 3869 (l.
655 3815 678 3853 c.
696 3817 721 3854 u.
740 3798 780 3868 4).
812 3799 879 3853 Turn
901 3809 1100 3874 consequenter
1115 3798 1280 3862 attrectabat,
1304 3800 1437 3856 Gelasium

135 3880 316 3942 Salvatoris
333 3882 464 3955 exemplo,
482 3884 526 3955 qui
543 3882 576 3937 dc
592 3883 668 3938 coelo
685 3883 831 3944 (tesserula,
854 3887 1126 3941 condescendibilem
1141 3884 1269 3959 praebere
1285 3903 1313 3940 se
1330 3885 1436 3949 debere,

137 3979 193 4027 εἰ
210 3970 314 4044 optima
330 3968 506 4040 dispositione
521 3984 647 4023 revocare
663 3986 744 4041 posse
757 3969 927 4024 concordiam
944 3970 972 4041 (Ι.
989 3989 1012 4025 c.
1030 3989 1057 4026 n.
1074 3970 1114 4043 5).

255 4053 285 4111 3.
317 4052 435 4109 Subinde
451 4069 514 4108 reru
530 4052 555 4107 id
572 4052 726 4123 objiciebat:
748 4056 875 4110 nicecius
897 4056 966 4111 nihil
984 4062 1087 4111 contra
1101 4059 1187 4128 ficiem
1203 4059 1277 4112 sicut
1290 4057 1438 4129 Eutyches

144 4149 195 4199 et
216 4155 375 4197 successor
395 4141 461 4210 ejus
477 4137 643 4210 (Dioscorus)
667 4141 772 4212 lepitur
793 4141 954 4213 relictusque
979 4143 1089 4196 dixisse
1114 4141 1143 4212 (l.
1161 4159 1182 4196 s.
1200 4159 1227 4196 n.
1245 4141 1284 4216 8).
1323 4141 1389 4196 ilinc
1411 4148 1438 4194 et

143 4222 324 4302 quaerebat,
341 4225 456 4297 quando
469 4223 561 4295 suerit
576 4227 729 4280 alumnatus
743 4227 879 4281 Aeacius.
910 4225 992 4280 latmo
1013 4227 1141 4292 Petrum,
1159 4231 1208 4282 cui
1221 4229 1438 4284 communicavit

144 4313 307 4381 Aeacius,
320 4315 480 4383 purpatum
496 4309 580 4365 luisse
596 4326 656 4365 cum
672 4310 728 4364 aliis
745 4309 905 4366 obtcmlolmt
922 4310 950 4382 (l.
968 4329 992 4366 c.
1009 4328 1035 4367 n.
1054 4309 1092 4383 tt).

237 4562 270 4630 ³¹)
289 4561 318 4615 b¹
332 4565 474 4615 Romanam.
505 4556 576 4612 Vere
590 4565 625 4611 nd
642 4572 757 4613 astream
770 4580 883 4629 quaeque
900 4566 1017 4628 peruenit
1033 4559 1139 4614 illustre
1157 4559 1210 4613 hoc
1223 4575 1333 4623 nornen,
1353 4573 1438 4626 quum

144 4636 317 4718 fimperium
339 4647 496 4699 Romanurn
519 4662 590 4698 anno
612 4650 662 4698 llll
690 4644 816 4713 deposito
838 4645 1007 4712 Augustulo,
1035 4646 1071 4699 ad
1095 4646 1250 4698 Odoacrem
1273 4644 1439 4697 Hcrulorum

150 4744 265 4803 regem
284 4734 368 4800 atque
386 4732 439 4785 hoc
450 4748 517 4798 rege
531 4748 603 4784 anuo
616 4737 666 4784 493
677 4730 823 4784 interfecto
837 4730 873 4783 ad
886 4730 1089 4785 Theodoricum
1103 4730 1257 4784 Gothorum
1276 4727 1438 4797 prinoipem,

153 4816 217 4886 qui
236 4819 304 4870 tunc
321 4816 403 4870 Italia
420 4816 593 4885 potiebatur,
613 4815 721 4870 defecit.

238 4903 270 4970 ³²)
288 4901 332 4955 Ita
349 4901 394 4956 (3¹.
424 4900 479 4953 Alii
497 4913 651 4968 nostrornm,
671 4905 699 4956 et
717 4903 790 4956 inira
807 4922 851 4956 uos
869 4909 931 4958 istos
949 4908 1081 4959 (resistcre.
