3412 5664
338 287 401 350 902
781 295 1034 346 sacramenia
1056 294 1171 342 raras

208 457 321 525 (fl-519)
334 456 439 521 titudo
462 456 547 518 esset
567 452 696 517 futurae
719 449 867 516 seditioni
893 452 1102 535 congregata,
1131 452 1163 514 et
1186 450 1292 514 doceri
1315 450 1413 535 possit
1431 455 1559 521 secuudum

338 579 460 624 errores
482 555 615 620 eorum?
651 552 712 630 Qui
727 555 897 638 postquam
920 555 1091 618 senserunt
1112 574 1171 617 nos
1192 551 1303 617 venire
1311 553 1348 639 6),
1371 553 1482 638 publice
1498 578 1560 641 prae

338 661 526 726 dicaverunt
546 655 767 721 festinandum
790 675 858 718 esse
881 676 953 719 cum
974 654 1116 739 parvulis
1122 705 1131 738 ,
1155 677 1197 719 ne
1219 655 1437 739 persecutione
1455 659 1560 724 semente

339 761 459 848 pagani
481 761 681 824 morerentur
703 757 861 822 infantes:
884 760 917 821 et
939 761 1018 821 tunc
1040 756 1182 821 velutad
1205 756 1342 821 alterum
1357 756 1472 822 Pascha
1486 763 1561 825 habs

339 861 632 948 baptizaverunt7),
656 863 692 924 ut
714 863 900 924 consuetam
920 858 1133 924 festivitatem
1155 862 1357 944 superarent.
1402 859 1475 926 Item
1491 862 1563 927 diceu-

340 968 431 1031 dum:
470 963 503 1029 Si
526 961 680 1027 haeretici
702 982 769 1026 non
784 965 869 1045 sunt,
893 961 1050 1047 quomodo
1065 964 1160 1026 tanta
1176 965 1379 1027 sacramenta
1394 963 1564 1045 confecerunt,

340 1071 376 1132 ut
399 1065 540 1131 canistra
561 1064 659 1150 plena
681 1064 829 1128 omnibus
851 1065 1033 1148 erogarent,
1056 1085 1098 1128 ne
1120 1063 1322 1147 imminente,
1348 1065 1429 1129 sicut
1449 1065 1564 1148 dicebant,

340 1166 562 1254 persecutione
586 1167 821 1231 communicare
846 1187 913 1230 non
933 1165 1089 1250 possent?
1125 1165 1208 1230 Item
1230 1167 1256 1230 si
1278 1165 1430 1231 haeretici
1444 1174 1565 1249 nousmt,

340 1269 583 1356 posteaquamss)
613 1268 754 1331 accusati
781 1271 857 1331 sunt
884 1269 984 1354 gestis
1013 1289 1031 1330 a
1055 1266 1199 1333 Candido
1227 1268 1297 1332 viro
1325 1268 1461 1353 sublimi,
1484 1270 1568 1334 vicera

342 1372 491 1457 magistri
512 1369 651 1434 militum
673 1370 966 1454 praetorianorum,
990 1370 1165 1455 injudicio
1186 1370 1437 1455 praefectorum,
1460 1372 1512 1457 etl)
1527 1372 1568 1435 sili

342 1478 504 1539 maturum
525 1471 702 1557 periculum
725 1475 957 1556 cognoscerent
977 1472 1178 1536 adfuturum:
1201 1494 1299 1558 quare
1315 1473 1427 1556 denuo,
1447 1477 1569 1558 tanqum

343 1575 530 1658 damnandi,
553 1572 688 1659 velatu)
710 1573 879 1639 subvenire
894 1573 1011 1638 iterum
1025 1574 1166 1659 parvulis
1183 1575 1359 1660 cupientes,
1382 1580 1470 1641 tanta
1481 1597 1569 1640 rursum

344 1681 376 1742 et
398 1675 556 1741 confutati
579 1679 790 1740 exercuerunt
818 1675 1030 1760 baptismata,
1059 1679 1096 1740 ut
1123 1698 1196 1741 vere
1226 1677 1351 1743 cunctis
1379 1700 1411 1743 se
1437 1677 1570 1743 haereticos

344 1776 583 1843 ostendissent?
626 1776 678 1840 Ad
700 1799 796 1862 quam
818 1799 886 1841 rem
908 1778 986 1842 satis
1010 1782 1042 1842 et
1069 1777 1243 1863 magnifica
1269 1783 1413 1863 potestas
1437 1780 1571 1864 praefecto

344 1903 416 1945 rum
438 1878 627 1966 gravissime
649 1877 821 1963 indignata
844 1883 902 1944 est.

429 1984 460 2048 3.
493 1982 576 2047 Item
603 1981 629 2044 si
658 1979 813 2045 haeretici
841 2003 907 2046 non
934 1985 1026 2066 sunt,
1056 1982 1213 2067 quomodo
1241 2005 1338 2068 quum
1366 1983 1400 2048 in
1426 1983 1573 2070 baptisterio

289 2129 291 2134 -
346 2083 572 2169 absconditi¹¹)
595 2103 747 2167 essemus,
772 2083 904 2148 consilio
926 2085 1012 2149 inter
1034 2105 1067 2147 se
1089 2082 1200 2148 habito
1223 2089 1438 2169 pernoctem,
1459 2085 1573 2150 selutde

345 2186 487 2272 periculo
515 2185 652 2248 liberare
679 2206 738 2249 nos
766 2186 926 2270 volentes,
955 2186 989 2250 in
1018 2185 1094 2250 navi
1121 2186 1249 2251 mittere
1279 2187 1461 2272 voluenmt,
1487 2192 1515 2252 ut
1533 2185 1573 2250 luc

347 2289 512 2354 occasione
540 2288 621 2350 mari
648 2286 841 2371 praecipites
870 2286 1008 2352 darent?
1055 2286 1221 2373 Quumque
1254 2311 1314 2353 nos
1346 2289 1575 2374 respondissemus

347 2412 405 2475 per
426 2387 625 2454 Demetrium
648 2392 681 2452 et
702 2389 866 2453 Andream
889 2389 1054 2454 diaconos:
1100 2393 1205 2455 Omnes
1226 2412 1281 2456 nos
1304 2399 1389 2471 apud
1416 2414 1463 2457 vos
1481 2412 1529 2456 esse
1542 2411 1574 2454 co

345 2505 510 2573 possessa
533 2496 682 2571 quomodo
691 2512 752 2570 per
767 2505 881 2557 noctem
898 2499 1047 2570 accipere
1063 2500 1245 2571 possumus?
1279 2496 1342 2556 Sed
1362 2501 1390 2558 ss·
1409 2515 1457 2559 cos
1469 2514 1524 2558 aere
1534 2511 1576 2572 pro

350 2643 512 2653 ‚—.-......
531 2643 601 2647 ---,,
620 2643 633 2647 .-

348 2730 430 2770 ncmo
448 2714 540 2779 extra,
563 2713 612 2767 sed
635 2729 731 2768 omnes
748 2713 824 2768 intra
841 2712 1116 2767 Thessalonicensem
1134 2712 1290 2780 civitatem,
1313 2731 1328 2768 e
1348 2731 1403 2784 qua
1426 2715 1491 2768 hunc
1504 2711 1576 2767 ulia

348 2800 406 2853 lum
423 2798 558 2864 scribunt,
582 2796 679 2852 missas
696 2799 838 2864 tenerent,
862 2813 917 2867 quo
940 2797 1030 2866 major
1051 2797 1201 2852 multitudo
1220 2801 1395 2870 congregata
1410 2802 1438 2855 et
1456 2797 1577 2868 comparet

350 2884 386 2939 ad
404 2882 569 2937 seditionem
587 2883 668 2937 foret.

417 2989 438 3054 ⁸)
454 2984 506 3039 Ed.
525 2990 634 3050 scabre,
653 2988 858 3053 publicaverunt,
875 2983 978 3038 rectius
996 2983 1031 3038 G¹
1049 2990 1144 3041 venire.
1181 2986 1262 3049 Quod
1280 2985 1354 3041 enim
1372 2988 1491 3052 narrant,
1505 2985 1578 3039 heau

350 3072 393 3125 est
409 3068 495 3124 biduo
513 3070 665 3137 autequam
682 3068 873 3139 pervenirent,
891 3068 969 3122 utin
988 3067 1106 3138 epistola
1125 3075 1174 3123 loo
1191 3077 1248 3124 ns
1267 3070 1433 3126 declaratur.

418 3171 558 3241 ⁷)Legati
579 3170 608 3224 in
631 3171 751 3240 epistola
776 3177 823 3224 100
845 3189 872 3224 n.
896 3177 911 3223 4
934 3191 1013 3240 super
1036 3177 1086 3224 dero
1110 3177 1186 3225 millia
1213 3172 1373 3242 baptizatos
1398 3175 1579 3239 narrantum

350 3275 496 3312 numerum
513 3256 603 3310 silent.
640 3256 681 3309 Ex
699 3272 754 3323 quo
772 3255 952 3310 confirmatur
971 3256 1046 3324 quod
1062 3254 1189 3325 proxime
1205 3257 1437 3323 observabamus,
1455 3273 1496 3312 ecs
1510 3255 1579 3325 qubus

352 3342 489 3407 scribunt,
507 3340 618 3396 aliunde
637 3357 721 3409 quam
740 3356 773 3394 ex
790 3340 845 3394 hoc
861 3341 984 3395 indiculo
1003 3340 1037 3395 dc
1055 3342 1139 3396 rebus
1152 3343 1213 3395 tum
1225 3343 1312 3412 gestis
1324 3342 1407 3398 fuisse
1419 3343 1523 3398 edoctos
1545 3338 1580 3392 oe

351 3428 464 3483 rotheus
476 3425 612 3482 autemid
629 3425 763 3480 affectans
781 3425 894 3492 imitari,
912 3426 988 3495 qnod
1005 3426 1231 3496 persecutionum
1242 3428 1418 3498 temporibus
1429 3427 1484 3482 lieri
1497 3424 1580 3480 solebat

351 3514 476 3567 veterem
496 3527 547 3565 nos
569 3510 651 3565 docet
673 3527 752 3564 usum
776 3510 896 3565 canistra
917 3511 1098 3565 sacramentis
1121 3511 1245 3581 corporis
1269 3511 1473 3587 Christiplena
1490 3508 1581 3565 fidelihus

352 3595 501 3665 erogandi,
523 3597 556 3649 ut
572 3594 764 3649 Eucharistiae
786 3595 966 3664 perceptione
985 3597 1015 3649 et
1036 3612 1115 3650 sacra
1133 3596 1328 3651 communione
1345 3614 1400 3651 non
1420 3597 1581 3652 fanonem.

353 3681 438 3736 etiam
460 3699 546 3750 quum
570 3679 763 3749 persecutione
785 3679 927 3735 saeviente
949 3697 1042 3735 sacros
1065 3683 1215 3735 conventus
1239 3681 1318 3736 adire
1343 3683 1392 3737 aut
1410 3682 1582 3737 celebrarem

352 3766 457 3821 liceret.

421 3870 441 3936 ⁸)
459 3867 526 3922 bcc
542 3879 633 3937 postea
651 3888 731 3937 quare
748 3874 883 3922 accusatis.
917 3867 1035 3922 Felicius
1053 3868 1152 3923 exinde
1170 3868 1245 3923 idem
1268 3869 1430 3936 cardinalis,
1452 3869 1495 3924 nbi
1508 3865 1583 3924 othe

353 3953 404 4006 bat
420 3963 540 4021 praeter,
558 3951 681 4007 restituit
695 3958 920 4022 praetorianorum
938 3952 984 4021 (Grl
1001 3953 1055 4022 ῥῐ).

421 4057 442 4121 ⁹)
461 4052 496 4108 G¹
515 4065 540 4107 et
557 4058 606 4108 sibi
668 4066 858 4124 capnoscerent.
887 4053 938 4108 Ed.
956 4060 1163 4124 praefectorum?
1194 4059 1230 4110 Ec
1245 4063 1271 4111 si
1332 4067 1487 4129 copaoecest

424 4158 455 4224 ¹⁰)
472 4155 517 4209 Ita
534 4155 578 4210 Gt
614 4156 665 4211 nd.
683 4163 772 4222 velint,
792 4155 865 4210 unde
883 4162 958 4211 recte
977 4159 1004 4212 a¹
1023 4157 1059 4211 ad
1077 4174 1166 4227 marg.
1187 4159 1269 4213 notat
1286 4164 1358 4214 locas
1375 4163 1499 4218 mem,
1517 4171 1555 4210 uec
1567 4156 1586 4206 ⁸¹

355 4238 490 4294 extricare
509 4239 577 4294 satis
595 4239 684 4294 valuit
701 4239 802 4310 (suasit
818 4240 1036 4296 resarciendum:
1060 4247 1198 4296 dannanus·
1220 4249 1288 4296 citra
1304 4249 1429 4310 judicium
1443 4248 1539 4309 (uria,
1555 4248 1587 4290 dt·

354 4346 409 4379 rum
426 4327 485 4394 etc).
504 4355 538 4364 —-
555 4324 627 4379 Hinc
650 4325 794 4393 docemur,
816 4325 990 4381 Dorotheum
1012 4344 1075 4380 cum
1098 4326 1154 4380 suis
1175 4325 1349 4398 baptismum
1369 4328 1412 4383 bis
1433 4322 1587 4396 intempesto

355 4408 575 4478 administrasse,
594 4410 681 4464 semel
697 4412 848 4480 autequam
865 4411 1006 4467 Johannes
1023 4411 1134 4480 legatus
1151 4398 1378 4466 Thessalonicam
1395 4410 1555 4482 pervenisset.
1568 4407 1588 4459 et

355 4494 469 4561 iterum,
493 4511 579 4563 quum
597 4509 645 4548 eos
665 4494 713 4550 ille
736 4495 905 4550 confutasset
928 4497 1012 4565 atque
1034 4495 1158 4551 accusati
1176 4496 1239 4564 Jam
1257 4498 1351 4550 emant
1371 4495 1400 4551 in
1418 4494 1514 4566 judicio
1531 4507 1589 4563 pne

355 4580 502 4634 sectorum.

425 4683 457 4751 ¹¹)
476 4680 510 4735 G¹
529 4685 647 4738 macons?
656 4702 777 4744 essemus,
797 4699 830 4736 ac
848 4681 949 4737 deinde
967 4700 1029 4737 cum
1046 4683 1090 4737 ed.
1109 4689 1238 4738 cumdium
1256 4690 1369 4740 inferre
1386 4676 1590 4744 hosmundo

357 4764 520 4835 antiquariis
537 4766 604 4820 satis
621 4766 760 4823 familiari.
780 4798 811 4804 -
830 4765 953 4822 Subinde
971 4771 998 4822 a¹
1018 4773 1154 4834 darentur,
1173 4767 1206 4824 (ιίΙ
1221 4769 1239 4822 b
1253 4786 1289 4824 cc
1307 4775 1402 4824 darent
1419 4768 1482 4835 (scil
1499 4769 1554 4833 m),
1571 4764 1591 4814 ³*

357 4853 425 4905 mut.
444 4856 570 4905 duremur.
