3450 5678
209 295 273 358 488
683 306 710 351 s.
728 304 869 351 eausam
892 303 1005 350 rurus

211 485 345 546 eumque
384 461 533 526 carnibus
575 457 827 544 indifferenter⁷)
871 456 918 522 uti
955 457 1135 523 necessaria
1171 456 1361 543 probatione
1398 478 1475 523 eorn-

211 565 321 649 pellae.

674 699 954 801 Fragmentum
980 700 1015 781 9.

265 843 297 892 Ul
315 840 450 905 presbyter
465 847 576 904 propter
593 840 781 889 invalitudinem
798 840 928 903 carpens,
948 839 1210 904 praecursoriae,
1232 840 1264 889 ab
1281 840 1369 902 efficio
1387 857 1433 892 sne
1496 846 1548 899 P·

727 939 777 974 nen
793 931 959 975 remoueatur.

364 1040 548 1106 Gelasius
570 1062 672 1124 papa
693 1039 877 1103 Palladio
900 1040 1098 1123 episcopo.

296 1162 474 1245 Praecepta
497 1180 666 1241 canonum,
691 1158 805 1242 quibus
820 1156 1037 1223 ecelesiastica
1052 1159 1176 1242 regitur
1191 1159 1375 1244 disciplina,
1399 1161 1485 1226 sieut

213 1265 252 1327 ad
275 1261 488 1327 sacerdotium
510 1260 629 1326 debiles
652 1282 782 1343 corpore
803 1281 869 1324 nen
891 1259 1014 1343 patitur
1034 1260 1212 1343 pervenire,
1236 1260 1345 1343 itaet,
1368 1263 1484 1347 siquis

213 1367 247 1429 in
276 1386 313 1428 oe
339 1364 438 1428 fuerit
447 1365 472 1448 ¹)
501 1362 693 1427 censt'tutus
727 1384 765 1426 ac
793 1364 870 1426 tunc
897 1362 997 1426 fuerit
1024 1362 1201 1444 sauciatus,
1239 1363 1390 1429 amittere
1418 1388 1485 1431 non

214 1469 330 1550 petest,
354 1466 437 1548 quod
460 1468 602 1548 tempere
624 1485 700 1527 suae
722 1463 919 1528 sinceritatis
942 1464 1076 1547 accepit.
1121 1462 1304 1547 Stephanus
1326 1465 1486 1550 siquidem

213 1567 381 1653 presbyter
402 1566 553 1651 petitorio
575 1565 667 1629 nohis
691 1564 819 1628 deflevit
840 1565 967 1648 oblate,
996 1565 1080 1650 quod
1108 1564 1246 1630 habetur
1272 1567 1308 1631 in
1334 1567 1485 1652 subditis,

214 1670 290 1734 olim
313 1669 373 1733 sibi
397 1671 473 1732 ante
495 1689 596 1731 anuos
612 1667 766 1751 plurimes
783 1665 931 1730 collatam
954 1667 1144 1750 presbyterii
1159 1667 1365 1752 dignitatem,
1389 1692 1486 1754 quam

216 1793 326 1835 revera
348 1769 587 1835 immaculatam
595 1770 622 1853 ²)
646 1768 786 1853 corperis
808 1767 886 1831 vitio
909 1769 1109 1852 suscepisset.
1145 1768 1206 1834 Sed
1228 1792 1332 1853 nuper
1354 1775 1487 1856 prepter

215 1872 398 1958 provinciae
421 1871 621 1954 vast'tatem,
657 1893 752 1955 quam
775 1869 932 1935 'thusciae
961 1893 1038 1955 prae
1065 1871 1213 1935 omnibus
1241 1871 1486 1961 barbaroruml)

214 1974 339 2039 diversa
355 1974 548 2039 sectantium
565 1976 598 2036 et
613 1972 807 2056 ambiguitas
822 1972 946 2036 invexit
960 1972 1150 2056 animorum,
1167 1996 1264 2058 quum
1279 1973 1487 2041 imminentes

214 2076 338 2162 gladios
361 2077 493 2140 evadere
515 2076 613 2160 fugae
636 2074 795 2159 praesidio
817 2074 985 2157 niteretur,
1009 2076 1112 2140 acutis
1135 2075 1266 2139 sudibus
1281 2079 1486 2143 occurrentia

214 2179 276 2243 sibi
298 2181 391 2262 septa
412 2176 609 2259 transiliens,
633 2177 801 2240 inferiores
823 2179 931 2260 partes
955 2177 1096 2260 corporis
1118 2178 1289 2242 inseruisse
1308 2180 1485 2264 suggessit,

215 2303 295 2364 quae
323 2281 376 2344 vix
405 2279 550 2343 adhibita
578 2279 742 2343 curatione
771 2278 901 2342 biennio
929 2279 1110 2362 potuissent
1138 2279 1291 2364 abstergi.
1335 2280 1383 2345 Et
1403 2281 1486 2363 ideo,

215 2384 317 2446 frater
339 2382 513 2464 carissime,
536 2380 720 2465 supradicte
741 2380 847 2444 lecum
864 2401 956 2443 suum
971 2380 1226 2466 dignitatemque
1241 2382 1388 2466 restitue,
1411 2406 1487 2468 qua·

215 2488 309 2547 tenus
337 2486 542 2549 sacrosancta
569 2483 722 2566 mysteria
750 2483 834 2546 sicut
865 2482 1029 2546 consuevit
1057 2485 1214 2547 exerceat.
1259 2481 1373 2568 Neque
1401 2485 1487 2550 eninr

218 2586 379 2669 convenit,
402 2585 444 2649 eh
467 2585 527 2649 hoe
549 2584 667 2649 arrierri
691 2586 766 2648 aute
789 2586 972 2667 susceptum
994 2584 1148 2668 ordinem,
1171 2585 1239 2672 in⁴)
1261 2607 1325 2669 que
1348 2589 1488 2670 pustino

217 2687 292 2751 dmn
315 2688 349 2751 in
371 2687 623 2752 invaletudinem
646 2686 786 2771 corporis
810 2708 885 2749 casu
908 2686 1062 2769 probatur
1082 2687 1224 2751 faciente
1246 2686 1417 2772 collapsus.

667 2855 948 2959 Fragmentum
976 2856 1032 2939 10.

251 2999 317 3058 Quid
334 3001 385 3062 ipsi
401 2999 523 3062 ependum
541 2999 650 3061 perraria
666 2996 874 3060 presbyterorum
892 2995 1026 3054 tabernali,
1046 3013 1077 3045 ec
1095 2998 1296 3048 ‹lelreetaatibus
1313 3000 1382 3049 illisu
1399 3001 1455 3050 die-
1500 3004 1551 3067 ξ

556 3084 627 3132 conia
645 3083 681 3131 ed
695 3079 853 3146 presbyterii
867 3082 974 3145 mudum
990 3083 1144 3146 promoueri.

371 3198 555 3264 Gelasius
578 3197 733 3261 Victori
757 3197 954 3280 episcopo.

304 3317 471 3384 Consuluit
493 3315 621 3380 dilectio
650 3320 705 3381 tua
733 3315 923 3380 decumum
946 3316 1180 3401 promotione¹)
1209 3318 1400 3384 clericerum
1423 3343 1492 3406 per-

218 3420 350 3503 hibens,
384 3419 467 3504 quod
496 3417 621 3482 diaconi
650 3418 690 3481 ad
717 3418 909 3501 presbyterii
938 3419 1090 3502 gradum,
1124 3442 1187 3503 quo
1209 3421 1380 3484 ecclesiam
1402 3426 1493 3487 tuam

218 3544 375 3585 memoras
397 3521 559 3604 indigere,
590 3521 698 3584 venire
721 3520 912 3584 detrectant.
958 3520 1159 3605 Quapropter
1181 3521 1256 3605 quia
1277 3522 1401 3588 inritos
1424 3525 1492 3589 fieri

220 3623 436 3688 ecclesiastica
458 3622 667 3707 moderati0²)
690 3622 895 3706 gravitasque
923 3645 988 3686 non
1011 3623 1149 3706 patitur,
1182 3627 1217 3688 ut
1239 3645 1277 3687 er
1306 3624 1494 3691 nolentibus

288 3845 362 3914 ⁷)lt²
380 3844 416 3899 ad
434 3861 512 3899 oram
530 3842 609 3897 addit
627 3849 742 3897 anellum
760 3843 787 3908 (i.
802 3861 824 3897 c.
839 3848 961 3913 upuiair);
980 3861 1077 3900 carnes
1090 3845 1164 3900 eninr
1182 3843 1320 3900 heedinae
1337 3863 1495 3916 provocare

221 3931 370 3986 daemones
388 3929 582 3984 credebantur.

237 4023 253 4070 9
291 4019 308 4084 Ι)
327 4016 370 4069 lua
387 4013 409 4080 Q
423 4015 455 4082 Z;
473 4014 540 4068 'PX'
560 4021 710 4069 concidatur
726 4024 785 4068 ectu
800 4020 881 4080 scierit
897 4021 1035 4074 euricircias.

288 4102 309 4166 ²)
328 4101 371 4154 Ita
387 4099 437 4165 X¹;
456 4099 510 4165 QZ
530 4105 680 4154 immaculati
696 4104 813 4167 corporis
826 4104 939 4165 J'rulicie,
958 4101 987 4154 ct
1004 4117 1068 4154 mex
1086 4101 1109 4154 Τ
1127 4108 1248 4170 suscepit.

288 4188 309 4253 ³)
327 4186 346 4238 Z
366 4183 444 4239 addit
459 4189 566 4250 seritur,
587 4184 661 4252 qued
680 4183 811 4239 emittunt
829 4183 944 4249 QTX¹.
981 4186 1052 4240 Tum
1071 4187 1104 4239 X¹
1124 4186 1245 4240 secunda
1263 4204 1348 4241 manu
1366 4209 1497 4244 armna

221 4271 292 4337 (loeo
311 4271 469 4336 oriturarum),
494 4271 522 4323 et
540 4270 558 4322 Z
578 4275 635 4323 darn
653 4269 725 4336 (loco
743 4272 814 4337 cum).
852 4270 907 4323 Ista
925 4268 999 4323 inid
1017 4272 1127 4341 tempus
1146 4273 1211 4341 apte
1230 4272 1415 4339 conveniunt,
1440 4292 1498 4344 quo

221 4357 347 4411 Odoacar
365 4353 531 4409 Herulerum
555 4371 603 4409 rex
621 4355 651 4409 et
667 4353 856 4409 Theodericus
873 4355 1029 4410 Gothorum
1048 4356 1102 4411 dur
1125 4356 1160 4411 de
1178 4356 1275 4411 ltaliae
1294 4374 1385 4426 regne
1407 4357 1498 4429 digla-

222 4441 378 4495 diabantur.

289 4529 310 4593 ⁴)
328 4524 363 4579 X¹
383 4531 454 4594 quia,
473 4525 502 4578 ct
519 4540 583 4578 mox
602 4542 663 4580 clun
683 4526 706 4580 Τ
725 4524 831 4579 emittit
847 4532 881 4580 in.

224 4618 255 4665 10
291 4613 310 4678 ¹)
330 4610 353 4664 Τ
370 4615 550 4679 promissione,
569 4627 689 4678 moxque
707 4614 744 4665 0¹⁰
763 4610 867 4666 emittit
881 4618 949 4680 fieri.

289 4697 311 4763 ²)
329 4699 528 4750 Ecclesiasticus
546 4701 715 4750 »moderationi
736 4696 856 4751 accessio
875 4697 960 4752 ctiam
978 4698 1054 4752 sacta
1072 4699 1114 4752 cst
1135 4698 1286 4768 imperialis
1305 4700 1496 4756 auctoritatis

222 4778 293 4833 Nam
312 4781 340 4834 et
357 4778 528 4848 Maiorianus
545 4779 614 4833 Nov.
634 4784 653 4834 t.
674 4780 710 4834 XI
730 4782 783 4848 (cd.
803 4782 933 4850 haenel),
955 4804 986 4836 ne
1009 4789 1064 4853 quir
1082 4789 1173 4838 invitas
1190 4789 1298 4838 clericus
1316 4790 1498 4849 ordinarem,

222 4864 319 4917 sanxit.
351 4862 486 4928 Quocirca
504 4864 655 4934 Gregorius
673 4865 752 4935 epist.
770 4866 818 4922 lib.
838 4868 850 4922 l
867 4867 922 4924 ind.
938 4868 975 4923 IX
993 4886 1035 4939 cp.
1053 4874 1082 4923 19
1100 4869 1136 4925 od
1154 4868 1284 4925 Natalem
1298 4867 1498 4928 Salonianum
