3450 5678
644 316 838 364 seraranan
862 306 912 364 30.
938 306 989 363 31.
1385 268 1447 366 447

181 471 252 552 ejus
279 468 421 534 iniectus
448 471 508 550 est,
536 467 724 552 imploranti
751 468 901 532 flebiliter
928 468 1059 551 pietatis
1088 471 1137 532 est
1165 466 1358 550 apostolieae
1385 490 1451 532 non
1464 474 1558 532 east

182 592 312 656 negare.

265 671 433 735 Professus
462 692 539 756 ergo
567 671 710 736 Misenus
738 671 930 756 regulariter
958 693 1000 762 se
1019 693 1129 762 omnes
1158 672 1321 754 haereses,
1351 670 1451 755 Euty·
1501 707 1504 712 ·

182 774 333 839 chianam
365 773 536 857 praecipue
571 795 643 836 enm
677 772 873 857 Eutychete‚
908 772 1077 855 Dioscoro,
1110 773 1279 838 Timotheo
1319 773 1449 856 Aeluro,

159 874 279 939 ·Petro
315 873 551 958 Alexandrino,
591 874 709 939 Acacio
748 874 1105 958 Constantinopolitano
1140 874 1299 958 Petroque
1337 875 1451 938 Antio-

181 977 285 1042 cheno
306 976 358 1040 vel
381 976 506 1040 eunctis
537 997 645 1039 eorum
667 977 919 1058 successoribus,
949 977 1160 1040 sectatoribus
1183 980 1216 1041 et
1238 975 1450 1040 communica-

180 1079 307 1143 toribus
328 1077 491 1160 detestsri,
522 1099 637 1161 eosque
668 1078 873 1142 anathemate
896 1078 992 1141 ferire
1019 1081 1189 1162 perpetu0,
1220 1077 1451 1141 communionis

180 1178 377 1265 apostolicae
399 1184 432 1243 et
453 1179 706 1265 sacerdotalis⁴⁴)
729 1162 879 1264 gratiam,
903 1201 999 1263 quam
1015 1179 1173 1243 catholica
1191 1178 1366 1248 traditione
1380 1200 1450 1263 per-

181 1282 278 1365 cepit,
301 1281 437 1365 recipiet
461 1280 667 1365 dignitates

268 1382 318 1448 15.
348 1366 468 1447 Omnes
490 1383 632 1466 episcopi
655 1385 688 1445 et
709 1383 886 1466 presbyteri
909 1386 1078 1466 surgentes
1101 1383 1135 1446 in
1157 1383 1278 1466 synodo
1293 1382 1449 1463 acclama·

181 1488 311 1549 verunt:
341 1489 468 1548 maadi
500 1489 630 1562 Christe,
667 1491 787 1549 Gelasio
815 1492 896 1549 uita!
933 1485 1054 1548 dictum
1082 1486 1276 1568 quindecies.
1324 1489 1450 1548 Domine

178 1592 286 1668 Petra,
320 1599 352 1651 ta
384 1592 469 1650 illum
500 1594 609 1651 sava!
650 1586 769 1649 dietum
802 1585 979 1650 duodecies.
1026 1592 1122 1666 CuJ'us
1148 1593 1247 1650 sedem
1274 1598 1304 1650 et
1332 1592 1450 1649 annas!
1498 1600 1505 1613 ·

179 1688 303 1752 dictum
335 1687 464 1771 septies.
515 1677 671 1752 Vicariam
702 1693 813 1752 Christi
838 1700 866 1751 te
891 1694 1043 1752 videmus!
1085 1687 1206 1750 dictum
1239 1688 1389 1751 undecies
1397 1687 1448 1770 ⁴⁵).

178 1795 353 1870 ,apostolam
376 1794 499 1854 Petrum
520 1782 558 1853 te'
571 1795 721 1854 uidemus!
748 1789 869 1853 dictum
891 1790 1001 1853 sexies.
1037 1794 1131 1870 Cujus
1151 1794 1259 1867 sedem,
1284 1803 1313 1853 et
1335 1796 1450 1853 annos!
1515 1786 1520 1805 “

178 1891 301 1955 dietum
324 1891 442 1977 septies
463 1891 620 1976 trigesies.
750 1909 764 1939 ⁸

266 1992 374 2058 Sixtus
406 1993 552 2056 notarius
574 1995 704 2057 sanctae
731 1993 896 2057 Romanae
925 1993 1077 2057 ecclesiae
1106 1993 1199 2076 jussu
1231 1992 1352 2056 domini
1386 1991 1448 2055 moi

179 2094 359 2158 beatissimi
386 2115 491 2178 papae
514 2094 634 2158 Gelasii
662 2117 700 2158 ex
728 2095 846 2158 scrinio
875 2094 959 2159 edidi
987 2094 1038 2158 die
1060 2095 1156 2158 tertio
1178 2094 1254 2158 Idus
1275 2093 1386 2158 Martii
1394 2093 1446 2178 46),

178 2193 291 2260 Flavio
312 2193 445 2298 ilintate
468 2196 535 2260 viro
559 2196 735 2260 clarissimo
758 2197 898 2261 consule.

592 2398 600 2405 “
678 2384 862 2486 Epistola
888 2386 943 2467 31.

491 2535 598 2602 Beati
621 2534 756 2603 Gelasii
779 2538 822 2603 ad
845 2540 985 2604 actores
1009 2537 1138 2602 urbici.

416 2676 525 2739 Apoelea
543 2678 575 2726 de
593 2679 672 2725 certis
689 2678 812 2727 reditibus
830 2679 951 2732 melesius
971 2677 1099 2725 Romanae
1117 2692 1141 2726 a.
1154 2678 1212 2725 494.

334 2804 517 2871 Gelasius
540 2810 744 2873 actoribus
767 2809 928 2872 urbicis.

250 2924 401 2990 thrnstat
421 2947 477 2989 vos
499 2926 645 2990 intulisse
667 2928 846 2991 actionibus
874 2927 1025 2990 eeclesiae
1054 2948 1093 2989 ex
1115 2925 1333 3010 praestatione
1354 2923 1447 2986 fundi

177 3026 343 3109 Llsmlss,
373 3028 709 3125 quemlconduetionis
737 3029 831 3127 titulo
854 3033 960 3111 tenes,
995 3027 1213 3091 detractibus
1236 3026 1313 3089 anni
1337 3046 1447 3088 consu·
1527 3122 1531 3130 ἡ

178 3129 266 3192 latus
287 3128 408 3192 Asterii
431 3133 464 3193 et
486 3128 640 3194 Praesidii
669 3131 805 3194 virorum
835 3130 1097 3210 clarissimorum,
1128 3128 1166 3190 de
1188 3127 1363 3191 indictione
1385 3126 1445 3200 ΙΙΙ,

247 3420 280 3486 ⁴⁴)
297 3416 391 3471 Verbo
409 3423 578 3472 suendotalis
601 3419 629 3470 in
647 3419 681 3471 (ι’1
696 3420 721 3471 a¹
742 3418 907 3472 clauduntur
924 3419 994 3472 haee
1016 3421 1103 3486 gesta.
1141 3416 1241 3470 Cetera
1262 3433 1294 3469 ex
1318 3433 1368 3469 ms.
1387 3415 1447 3470 Vir-

177 3501 244 3554 dun.
263 3500 436 3570 supplentur.
471 3501 513 3554 Ex
531 3519 586 3570 quo
608 3501 697 3569 liquet
717 3503 779 3572 plus
796 3503 914 3569 Miseno,
938 3520 1021 3571 squam
1039 3502 1167 3571 petebat,
1198 3517 1256 3554 esse
1279 3517 1446 3566 concessum,

177 3585 318 3654 siqnidem
335 3603 398 3640 cum
416 3584 603 3640 ecclesiastiea
622 3588 813 3642 communione
832 3589 857 3641 ei
870 3588 954 3642 etiam
973 3587 1102 3642 restituto
1120 3592 1162 3639 est
1179 3585 1301 3655 dignitas
1319 3585 1446 3640 sacerdo-

177 3669 256 3735 talis;
275 3673 305 3723 et
321 3686 388 3726 vero
406 3673 554 3740 utrumque
572 3687 627 3743 non
646 3675 704 3726 tam
722 3671 748 3725 ei
766 3672 905 3734 sublatum
923 3689 1007 3740 quam
1026 3688 1187 3741 suspensum
1204 3671 1305 3725 fuerat.

245 3756 279 3823 ⁸³¹)
296 3755 380 3825 Apud
402 3756 459 3810 be'
476 3772 552 3824 seqq.
577 3754 803 3824 praetermissum
830 3758 923 3811 fuerat
951 3763 1070 3811 undecies
1096 3762 1237 3824 apostolum
1261 3762 1362 3811 Petrum
1391 3756 1446 3823 (hio

178 3842 251 3894 sorte
269 3838 428 3894 addendum
446 3843 482 3908 tn)
501 3852 525 3894 te
542 3845 652 3894 videraut
670 3847 776 3902 dictum·
794 3840 868 3909 quod
887 3857 920 3894 ex
931 3841 1079 3896 Frontonis
1097 3842 1170 3895 notis
1182 3840 1360 3896 restituimus.
1391 3840 1445 3893 No-

177 3924 281 3978 tandus
296 3923 342 3978 hie
359 3924 449 3978 locus:
467 3923 572 3994 primus
590 3925 664 3979 enim
682 3927 731 3992 est,
749 3925 777 3978 in
796 3942 850 3993 quo
866 3926 1024 3979 Romanum
1041 3928 1198 3996 praesulem
1216 3932 1334 3981 vicarium
1354 3930 1447 3979 eluisti

178 4008 352 4079 appellatum
368 4008 551 4067 meminimus.
581 4015 709 4064 Wcarium
723 4016 796 4064 Petri
813 4027 876 4064 eum
895 4010 1071 4080 nuncupandi
1089 4027 1148 4064 mos
1166 4012 1214 4065 diu
1232 4011 1359 4064 obtinuit.
1383 4011 1445 4080 lpse

176 4093 298 4148 numu
317 4110 402 4164 supra
419 4101 475 4148 na
499 4093 551 4148 snb
573 4098 723 4165 conspectu
740 4099 808 4149 beart
826 4102 899 4150 Petri·
920 4101 1032 4164 apostoli
1052 4102 1158 4167 ejusque
1174 4103 1275 4159 vtem-rt,
1302 4094 1445 4149 Gelasium

177 4178 231 4232 hoc
252 4194 321 4233 voce
343 4178 482 4245 indicans,
508 4195 593 4248 agere
617 4196 646 4232 se
667 4181 795 4234 testatur.
833 4181 898 4244 eris
920 4181 1013 4233 autem
1032 4180 1107 4249 apud
1124 4181 1238 4235 Latinos
1259 4179 1335 4234 vocis
1355 4185 1446 4234 viem-ti

178 4279 243 4316 usus
259 4261 353 4330 inerit,
371 4262 470 4317 Snidas
486 4252 527 4317 iu
544 4266 637 4318 notat:
661 4260 793 4334 Βικάριος
811 4261 889 4334 παρὰ
902 4262 1060 4333 Ῥωμαίους
1080 4260 1225 4335 διάδοχος,
1248 4270 1358 4317 numus
1375 4270 1446 4332 apud

178 4351 288 4402 Latiam
305 4353 370 4402 iden
389 4359 435 4409 est,
454 4353 523 4418 quod
538 4369 678 4403 successor.
712 4349 750 4403 Et
765 4350 793 4403 id
812 4349 925 4419 quidem
943 4350 1052 4405 fimare
1070 4349 1137 4403 licet
1154 4366 1187 4404 ex
1204 4348 1247 4402 his
1259 4347 1390 4417 Cypriani
1408 4347 1445 4401 ad

176 4430 353 4501 Stephanum
370 4432 450 4502 epist.
465 4439 477 4486 1
498 4450 524 4486 n.
537 4438 565 4486 b:
584 4437 731 4488 Servandus
748 4446 788 4489 est
804 4441 868 4488 enim
886 4446 1074 4490 autecessorum
1085 4446 1227 4488 nostrorum
1239 4438 1366 4488 beatorum
1379 4451 1444 4485 ruar-

176 4528 260 4585 [ψη
278 4521 392 4571 Cornelii
412 4529 438 4571 et
460 4521 535 4571 Lucii
559 4523 641 4574 donar
667 4526 808 4589 plosiosus:
838 4540 941 4590 quorum
963 4526 1104 4573 anemurium
1126 4539 1198 4588 quum
1220 4537 1266 4573 nos
1286 4523 1442 4577 honoremus,

175 4607 253 4656 netto
270 4607 350 4671 napis
367 4612 401 4666 tu,
417 4607 509 4669 [rater-
523 4610 661 4667 camurae,
684 4609 853 4672 honorificare
875 4617 900 4659 et
922 4625 1026 4660 seruare
1042 4609 1169 4673 pravitate
1187 4615 1213 4656 et
1230 4609 1382 4658 auctoritate
1398 4599 1444 4655 'tua

176 4690 264 4751 debes,
283 4693 327 4756 qut
342 4694 453 4741 meamus
470 4700 495 4742 et
512 4708 645 4743 successor
662 4709 746 4743 eorum
762 4695 848 4755 sacries
865 4710 900 4743 es.

244 4774 278 4839 ⁴⁶)
296 4771 373 4825 Editi
391 4775 475 4839 Majr'‚·
497 4791 531 4827 ex
549 4773 701 4843 archetypi,
720 4791 782 4827 cum
801 4792 855 4842 quo
874 4777 902 4828 et
920 4775 1050 4828 chronica
1067 4774 1214 4828 novissimo
1233 4771 1331 4826 Miseni
1348 4770 1444 4826 libello

175 4858 303 4926 praelixa
320 4857 465 4926 consentit,
484 4860 537 4914 lide
556 4858 738 4928 corriguntur.
