3450 5678
734 336 905 403 nrtsrona
928 329 957 387 6.
1413 320 1475 387 637

776 492 856 557 Cur.
880 491 919 555 V.
1489 504 1580 555 anos.

300 598 331 661 8.
366 596 411 660 Et
424 617 466 660 ne
481 616 595 679 parum
617 594 717 676 vobis,
741 615 822 678 quae
843 592 980 657 strictim
995 592 1142 675 diximus,
1166 591 1404 676 seripturarum
1426 593 1477 656 do-

216 700 365 763 cumenta
387 697 567 779 videantur,
591 697 747 780 scriptum
769 695 920 780 legimus:
943 717 1042 760 nonne
1064 715 1177 758 ornnem
1190 702 1296 773 flatum
1319 715 1375 772 eqo
1393 694 1480 770 soei?
1492 669 1578 791 gfff,

215 798 378 876 Quomodo
400 797 454 863 isti
482 801 555 863 novi
579 798 730 863 haeretici
761 820 779 860 a
806 797 994 881 parentibus
1023 795 1136 859 dicunt
1162 795 1284 858 facturn
1312 798 1345 858 et
1371 816 1479 859 nona
1526 778 1532 804 ’

203 900 299 984 lieo,
333 899 417 964 sicut
443 900 512 984 ipse
539 898 700 963 testatur?
744 899 797 973 An
825 897 886 961 sibi
914 897 1025 962 volunt
1051 897 1157 982 potius
1185 894 1271 960 credi
1292 918 1388 980 quarn
1410 895 1479 962 Deo

215 1000 454 1085 omnipotenti?
495 1001 540 1064 Et
560 1001 629 1086 ipse
652 1000 757 1064 Adam
778 1000 946 1084 profitetur
968 999 1077 1063 dicens
1099 998 1260 1062 hominem
1281 996 1350 1062 fieri
1371 1021 1437 1063 non
1460 1022 1479 1063 a

215 1127 248 1170 se
271 1104 327 1168 sed
350 1127 369 1168 a
391 1103 476 1186 Deo,
501 1102 576 1166 dum
598 1102 692 1166 dicit:
710 1109 812 1182 posuit
834 1106 1001 1166 nitidans
1021 1123 1130 1178 semen,
1155 1106 1212 1165 lroe
1233 1113 1277 1164 est
1296 1107 1402 1183 fitium,
1425 1109 1628 1177 notionum.

213 1215 294 1271 mine
315 1210 387 1270 Sett
408 1226 465 1285 pro
487 1210 568 1282 Atel,
593 1226 678 1283 quem
701 1210 811 1269 oceidit
834 1208 941 1287 01111111.
975 1202 1049 1267 Non
1072 1223 1148 1286 ergo
1171 1201 1267 1266 dixit:
1287 1209 1377 1282 posui
1396 1203 1477 1283 nint,

215 1309 286 1372 sed:
303 1314 407 1388 posuit
423 1312 509 1371 Dens.
544 1304 706 1380 Quomodo
727 1306 781 1370 isti
798 1326 815 1368 e
832 1305 991 1368 contrario
1007 1304 1227 1389 aparentibus
1250 1303 1372 1388 dieunt,
1396 1305 1479 1389 quod

215 1409 325 1473 divina
348 1407 514 1492 Scriptura
537 1407 705 1478 confutat?
742 1409 796 1470 An
818 1406 895 1489 illic,
918 1406 1036 1470 fratres
1059 1406 1224 1489 carissimi,
1248 1405 1368 1489 aliquid
1390 1406 1479 1470 dubi-

215 1511 348 1575 tationis
372 1510 490 1592 existit,
520 1509 555 1572 in
577 1531 641 1593 quo
663 1508 788 1593 possint
809 1507 947 1592 aliquem
970 1508 1083 1573 saltem
1106 1498 1243 1572 colorem
1264 1507 1389 1571 adferre
1411 1529 1481 1592 per-

214 1612 309 1677 fidiae
338 1634 429 1695 suae,
459 1633 529 1674 cum
559 1610 637 1674 dicit
658 1610 745 1674 Deus
768 1610 808 1673 ad
830 1609 987 1695 Moyscm:
1024 1617 1089 1690 quis
1108 1614 1187 1687 feeit
1208 1632 1240 1673 as
1261 1615 1403 1688 bominis,
1428 1624 1482 1676 ant

216 1722 282 1794 quis
294 1718 468 1791 fabricatas
490 1726 533 1777 est
553 1726 664 1777 matam
687 1718 864 1788 eisarnam,
889 1718 1035 1776 videntem
1057 1724 1086 1775 et
1100 1719 1243 1777 caecam?
1275 1717 1383 1777 Nonne
1403 1721 1480 1792 aaa?

301 1816 331 1880 9.
377 1815 549 1879 Innumero·
582 1814 708 1898 quidem
741 1816 819 1877 sunt
851 1813 996 1897 exempla
1024 1814 1204 1877 divinarum
1230 1812 1479 1899 Scripturarum,

216 1939 298 2002 quae
319 1917 386 1980 sive
408 1917 442 1980 in
464 1915 630 2001 prophetis
653 1916 718 1979 sive
741 1915 776 1979 in
797 1915 930 1979 diversis
952 1915 1042 1979 libris
1064 1914 1137 1998 Job,
1160 1914 1250 1978 Ruth
1272 1915 1405 2002 aliisque
1427 1940 1480 1981 au-

218 2019 368 2101 ctoribus,
392 2018 446 2102 qui
468 2019 503 2082 in
525 2017 671 2081 Ecclesia
694 2017 880 2081 canonicam
902 2017 1051 2082 obtinent
1074 2017 1306 2100 auctoritatem,
1336 2017 1481 2084 invenire

217 2121 374 2205 poteritis,
399 2119 513 2203 quibus
535 2117 586 2182 his
607 2119 744 2183 fortasse
766 2119 997 2203 praedicationi
1020 2123 1143 2183 vestrae
1158 2118 1392 2185 reluctantibus
1413 2122 1480 2189 uin-

219 2224 327 2287 center
348 2221 479 2306 possitis
501 2220 615 2284 obniti.
653 2221 719 2286 Nos
741 2243 815 2285 vero
837 2221 923 2285 inter
943 2221 1061 2285 multas
1084 2221 1286 2305 diversasque
1301 2223 1481 2307 occupatio-

218 2346 275 2389 nes
296 2323 376 2388 haec
398 2323 529 2387 interim
551 2344 609 2407 per
630 2322 767 2386 indicem
789 2319 930 2387 titulum
947 2323 1145 2408 significasse
1173 2323 1330 2407 sufficiat,
1362 2328 1398 2389 ut
1425 2347 1481 2389 vos

218 2425 305 2490 velut
327 2424 527 2490 conministri
549 2446 659 2487 vocem
681 2428 850 2508 sequentes
878 2447 983 2489 meam
1010 2426 1044 2488 in
1072 2424 1132 2488 hoc
1160 2447 1305 2510 pugnare
1328 2426 1479 2510 debeatis,

217 2549 259 2592 ne
286 2527 362 2611 quid
391 2525 566 2591 catholicae
589 2525 751 2590 Ecclesiae
781 2548 838 2611 per
865 2527 996 2590 miseras
1024 2527 1126 2613 adque
1154 2527 1344 2592 inventicias
1373 2550 1481 2612 super-

218 2630 365 2694 stitiones
388 2627 667 2712 reprehendendae
695 2628 839 2692 maculae
868 2632 924 2692 aut
944 2628 1081 2693 foeditas
1103 2628 1169 2692 ulla
1190 2633 1351 2714 nascatur,
1380 2631 1482 2715 regali
1581 2617 1584 2625 ⁴

218 2734 250 2795 et
271 2728 428 2794 Dauidica
450 2752 526 2793 voce
549 2729 738 2794 clamantes:
761 2738 875 2813 scitote,
899 2737 1131 2810 qnodllominus
1152 2739 1215 2811 ipse
1236 2744 1279 2796 est
1295 2737 1386 2811 Deus,
1411 2754 1481 2810 qno·
1494 2711 1592 2836 Ρξζᾞι·

216 2840 300 2896 niam
322 2839 387 2911 ipse
404 2835 481 2908 feeit
503 2854 557 2896 nos
579 2843 608 2896 et
623 2853 683 2896 non
698 2840 758 2911 ipsi
770 2854 833 2897 nos.
872 2830 1046 2915 Credimus,
1071 2833 1145 2917 quia
1168 2833 1201 2896 in
1224 2833 1285 2897 hac
1307 2833 1482 2897 clarissima
1546 2823 1553 2847 ’
1576 2825 1581 2834 ’

216 2934 296 2998 tuba
318 2934 421 2997 omnis
452 2934 640 3017 improbitas
669 2934 879 3018 conquiescet.
931 2932 1017 2998 Deus
1040 2957 1094 2998 vos
1116 2934 1290 2999 incolumes
1313 2934 1480 3018 custodiat,
1534 2969 1537 2975 ·

215 3034 335 3099 fratres
357 3036 528 3099 carissimi!
569 3036 653 3100 Data
676 3036 706 3099 X
728 3036 800 3100 Kal.
826 3035 1020 3122 Septembris
1119 3037 1198 3123 fiis)
1222 3035 1357 3101 Paulino
1373 3060 1402 3102 v.
1420 3043 1479 3103 css.

1493 1585 1579 1640 Exod.

1498 1660 1568 1722 4,11.

756 3247 949 3255 -—-—.—

731 3381 980 3455 Notitia

228 3528 435 3599 epistolarum
452 3543 511 3583 non
531 3529 735 3598 exstant—ianr,
755 3545 832 3597 sluaa
851 3532 888 3585 ad
907 3546 932 3586 s.
945 3531 1137 3586 Anastasiam
1149 3533 1180 3586 ΙΙ
1198 3514 1305 3602 papam
1325 3533 1470 3590 attinent.

837 3667 862 3731 1,

217 3774 371 3833 annotat
389 3780 458 3831 circ.
475 3780 534 3831 init.
571 3777 723 3832 Laurentii
736 3777 913 3850 Lipnidensis
933 3781 972 3835 ad
986 3782 1169 3837 Anactorium
1189 3783 1224 3836 de
1244 3788 1321 3838 statu
1343 3783 1484 3838 ecelesiae

373 3861 514 3933 Illyricae
530 3865 642 3918 relatio,

304 3962 391 4016 llriura
407 3981 436 4018 se
453 3965 530 4018 ollcrt
546 3963 681 4018 Laurentii
698 3963 866 4037 tigualensis
882 3967 1001 4039 episcopi
1022 3968 1052 4020 ad
1071 3969 1239 4023 Anastasiou}
1251 3986 1345 4043 papatu
1361 3970 1483 4043 epistola.

220 4065 271 4122 qua
292 4046 397 4102 debitae
417 4049 585 4104 salutationis
607 4048 696 4103 cilicio
714 4051 880 4122 per-tuncrus,
898 4068 958 4105 111111
974 4051 1102 4106 1111111111
1118 4053 1230 4125 lllyricis
1247 4056 1388 4110 certiorem
1405 4056 1484 4109 iacia-

219 4133 273 4188 bat.
311 4132 525 4207 Nominatiatque
549 4134 700 4197 incutiebat,
728 4137 846 4206 epistola
867 4138 1029 4192 decessoris
1049 4140 1125 4193 iltius
1145 4141 1180 4194 tte
1202 4142 1370 4196 eaecessitns
1383 4143 1487 4196 Aeacii

221 4237 307 4291 qnam
322 4221 350 4273 in
367 4221 489 4275 ecelesia
509 4221 756 4275 Thessalonicensi
771 4229 828 4276 tam
849 4224 877 4276 in
894 4225 958 4276 otiis
974 4226 1108 4290 recitata,
1131 4234 1251 4280 carietes
1272 4227 1360 4281 eidem
1375 4227 1483 4280 Aeficio

221 4305 376 4360 anathema
391 4305 515 4367 dt‘aisse;
544 4305 622 4359 sinnd
639 4313 665 4359 11
682 4300 865 4365 anastasium,
889 4316 918 4359 ut
934 4311 1076 4378 episcopis
1091 4308 1204 4381 lllyrici
1218 4313 1317 4366 aliisue
1332 4312 1485 4382 qnamdam

216 4391 289 4461 fidei
302 4391 470 4444 medicinam
492 4394 682 4458 ministraret,
707 4390 874 4446 attrnonobat.
919 4392 1022 4465 Scripta
1045 4401 1086 4446 cst
1109 4394 1172 4448 baec
1192 4395 1304 4468 epistola
1326 4396 1432 4456 statim,
1455 4400 1485 4446 ut
1551 4421 1553 4424 ·

221 4474 399 4529 ordinationis
415 4477 545 4531 Anastasii
562 4477 671 4530 nuntias
688 4477 713 4530 ia
728 4476 863 4549 illyricani
879 4478 1015 4549 parvenit,
1038 4486 1065 4531 11
1087 4487 1147 4533 anto
1168 4479 1199 4532 ab
1215 4481 1354 4534 Anastasio
1376 4479 1427 4532 init
1443 4495 1485 4531 ao·

220 4567 306 4633 cepta,
327 4575 405 4632 qnam
427 4560 525 4631 legatio
541 4560 572 4614 ab
589 4561 692 4616 Andron
708 4562 938 4617 'iliossalonicensi
962 4564 1088 4635 episcopo
1113 4563 1244 4619 destinata
1265 4567 1291 4619 in
1316 4563 1485 4636 1111111111·-

222 4646 349 4701 1111111111.

288 4811 310 4874 7)
329 4805 455 4876 Suspicio
473 4809 541 4861 mihi
560 4812 609 4875 est,
627 4809 655 4862 in
669 4828 717 4864 ms.
732 4810 838 4864 litteras
854 4816 873 4878 ll
890 4811 996 4879 positas
1014 4811 1105 4878 fuisso,
1124 4827 1197 4881 quae
1216 4814 1244 4864 ct
1261 4827 1312 4879 pro
1321 4817 1375 4878 fitia
1394 4816 1423 4864 et
1434 4825 1485 4882 pro

221 4895 309 4947 itania
328 4893 502 4948 abbreviatio
521 4902 591 4948 sunt.
