3450 5678
219 326 284 391 484
696 345 721 387 s.
738 339 879 388 annisu
901 338 1015 386 earne

219 494 379 559 desiderat
400 492 573 576 sastodire,
605 492 828 576 Eutychianae
856 493 956 577 pestis
983 492 1034 558 vel
1056 493 1159 558 eidem
1182 494 1491 559 communicantium

219 600 276 661 aut
297 619 422 680 eorum,
445 597 500 681 qui
522 595 635 659 talium
658 594 788 659 student
809 596 941 659 nomina
959 595 1094 660 recitare
1103 597 1140 683 ¹),
1164 618 1231 660 nou
1253 596 1402 681 ambigas
1423 596 1490 661 foe-

218 699 295 764 dera
328 698 534 781 declinanda,
577 697 632 761 sed
660 696 842 781 ubicunque
869 696 1100 782 professionem
1135 698 1489 783 communionemque&

218 802 388 886 repereris,
412 800 525 865 abhis
549 799 708 884 contagiis
731 799 897 884 expeditus
919 799 1043 863 nullum
1066 821 1137 863 cum
1160 800 1294 882 perfidia
1317 821 1490 884 eorumque

219 904 426 987 complicibus
449 902 528 966 velis
551 902 684 967 miscere
706 902 913 966 consortium.

683 1073 965 1177 Fragmentum
991 1074 1023 1155 2.

634 1213 674 1262 De
692 1213 853 1275 defensanda
867 1213 920 1274 ilde
938 1211 1070 1262 calholica.
1509 1231 1533 1283 Ι

369 1327 554 1392 Gelasius
577 1326 813 1412 Agilulpho.

300 1447 418 1512 Precor
440 1451 558 1531 autem,
582 1450 618 1511 ut
639 1446 813 1532 reculam¹)
836 1445 924 1510 beati
939 1445 1028 1510 Petri
1045 1444 1181 1528 apostoli
1204 1444 1290 1509 inter
1304 1445 1487 1511 Dalmatias

217 1549 426 1614 constitutam
448 1549 615 1613 defensare
638 1548 832 1633 dignemini,
862 1551 895 1610 et
916 1570 997 1632 quae
1019 1547 1109 1611 vobis
1130 1547 1181 1611 vel
1203 1547 1306 1611 frater
1327 1548 1416 1632 vel¹)
1439 1569 1487 1613 cc

216 1653 382 1736 episcopus
404 1673 493 1715 meus
509 1650 671 1715 Honorius
694 1672 752 1735 pro
774 1650 843 1733 ejus
858 1648 999 1713 utilitate
1013 1649 1221 1734 suggesserit,
1246 1648 1297 1713 vel
1313 1648 1486 1714 conducto

215 1775 265 1817 res
287 1755 473 1838 putaverint
494 1754 720 1837 intimandum,
744 1773 841 1837 quam
863 1751 933 1815 lieri
955 1754 1071 1836 potest,
1095 1753 1260 1834 praestare
1278 1750 1433 1833 jubeatis.

678 1922 960 2027 Fragmentum
987 1922 1022 2004 3.
1113 1950 1117 1958 ·

251 2065 413 2115 Anactorium
425 2065 555 2114 diaconum
565 2063 709 2113 Lucerinue
727 2064 837 2113 deitatis
848 2063 984 2112 antistitem
1001 2077 1018 2110 α
1033 2076 1062 2110 se
1074 2069 1185 2111 creatum
1199 2077 1254 2111 esse
1266 2067 1350 2112 notan
1360 2062 1452 2125 sueini.
1503 2080 1533 2134 ς

418 2157 443 2199 ct
461 2155 542 2212 curel,
560 2156 587 2197 at
605 2149 751 2197 necessaria
768 2147 1075 2197 miseratamiserata
1093 2148 1281 2212 impendantur.

368 2264 555 2330 Gelasins
577 2263 722 2327 Dulcio
744 2262 958 2327 defensori.

298 2383 508 2469 Experientia
529 2386 586 2447 tua
607 2383 770 2468 praesenti
785 2381 1003 2446 admonitione
1018 2385 1168 2467 suscepta
1183 2381 1258 2446 filiis
1273 2382 1394 2447 nostris
1409 2382 1486 2448 viris

213 2486 395 2571 magnificis
411 2485 593 2550 Aemiliano
615 2485 771 2570 magistro
793 2484 931 2547 militurn
953 2487 986 2548 et
1001 2484 1215 2549 Constantino
1234 2483 1337 2566 judici
1360 2489 1394 2549 et
1409 2486 1485 2551 Am-

213 2588 298 2672 pelio
320 2610 359 2652 en
380 2591 491 2652 nostra
513 2587 735 2652 exhortatione
757 2586 862 2650 dicere
883 2607 949 2649 non
972 2587 1116 2649 omittat:
1145 2606 1229 2668 ecce,
1253 2586 1337 2651 sicut
1360 2587 1487 2672 magni·

214 2690 336 2754 tudinis
358 2693 482 2754 vestrae
504 2688 695 2753 desiderium
717 2687 909 2772 postulavit,
938 2688 1009 2752 siue
1030 2709 1120 2752 mora
1142 2686 1250 2773 aliqua
1271 2690 1305 2752 et
1325 2687 1398 2753 sine
1422 2688 1487 2753 ullo

214 2792 391 2877 dispendio,
414 2793 461 2855 ita
483 2794 520 2854 ut
541 2811 601 2854 nec
624 2790 711 2874 ipsas
733 2790 808 2853 dare
831 2788 1056 2854 ecclesiasticis
1071 2788 1186 2852 officiis
1203 2790 1487 2877 consuetudinem)

214 2894 406 2975 sineremus,
444 2892 656 2957 Anastasium
693 2892 858 2955 diaconem
895 2890 1071 2956 Lucerinae
1107 2891 1230 2955 civitati
1265 2890 1487 2957 ordinavimus

214 2996 420 3059 sacerdotem.
466 2994 643 3078 Propterea
669 3015 757 3058 nune
785 2993 1028 3077 magnificentia
1052 2995 1157 3057 vestra
1179 2991 1321 3075 ejusdem
1343 2994 1485 3079 episcopi

231 3205 245 3253 1
283 3201 302 3269 ¹)
320 3199 352 3252 ln
370 3198 423 3252 hoc
441 3196 553 3267 quidem
571 3196 660 3252 omnis
678 3196 753 3251 uisus
770 3212 867 3250 eorum
879 3198 953 3264 crat,
971 3196 1020 3266 qui
1038 3214 1055 3251 a
1072 3196 1201 3266 partibus
1212 3196 1307 3252 Aeacii
1321 3202 1423 3255 contra
1433 3198 1487 3255 Ro·

214 3301 311 3339 manos
327 3284 472 3354 pontifices
489 3283 603 3337 stabant
619 3283 664 3350 (ct.
683 3282 773 3336 Gelas.
793 3282 872 3352 epist.
891 3287 906 3335 'l
924 3300 950 3335 n.
964 3285 1000 3350 3).

280 3371 302 3437 ²)
321 3367 433 3422 Scilicet
453 3373 538 3421 taliam
556 3372 677 3421 bominum
694 3368 738 3421 vel
754 3372 900 3435 foederum,
924 3368 975 3421 arrt
991 3367 1080 3421 simile
1099 3367 1166 3436 quid
1183 3368 1305 3423 schisma
1321 3367 1400 3424 istud
1418 3372 1486 3427 Δα-

215 3452 324 3507 sianum
342 3454 451 3507 notans.

232 3543 248 3590 2
285 3540 304 3605 ¹)
322 3537 367 3591 lto
383 3537 418 3590 U¹
431 3541 476 3591 c¹⁰.
512 3536 606 3606 Miguc
624 3544 744 3606 regulam,

281 3623 302 3688 ²)
325 3624 373 3675 Vel
389 3622 532 3677 abundare
550 3622 671 3689 videtur,
689 3624 740 3677 aut
755 3637 807 3692 pro
825 3632 851 3676 ei
868 3625 957 3677 sonat.
988 3627 1121 3678 Honorius
1139 3626 1232 3679 arimin
1250 3624 1297 3679 ille
1314 3629 1361 3681 est
1380 3625 1486 3683 Saloni·

214 3708 296 3759 tanus
313 3705 471 3776 episcopus,
490 3705 537 3774 qni
555 3707 583 3759 in
601 3706 692 3762 Gelas.
711 3724 754 3778 ep.
767 3713 784 3761 4
796 3709 826 3761 et
844 3713 859 3761 5
876 3707 941 3761 fidei
959 3712 1154 3779 propugnator
1170 3710 1199 3764 in
1216 3709 1378 3767 Dalmatiae
1396 3713 1485 3782 regio

214 3790 296 3843 nibus
314 3794 440 3861 apparet.

230 3882 247 3929 3
283 3878 302 3944 ¹)
320 3875 353 3929 ll.
367 3893 391 3930 c.
411 3893 482 3946 quac
500 3878 536 3932 ab
555 3877 685 3948 episcopo
703 3877 832 3933 ordinato
851 3878 1039 3948 praesulibus,
1057 3880 1104 3947 qui
1117 3879 1286 3934 ordinationi
1303 3879 1391 3950 ipsius
1402 3882 1486 3938 inter

213 3959 337 4028 fuerunt,
355 3963 440 4030 atque
458 3962 564 4016 clericis
581 3961 643 4017 dari
654 3965 854 4018 consueverant
871 3978 922 4033 pro
940 3968 1135 4027 indrcmticis,
1154 3968 1186 4019 ut
1202 3967 1304 4035 postea
1320 3965 1433 4022 locutus
1444 3970 1487 4023 eat

213 4044 382 4100 Justinianus
400 4047 469 4101 Nor.
484 4053 533 4102 123
551 4066 574 4104 c.
587 4055 611 4102 3.
647 4048 690 4102 Ibi
712 4046 765 4103 iste
786 4047 939 4118 imperator
955 4048 1025 4104 haec
1043 4052 1197 4121 praefatus:
1221 4055 1276 4105 Pro
1293 4058 1486 4109 romemthi-

213 4134 258 4184 bus
280 4143 362 4186 cirtem
384 4137 429 4186 illc
449 4139 506 4185 sola
527 4138 704 4201 perminima.
727 4153 791 4204 qaae
813 4137 996 4204 susbsequenier
1018 4141 1116 4190 inserta
1136 4145 1208 4198 miri,
1232 4135 1334 4190 exinde
1357 4137 1427 4205 quid
1448 4139 1485 4193 ab

213 4231 380 4285 unoquoque
399 4216 529 4286 episcopo
546 4218 583 4271 sit
599 4217 811 4288 praestaudmn,
829 4236 880 4288 pro
899 4217 1032 4273 ccclesiae
1050 4219 1137 4290 ipsius
1150 4219 1289 4289 dignitate
1302 4236 1337 4275 ac
1349 4221 1486 4277 reditibus

214 4299 381 4354 moderatur.
418 4301 449 4354 ln
471 4303 552 4370 hnjus
574 4304 669 4357 tamen
691 4302 791 4374 capitis
813 4304 866 4357 finc
888 4304 1001 4374 inopum
1024 4305 1203 4359 ecclesiarum
1226 4303 1321 4373 gratia
1339 4304 1484 4377 adjungit:

215 4389 367 4455 Episcopum
385 4392 448 4439 enim
467 4393 589 4442 ecciesiae
606 4395 686 4443 minas
704 4394 768 4443 (laos
785 4395 844 4443 meri
861 4394 940 4443 librar
957 4395 1055 4445 reditus
1072 4394 1202 4445 tabentem
1219 4409 1300 4460 neque
1318 4410 1371 4460 pro
1388 4396 1483 4448 inem

212 4475 310 4523 aialim}
328 4490 408 4540 neque
424 4492 474 4540 pro
492 4478 544 4527 alia
562 4477 674 4543 qualite!
690 4479 870 4529 ecmelridinc
882 4478 980 4545 aliquid
990 4480 1055 4529 dore
1071 4481 1245 4544 praedicimus.
1276 4476 1328 4530 cni
1340 4476 1399 4547 legi
1411 4494 1484 4533 nunc

213 4554 339 4608 Gelasius
360 4555 470 4610 ridetur
491 4557 664 4626 praeludere.
705 4560 773 4614 Jure
790 4560 883 4613 autem
902 4575 974 4627 qnae
995 4559 1216 4629 praebebantur,
1238 4559 1416 4617 lastinianus
1433 4561 1483 4617 ibi·

212 4638 286 4704 dem,
304 4640 337 4692 ut
353 4657 371 4694 a
386 4648 468 4709 primo
484 4646 639 4711 presbytero
657 4655 682 4696 et
700 4649 881 4699 archidiacono
897 4652 1071 4714 macipinntar
1089 4657 1165 4716 nepae
1177 4665 1213 4699 ea
1223 4652 1407 4701 mnsaeiuaeiine
1423 4667 1484 4717 per

212 4728 362 4791 epicureus
378 4730 537 4789 dividantur,
560 4727 710 4782 constitnit.
747 4728 919 4797 Notandum,
942 4729 992 4784 has
1010 4730 1220 4784 consuetudines
1241 4729 1270 4783 in
1293 4729 1380 4784 titulo
1402 4748 1482 4802 prae

213 4806 279 4861 dicii
302 4808 401 4879 capitis
419 4817 435 4863 3
452 4810 521 4864 Nor.
543 4817 591 4866 123
613 4816 782 4868 cathedratici
802 4815 913 4869 nomine
931 4815 1041 4882 donari,
1064 4831 1119 4882 quo
1141 4815 1227 4868 verbo
1250 4814 1337 4869 etiam
1355 4815 1482 4872 Gelasiua

211 4892 313 4965 fragm.
331 4900 366 4951 20
383 4893 481 4967 utitur;
499 4896 548 4950 sed
565 4896 605 4949 ibi
623 4895 698 4951 aliud
716 4897 780 4964 quid
799 4897 909 4954 videtur
925 4916 1032 4956 sonare.
