3450 5678
732 337 927 388 rmsroms
951 331 1001 391 60.
1026 331 1077 391 61.
1452 333 1515 399 853

243 498 277 562 id
299 498 347 562 est
368 494 523 578 Nicaena,
548 493 917 578 Constantinopolitano,
942 494 1107 578 Ephesina
1130 505 1162 562 et
1184 498 1447 587 Calchedonensi,
1473 505 1511 570 de
1525 520 1617 571 acta.

244 598 486 665 confirmatione
508 596 582 661 fidei
605 598 637 659 et
659 597 747 659 statu
769 595 933 662 Ecclesiae
957 599 1124 684 assentior,
1152 604 1184 664 et
1206 601 1288 665 nihil
1310 604 1451 669 titubare
1475 608 1513 671 de

243 703 324 767 bene
342 700 495 784 judicatis
517 699 638 783 patior:
676 698 731 761 scd
754 701 786 762 et
808 701 962 763 conantes
986 704 1042 765 aut
1064 701 1169 766 enisos
1178 704 1204 780 ⁷)
1227 726 1326 788 usque
1350 705 1390 769 ad
1412 729 1513 773 unum

242 805 368 889 apicem
390 802 581 886 placitorum
603 801 807 884 perturbare,
831 800 938 885 lapsos
961 824 1029 867 esse
1052 826 1072 867 a
1094 807 1207 869 sancta
1229 805 1289 870 Dei
1312 807 1455 892 generali
1479 814 1513 875 et

241 905 417 991 apostolica
440 902 587 968 Ecclesia
609 903 691 986 scio,
723 907 756 968 et
779 904 843 967 tuis
865 904 970 969 verbis
993 909 1079 971 recte
1102 906 1195 971 dictis
1218 907 1382 974 evidenter
1403 915 1508 998 utens,

239 1030 297 1093 per
318 1006 503 1092 praesentia
525 1005 646 1088 scripta
668 1004 755 1069 dico:

323 1109 354 1173 2.
392 1107 507 1192 Quiass)
529 1108 634 1192 prima
656 1107 742 1170 salus
765 1110 831 1190 est,
860 1111 968 1173 rectae
990 1108 1064 1174 fidei
1093 1112 1240 1197 regulam
1269 1115 1442 1200 custodire,
1476 1120 1509 1182 et

238 1236 258 1276 a
285 1214 414 1297 patrum
446 1210 619 1274 traditione
652 1208 836 1273 nullatenus
867 1209 1009 1295 deviare3
1046 1213 1121 1297 quia
1148 1235 1214 1278 non
1244 1218 1350 1299 potest
1376 1216 1507 1284 Domini

184 1399 187 1405 .
236 1314 340 1380 nostri
366 1312 446 1378 Jesu
468 1311 587 1377 Christi
619 1312 833 1396 praetermitti
863 1313 1040 1398 sententia,
1078 1315 1230 1381 dicentis:
1268 1322 1312 1382 Tu
1333 1340 1365 1382 es
1387 1324 1505 1400 Petras,
1519 1312 1618 1368 Mesth-

236 1429 265 1482 ct
285 1438 378 1498 super
399 1422 480 1480 hanc
501 1425 624 1494 petram
647 1420 815 1492 aedificabo
837 1420 1004 1479 Ecclesiam
1033 1438 1139 1482 mcum.
1193 1418 1282 1483 Haec
1310 1443 1391 1505 quae
1420 1421 1507 1489 dicta
1522 1386 1560 1448 ιδ’
1568 1388 1607 1437 18.

236 1522 313 1584 sunt
334 1540 441 1583 rerum
463 1516 640 1601 probantur
662 1517 843 1582 effectibus:
866 1518 942 1602 quia
964 1518 998 1582 in
1021 1520 1095 1584 sede
1118 1521 1293 1605 apostolica
1310 1522 1504 1589 inviolabilis

234 1642 362 1706 semper
384 1618 542 1684 catholica
564 1619 741 1683 custoditur
763 1619 886 1704 religio.
930 1618 979 1683 Dc
1001 1620 1062 1685 hac
1084 1622 1185 1707 igitur
1214 1624 1276 1688 fide
1304 1645 1369 1688 non
1393 1626 1505 1693 cadere

236 1724 412 1806 cupientes,
436 1722 490 1785 sed
513 1723 641 1805 patrum
663 1723 832 1805 sequentes
854 1722 888 1785 in
911 1722 1057 1786 omnibus
1082 1725 1267 1809 constituta,
1292 1726 1504 1794 anathemati-

234 1846 342 1888 samus
365 1846 474 1888 omnes
496 1821 659 1907 haereses,
695 1822 866 1907 praecipue
893 1845 968 1888 vem
991 1824 1174 1891 Nestorium
1203 1827 1415 1912 haereticum,
1450 1833 1505 1916 qui

234 1926 394 2012 quondam
422 1924 799 2008 Constantinopolitanae
829 1924 915 1990 urbis
942 1925 1006 1991 fuit
1033 1928 1215 2013 episcopus,
1254 1931 1442 1995 damnatum
1470 1933 1504 1998 in

234 2027 369 2094 concilio
384 2026 548 2113 Ephesino
564 2049 583 2090 a
598 2026 692 2091 beato
708 2025 889 2093 Caelestino
905 2051 989 2114 papa
1005 2030 1092 2095 urbis
1104 2030 1224 2096 Romae
1247 2036 1314 2118 cta
1329 2035 1503 2100 venerabili

232 2131 301 2195 viro
317 2129 435 2213 Cyrillo
458 2131 606 2215 episcopo
631 2128 868 2194 Alexandrinae
884 2131 1038 2216 civitatis3
1062 2136 1094 2196 et
1114 2155 1180 2197 una
1203 2156 1274 2198 cum
1295 2134 1350 2200 illo
1371 2136 1502 2202 anathe-

231 2230 640 2317 matizamusEutychetem
655 2232 882 2297 etDioscorum
895 2233 1134 2299 Alexandrinae
1148 2236 1288 2302 civitatis
1303 2238 1499 2325 episcopum,

231 2336 399 2400 damnatos
421 2335 456 2398 in
471 2338 584 2399 sancta
599 2335 719 2419 synodo
730 2334 998 2420 Calchedonensi,
1024 2360 1119 2422 quam
1133 2342 1325 2404 venerantes
1340 2342 1502 2425 sequimur

230 2441 263 2503 et
278 2437 515 2522 amplectimur,
539 2459 620 2523 quae
642 2460 777 2522 sequens
800 2442 945 2503 sanctam
966 2440 1121 2523 synodum
1136 2440 1325 2525 Nicacnam,
1350 2445 1500 2527 apostoli-

230 2562 301 2605 cam
314 2540 409 2604 fidem
425 2540 636 2624 praedicavit,
652 2539 702 2605 his
719 2543 952 2625 conjungentes
963 2541 1167 2606 Timotheum
1182 2544 1386 2628 parricidam,
1404 2547 1498 2611 Aelu-

228 2665 300 2706 rum
316 2643 587 2727 cognominatum,
612 2642 931 2727 anathematizamus,
955 2646 987 2707 et
1007 2642 1103 2727 hujus
1119 2645 1310 2730 discipulum
1333 2651 1365 2711 et
1388 2670 1499 2733 sequa-

228 2766 297 2809 cem
313 2744 347 2808 in
362 2745 509 2808 omnibus
526 2744 656 2808 Petrum
675 2745 931 2809 Alexandrinum
951 2745 1100 2810 similiter
1116 2747 1377 2813 condemnantes.
1411 2751 1498 2815 Ana-

226 2845 472 2911 thematizamus
493 2847 639 2911 similiter
655 2848 811 2911 Acacium
832 2848 992 2933 quondam
1008 2847 1387 2933 Constantinopolitanae
1409 2852 1497 2916 urbis

226 2950 411 3034 episcopum
428 2949 613 3034 complicem
629 2972 737 3014 eorum
754 2953 785 3014 et
807 2971 974 3034 sequacem
990 2951 1124 3033 iactum,
1148 2973 1288 3016 necnon
1305 2956 1338 3016 et
1352 2975 1496 3037 perseve-

226 3051 480 3137 rantes⁹)eorum
502 3052 717 3116 communioni
740 3056 772 3116 et
787 3052 1037 3136 participationi.
1068 3052 1209 3128 Quorum
1224 3054 1310 3117 enim
1326 3056 1396 3140 quis
1413 3078 1496 3121 com·

225 3154 410 3218 munionem
423 3154 655 3237 complectitur,
665 3177 772 3218 eorum
784 3158 816 3218 et
829 3154 965 3218 similem
977 3154 1246 3237 adjudicationem
1257 3156 1291 3220 iu
1305 3159 1495 3222 condemna·
1576 3148 1578 3153 ’

224 3257 313 3321 tione
337 3256 550 3340 consequitur.
587 3256 690 3321 Simili
712 3256 805 3320 modo
827 3258 860 3319 et
874 3255 1006 3320 Petrum
1021 3255 1260 3321 Antiochenam
1282 3259 1495 3325 condemnan-

224 3361 287 3443 tes,
312 3358 622 3422 anathematizamus
646 3380 718 3422 cum
740 3358 929 3442 sequacibus
952 3358 1017 3421 suis
1046 3361 1078 3422 et
1099 3359 1296 3446 omnibus¹⁰)
1320 3363 1494 3446 suprascri-

223 3460 298 3546 ptis.
344 3459 437 3525 Unde
459 3461 631 3544 probamus
654 3462 687 3524 et
709 3460 933 3544 amplectimur
955 3460 1105 3544 epistolas
1135 3483 1245 3526 omnes
1268 3462 1354 3526 beati
1376 3463 1492 3529 Leonis

222 3585 325 3647 papae
353 3562 441 3627 urbis
468 3562 604 3645 Romae,
644 3584 723 3646 quas
753 3561 943 3645 conscripsit
976 3563 1015 3627 de
1040 3565 1130 3627 recta
1156 3563 1228 3628 fide.
1280 3562 1491 3651 Quapropter,

289 3801 372 3870 ⁷)Ita
390 3799 463 3855 (Μ’
479 3800 496 3854 b
515 3815 572 3866 seq.
590 3799 619 3853 1².
656 3799 682 3853 J¹
702 3808 784 3862 aisis,
804 3802 832 3855 a³
850 3806 933 3868 uisos,
953 3799 987 3855 al.
1006 3806 1109 3855 scissos.
1145 3801 1209 3855 Mox
1228 3800 1261 3855 G'
1279 3809 1439 3871 placiturum.

288 3889 309 3956 ⁸)
328 3889 354 3940 c'
372 3885 448 3939 omit.
467 3883 635 3955 particulam
654 3890 721 3954 quia.
762 3884 798 3938 Et
815 3884 967 3940 auferenda
985 3884 1098 3952 quidem
1116 3887 1201 3953 esset,
1224 3884 1275 3939 nisi
1295 3904 1328 3942 cx
1345 3907 1410 3944 mss.
1429 3907 1492 3946 con·

220 3974 316 4040 staret,
334 3972 444 4026 camah
463 3969 616 4039 interprete
636 3970 774 4036 additam,
793 3974 821 4025 et
839 3988 901 4025 cum
920 3971 1062 4040 superiore
1080 3971 1165 4026 verbo
1184 3977 1241 4026 dica
1255 3974 1414 4044 copulatam
1432 3994 1490 4031 esse

219 4057 248 4112 in
273 4058 348 4111 hunc
375 4057 499 4111 modum:
529 4061 599 4116 dico,
623 4042 786 4124 prtiaprimo
807 4061 884 4109 solus.
925 4055 1033 4110 Abhinc
1055 4055 1152 4125 incipit
1174 4055 1295 4123 libellus,
1320 4076 1402 4127 quem
1421 4062 1490 4115 Hor·

218 4141 310 4197 misda
327 4141 557 4196 subscribendum
578 4140 770 4210 praescripsit,
793 4141 829 4194 ab
853 4140 1012 4195 authentico
1034 4143 1144 4194 tantum
1162 4140 1255 4195 verbis
1273 4144 1323 4197 aut
1340 4146 1489 4199 verborum

219 4228 329 4293 ordine,
349 4244 432 4295 quem
449 4226 587 4295 interpres
606 4242 717 4280 servare
735 4241 791 4279 non
808 4225 907 4292 valuit,
926 4224 1096 4296 discrepans.

286 4315 306 4380 Β)
326 4312 359 4365 0¹
373 4314 397 4366 c¹
412 4314 438 4365 ο2
455 4321 672 4381 perseverantem,
692 4311 766 4379 quod
784 4311 821 4365 ad
840 4329 923 4364 unum
941 4310 1072 4365 Acacium
1091 4309 1230 4366 attineret.
1261 4314 1299 4367 At
1317 4330 1350 4367 es
1363 4314 1487 4384 epistolis

218 4405 232 4452 t
251 4399 281 4453 et
297 4403 342 4464 26,
364 4396 394 4450 in
418 4396 517 4464 quibus
539 4395 562 4449 is
583 4396 659 4449 locus
677 4396 717 4450 ita
735 4395 895 4450 enuntiatur
912 4404 951 4450 oet
967 4402 1010 4466 qui
1026 4402 1051 4449 ia
1070 4416 1155 4450 eorum
1173 4405 1347 4454 comitutnioais
1364 4406 1488 4455 societate

215 4489 415 4552 permanserint,
433 4481 535 4550 liquet,
554 4481 768 4550 praeferendum
786 4498 845 4536 esse
862 4492 1066 4551 perseverantes,
1085 4498 1174 4551 eoquc
1187 4484 1273 4538 verbo
1291 4483 1427 4553 imprimis
1439 4503 1487 4540 no·

216 4569 313 4622 tantur
330 4566 424 4622 Aeacii
442 4582 626 4633 successoros,
645 4567 693 4636 qui
710 4567 745 4620 ab
766 4567 824 4637 ejus
843 4566 1035 4622 communione
1053 4566 1183 4621 secedere
1202 4568 1400 4623 detrectarunt.

285 4655 316 4719 ¹⁰)
335 4655 362 4706 a¹
375 4652 393 4705 b
407 4656 433 4707 c⁷
446 4655 483 4706 0¹⁰
501 4659 532 4706 de
557 4659 583 4705 ia
605 4657 715 4706 erunibus
738 4659 802 4715 sicis,
825 4652 852 4706 J¹
865 4652 886 4706 i²
909 4656 1019 4707 omnibus
1041 4658 1095 4707 suis
1117 4665 1143 4707 ct
1161 4657 1270 4708 omnihus
1291 4662 1485 4724 suprascriptis.

215 4736 398 4792 [destituimus
424 4754 485 4791 cum
513 4755 577 4790 mss.
602 4741 630 4791 a³
653 4750 677 4791 et
704 4740 815 4791 orantius
841 4744 1034 4807 suprascriptis.
1086 4737 1261 4807 Quamquam
1288 4739 1432 4793 mallemus
1461 4752 1487 4794 ct

214 4828 320 4876 omnium
342 4829 575 4891 suprascriptorum
602 4821 750 4878 subaudio
768 4827 930 4893 sequacibus,
961 4825 992 4876 ult
1015 4821 1138 4893 epistolis
1158 4831 1171 4878 7
1191 4824 1220 4877 ct
1237 4829 1269 4877 ‘26
1293 4841 1307 4879 e
1327 4824 1485 4894 castigatio-

214 4907 293 4965 ribus
311 4925 374 4962 mss.
395 4907 437 4962 est
455 4907 640 4963 emendatum.
