3450 5678
154 527 179 567 a.
191 516 248 566 484.

264 329 326 393 248
715 341 741 387 s.
760 339 895 387 runicis
919 340 944 385 11
967 336 1081 385 aaran

346 496 377 559 2.
396 565 403 583 ,
422 495 546 559 Deinde
568 494 730 579 legatione
753 493 944 577 submota2),
972 514 1053 576 quae
1075 492 1160 576 apud
1182 514 1248 576 vos,
1272 495 1309 555 nt
1330 493 1454 557 dietum
1476 496 1539 577 est,

263 620 323 664 nee
345 596 431 662 beati
453 597 542 661 Petri
571 594 706 681 apostoli
729 594 884 658 inviolata
909 616 978 659 esse
996 595 1066 678 jam
1093 595 1208 679 potuit,
1236 583 1458 679 tranquillitas
1481 599 1540 660 tna

263 702 442 767 litterarum
465 699 580 764 saltem
601 702 713 762 tenore
736 700 920 782 cognoscat,
950 697 1057 761 sedem
1079 697 1166 761 beati
1190 696 1325 780 apostoli
1349 696 1440 767 Petri
1463 697 1539 762 Ale

263 803 421 868 nandrino
442 802 549 885 Petra,
578 801 652 864 olim
677 800 826 883 justeque
849 799 1001 862 damnato
1030 822 1068 863 ac
1090 797 1299 862 nihilominus
1328 820 1386 882 per
1408 803 1539 864 senten·

264 905 343 968 tiam
366 904 551 988 synodalem
559 905 584 989 3)
608 924 709 985 nuper
731 902 818 984 eliso,
844 901 1076 965 communionis
1098 923 1263 984 nunquam
1285 901 1336 965 vel
1351 900 1540 984 praebuisse

263 1008 314 1072 vel
336 1007 554 1091 praebituram
576 1027 643 1067 esse
667 998 873 1067 eonsensum:
901 1004 986 1088 quia,
1016 1005 1052 1067 ut
1075 1007 1181 1066 cetera
1202 1025 1289 1067 nune
1311 1003 1474 1087 omittam,
1498 1003 1540 1067 ab

263 1110 434 1174 haereticis
456 1108 623 1172 institutus
646 1108 758 1169 eontra
779 1103 830 1168 fas
852 1127 946 1169 omne
969 1104 1144 1169 catholicae
1159 1104 1340 1189 praesidere
1355 1125 1422 1169 non
1436 1104 1541 1190 possit

265 1213 428 1277 ecelesiae.
477 1210 571 1275 Unde
601 1209 751 1293 qnoniam
779 1207 1036 1271 adhortationem
1062 1228 1167 1271 meam
1193 1207 1329 1271 duxistis
1356 1229 1539 1293 onerosam,

264 1316 299 1378 iu
322 1317 427 1378 vestro
450 1312 594 1396 relinquo
616 1310 855 1375 deliberationis
879 1309 1021 1391 arbitrio,
1050 1313 1157 1373 utrum
1178 1309 1264 1374 beati
1289 1310 1425 1394 apostoli
1449 1310 1540 1376 Petri

266 1439 308 1480 an
332 1415 544 1479 Alexandrini
567 1413 654 1477 Petri
678 1413 825 1496 cuiquam
848 1412 891 1475 sit
913 1411 1061 1495 eligenda
1084 1411 1275 1476 communio.

350 1520 380 1580 3.
431 1516 540 1590 Qualis
574 1518 680 1578 autem
708 1514 944 1578 Alexandrinus
978 1514 1153 1598 exstiterit,
1188 1514 1237 1578 vel
1271 1514 1541 1599 quemadmodum

265 1618 339 1681 falsi
362 1618 501 1680 nominis
524 1616 734 1680 sacerdotium
756 1638 814 1699 per
835 1618 967 1702 unumi)
992 1616 1044 1679 rix
1067 1638 1143 1680 suae
1166 1616 1353 1700 complicem
1368 1616 1542 1700 pravitatis

265 1721 453 1784 temerarius
481 1718 653 1802 usurparit,
684 1723 779 1802 ratque
806 1719 840 1781 in
868 1719 1092 1782 damnatorum
1120 1718 1219 1782 suerit
1246 1717 1345 1781 etiam
1372 1718 1460 1802 apud
1485 1740 1542 1784 ros

267 1823 384 1886 dudmn
406 1826 490 1886 sorte
512 1824 708 1902 numeratus,
738 1820 957 1904 suffragatoris
980 1820 1048 1903 ejus
1071 1819 1181 1884 Aeacii
1203 1819 1321 1884 litteris
1343 1820 1384 1885 ad
1407 1825 1542 1887 saneta

266 1925 437 1989 memoriae
469 1925 666 1988 decessorem
688 1945 793 1986 meum
817 1922 910 2005 datie,
939 1944 1072 2006 quarum
1101 1921 1296 2006 exemplaria
1321 1922 1453 1987 subdita
1475 1946 1543 1989 cer·

267 2028 360 2110 uitia,
391 2028 576 2110 approbate.
622 2025 738 2089 Utrum
766 2025 816 2087 vel
844 2025 1011 2108 episcopus
1047 2024 1110 2088 dici
1147 2023 1263 2107 valeat,
1301 2025 1385 2109 quod
1421 2046 1543 2091 nomen

268 2130 392 2193 etiamsi
416 2153 434 2192 a
456 2128 598 2212 plnrilms
622 2125 779 2210 episeopis
802 2126 987 2209 accepisset,
1011 2125 1129 2190 habere
1144 2148 1209 2190 non
1225 2130 1343 2210 posset,
1367 2125 1418 2191 vel
1434 2130 1543 2193 ottho

268 2232 356 2295 doxis
379 2231 525 2314 plebibus
549 2233 660 2293 eontra
674 2228 851 2291 Nicaenam
873 2228 1039 2311 synodum,
1065 2231 1177 2291 contra
1199 2228 1439 2292 observantiam
1461 2229 1544 2294 sin·

267 2335 480 2418 gularem⁵)
503 2334 662 2395 mereatur
684 2330 816 2413 imponi,
840 2332 989 2413 prompta
1012 2329 1046 2392 iu
1068 2328 1173 2393 Deum
1195 2330 1316 2414 pietate
1337 2331 1542 2416 perpendite.

334 2522 355 2587 ”r
373 2519 400 2571 h.
415 2535 437 2571 o.
451 2518 579 2572 submoto
598 2534 724 2572 sermone
738 2517 772 2570 de
785 2516 939 2585 iunctione,
957 2533 1028 2584 quac
1047 2515 1157 2570 etiarnsi
1174 2515 1251 2570 beati
1262 2515 1339 2570 Petri
1358 2518 1486 2588 apostoli
1497 2519 1544 2585 sit,

267 2606 365 2674 utpote
384 2604 420 2658 ab
439 2603 498 2670 eius
515 2602 618 2656 vicario
636 2603 775 2672 profecta,
795 2618 844 2655 nec
862 2601 907 2655 rcl
924 2603 1004 2655 tanto
1023 2600 1148 2667 nomine,
1167 2604 1197 2654 ut
1206 2600 1344 2661 inviolata
1355 2603 1545 2674 exciperetur,

268 2689 376 2743 nrernit.

335 2776 356 2839 ³)
375 2772 509 2841 Euagrius
528 2773 555 2826 h.
570 2790 592 2826 c.
608 2773 657 2838 ΙΙΙ,
671 2780 700 2825 nl
721 2775 853 2840 testatur,
874 2772 1030 2826 nniversam
1043 2771 1179 2840 synodum
1192 2770 1348 2826 Romanam
1360 2771 1389 2826 in
1402 2774 1546 2830 sententia

267 2859 398 2912 adversus
416 2857 552 2911 Misenum
575 2859 603 2912 ct
620 2857 741 2912 Vitalem
765 2864 800 2911 ad
822 2862 920 2911 perdura
943 2856 1150 2926 pronuntiasset
1179 2861 1281 2909 Petram
1303 2860 1477 2919 hunericum.
1501 2863 1547 2929 ρει·

267 2950 323 2997 alirn
345 2964 437 2997 sacrae
458 2949 528 2997 sedis
550 2949 653 2997 decreto
676 2949 807 2997 damnatas
826 2948 1052 2996 excommunicatus
1071 2953 1095 2995 et
1113 2946 1339 2995 anathematizante
1356 2952 1409 3004 en,
1434 2948 1546 2999 ecclesia

268 3035 381 3083 Romana
400 3050 449 3084 noa
461 3035 564 3098 recipit.
595 3033 753 3083 cortedune
770 3033 832 3082 nihil
848 3033 919 3081 aliud
934 3032 1103 3094 objiceretur,
1122 3034 1162 3081 eel
1172 3032 1219 3081 hoe
1231 3031 1458 3095 unmruffieeret,
1476 3033 1547 3099 qnod

267 3119 299 3168 ab
317 3121 453 3169 haereticis
471 3121 605 3168 ordinatus
623 3119 775 3169 orthodoaeis
796 3133 919 3182 praeesse
938 3133 987 3166 non
1009 3119 1100 3181 potuit.
1137 3111 1226 3177 Quam
1244 3112 1389 3167 Romanae
1408 3111 1545 3171 eecloelw

268 3200 443 3270 disciplinam
461 3217 525 3254 mox
543 3200 629 3253 etiaim
647 3200 758 3254 aliunde
776 3199 940 3261 illustratnri
959 3216 1060 3251 sumas.

335 3288 357 3347 ⁴)
376 3285 491 3339 Etiamsi
513 3286 566 3338 hoc
588 3284 687 3338 Felicis
709 3284 898 3338 testimonium
921 3282 1016 3337 Aeacii
1038 3282 1148 3352 scriptis
1170 3281 1303 3353 (Simplie.
1329 3281 1413 3352 epist.
1429 3288 1447 3339 8
1463 3302 1491 3339 n.
1509 3290 1545 3355 2),

269 3371 369 3437 quilius
392 3373 420 3422 et
443 3370 627 3439 Theophanes
646 3370 662 3421 Ι.
683 3386 705 3422 e.
724 3387 789 3438 pag.
811 3376 858 3423 191
882 3368 1014 3433 concinit,
1037 3367 1074 3420 sit
1097 3367 1196 3421 tultum
1218 3367 1297 3422 etin
1320 3369 1393 3436 gest.
1414 3369 1451 3424 de
1468 3385 1542 3425 noan

270 3459 349 3508 heac.
372 3473 397 3507 n.
414 3462 427 3507 7
447 3455 602 3525 repetatur,
626 3456 720 3507 tamen
739 3454 874 3520 Euagrius
892 3454 918 3506 h.
933 3471 956 3506 e.
972 3454 1022 3515 ΙΙΙ,
1041 3459 1073 3506 20
1092 3470 1125 3506 ex
1144 3451 1245 3506 litteris
1262 3451 1471 3522 Aegyptiorum
1488 3453 1544 3525 epi·

269 3555 413 3607 scoparum
438 3540 466 3591 et
489 3540 650 3593 clericormn
673 3538 710 3591 ad
727 3537 847 3592 Felicem
871 3537 980 3607 scriptis
998 3539 1113 3591 Petrum
1131 3558 1147 3591 a
1165 3542 1410 3607 archieepiscopis
1433 3545 1544 3595 eandm
1555 3564 1586 3597 .-

268 3629 395 3677 lraeresr'm
415 3630 593 3691 profitentibus
612 3623 803 3676 consecratam
821 3622 904 3676 fuisse
923 3626 1017 3677 refert.
1054 3622 1109 3677 Sed
1127 3622 1194 3676 nihil
1217 3622 1282 3676 inde
1300 3624 1428 3678 mutatur
1445 3623 1586 3681 Folia-2

269 3708 419 3774 sententia,
438 3726 505 3783 ,qna
526 3726 588 3762 emn
612 3726 628 3762 a
652 3706 818 3760 sacerdotali
848 3708 953 3762 honore
981 3708 1132 3762 irruendum
1154 3723 1213 3761 esse
1237 3710 1339 3761 censet.
1387 3708 1586 3766 Nicaeum:

270 3793 373 3863 quippe.
392 3793 546 3846 concilimn.
557 3811 615 3847 can.
629 3799 653 3846 4·
664 3792 763 3845 saltem
782 3792 865 3845 trium
884 3793 1077 3861 episcoporum
1095 3791 1283 3861 praesentiam
1300 3791 1330 3845 in
1343 3792 1471 3865 episcopi
1483 3812 1586 3852 oon—⁴

270 3878 424 3932 sacratione
442 3878 566 3944 requirit.
604 3877 653 3932 Cui
673 3877 819 3931 concinens
836 3877 1010 3932 antiochena
1027 3877 1148 3946 spaiodus
1166 3894 1226 3931 can.
1242 3884 1272 3930 19
1291 3898 1376 3932 omnes
1394 3886 1586 3955 ρωρίιώι.

269 3970 404 4030 episcopos
422 3975 465 4015 aar
481 3970 570 4017 saltem
588 3971 723 4032 plerosque
741 3962 831 4015 cidem
850 3969 940 4016 talesne
959 3964 1029 4016 vult:
1048 3962 1172 4030 alioquin
1190 3967 1347 4016 ordinationi
1358 3970 1429 4019 nulla
1441 3971 1586 4021 visin=

270 4057 316 4104 rit,
339 4048 386 4100 ait.
423 4047 534 4101 Siricius
556 4065 631 4116 papa
653 4050 746 4101 autem
769 4047 848 4116 epist.
868 4055 883 4101 o
902 4066 927 4099 n.
947 4054 962 4100 2
982 4049 1009 4100 et
1033 4047 1112 4117 epist.
1140 4055 1171 4102 10
1189 4065 1215 4101 n.
1235 4052 1267 4101 18
1289 4065 1406 4116 prorsus
1427 4049 1586 4107 Nicaea:

176 4166 182 4173 -
270 4130 378 4184 concilii
396 4131 515 4200 vestigia
533 4133 647 4202 premit,
666 4153 695 4185 ae
712 4138 831 4198 furtivum
849 4137 992 4198 beneficiam
1008 4141 1159 4200 praestitura
1178 4139 1302 4187 videatur.
1338 4130 1477 4190 Similiter
1493 4134 1586 4190 R-

270 4216 364 4286 gicnse
378 4216 524 4270 concilium
543 4220 578 4281 (a.
592 4224 652 4285 439)
671 4217 699 4270 in
718 4219 834 4286 praelat.
855 4224 883 4270 et
895 4234 955 4270 can.
972 4224 984 4269 1
1004 4221 1098 4287 absque
1117 4224 1191 4271 trium
1202 4223 1381 4287 episcopam
1392 4230 1586 4287 maerent-:1

325 4307 424 4356 irritam
446 4309 615 4358 ordinationis
632 4310 741 4371 speciem
759 4325 775 4355 a
793 4307 889 4357 ‹laotas
907 4314 1000 4356 temere
1018 4307 1221 4357 corroenieah'hus
1242 4314 1436 4372 praesumptum
1454 4302 1586 4359 (lech

270 4391 322 4442 rat.
360 4387 455 4452 alliud.
476 4388 499 4453 Ι,
521 4392 604 4454 liin.

338 4476 358 4535 ⁵)
376 4472 537 4540 Legendnm
555 4476 684 4542 pritanum
703 4479 887 4527 observantiam
904 4481 1053 4543 reputarem.
1084 4473 1154 4527 Hinc
1173 4472 1300 4527 oboritur
1312 4473 1454 4543 quaestio,
1473 4488 1586 4545 qus

270 4559 305 4613 sit
324 4559 368 4611 illa
389 4563 514 4627 repararis
526 4564 703 4623 olrscrvann'a,
722 4559 782 4626 qais
800 4558 937 4612 Nic-acuns
956 4576 1056 4625 canon,
1076 4559 1177 4628 quibus
1189 4559 1288 4612 Petrus
1301 4558 1449 4614 catholicis
1467 4577 1586 4631 prm·

270 4644 360 4697 sidere
379 4660 433 4696 non
451 4644 638 4712 permittatur.
678 4645 851 4698 hmoccntias
871 4645 879 4696 Ι
900 4645 979 4713 epist.
996 4650 1024 4697 17
1044 4651 1097 4698 nt
1116 4644 1161 4705 iis,
1181 4643 1227 4711 qui
1246 4645 1282 4698 ab
1300 4644 1454 4699 haereticis
1472 4634 1586 4701 ord-

271 4730 329 4783 nati
348 4733 422 4795 srmt,
441 4728 622 4783 ordinationis
640 4729 772 4782 honorem
792 4730 956 4784 serrandum
977 4746 1092 4797 negans.
1111 4747 1136 4782 n.
1152 4737 1182 4783 10
1199 4729 1355 4783 Nicaennm
1373 4729 1428 4785 sibi
1447 4724 1586 4800 objic:

271 4830 403 4868 canonem
423 4820 451 4877 S,
475 4832 529 4883 quo
547 4812 710 4867 Noiatianis
728 4815 755 4867 in
775 4815 847 4868 clero
870 4833 1033 4885 permanere
1053 4814 1231 4883 permittitur.
1269 4813 1325 4868 Sed
1343 4814 1490 4871 observat:
1529 4810 1586 4865 l

271 4905 331 4951 aaa
353 4904 399 4953 doc
418 4904 567 4955 Narrationis
591 4920 646 4955 esse
662 4913 844 4969 praeceptam,
868 4922 914 4955 nec
937 4907 972 4955 ad
993 4906 1099 4955 aliarum
1117 4905 1249 4955 haeresum
1271 4906 1381 4955 clericos
1402 4907 1586 4971 paruere
