3412 5664
660 125 854 175 muscosas
876 116 1023 173 67—70.
1411 106 1473 173 865

451 278 598 343 misdae
635 278 973 364 archiepiscop0¹)
1007 277 1234 349 universali
1266 276 1602 354 Ecclesiaemara}

451 379 708 468 Pompejusl).

293 498 420 573 Saurctis
448 499 656 564 beatitudinis
685 503 807 564 vestrae
840 499 987 584 precibus
1020 499 1248 584 omnipotentis
1277 500 1338 564 Dei
1371 501 1473 584 pictas

208 604 339 665 exorata
360 604 472 665 tantae
493 601 587 665 nobis
609 602 683 666 fidei
704 603 883 686 principem
905 603 1085 666 condonare
1108 601 1243 687 dignata
1261 606 1320 685 est,
1344 605 1381 665 ut
1403 602 1475 665 rcli-

207 703 399 787 giosissimis
421 704 609 768 clementiae
632 703 701 787 ejus
723 704 846 767 meritis
867 703 1101 788 redintegratio
1122 704 1211 787 pacis
1227 703 1473 787 ecclesiasticae,

208 827 290 890 qnae
312 805 393 870 votis
416 806 558 870 omnium
580 806 722 870 fidelium
743 806 949 890 poscebatur,
977 805 1049 888 jure
1077 805 1224 869 videatur
1251 827 1320 869 esse
1343 805 1475 889 collata3

208 907 242 970 in
259 906 350 990 cujus
373 908 458 992 regis
481 911 639 992 proventu
661 907 852 971 solidissima
866 907 1066 991 principatus
1082 907 1130 971 sui
1146 906 1357 971 fundamenta
1372 907 1476 971 sancti

209 1006 349 1092 Spiritus
371 1010 557 1092 operatione
580 1010 763 1092 constituit,
797 1031 878 1093 quac
906 1012 1034 1073 tantum
1061 1009 1157 1073 robur
1186 1008 1334 1073 obtinent
1355 1008 1477 1073 stabili·
1514 1081 1517 1087 ¹

210 1111 288 1174 tatis
316 1111 473 1193 invictae,
513 1115 670 1195 quantum
698 1112 833 1175 actionis
868 1110 1058 1175 excellentia
1087 1111 1184 1175 unica
1219 1113 1252 1174 et
1280 1110 1477 1174 admirabilis

211 1212 409 1276 aestimatur.
464 1212 510 1277 Et
540 1212 612 1277 ideo
638 1213 845 1277 reverendam
876 1213 975 1277 vestri
1008 1212 1213 1297 pontificatus
1246 1212 1478 1277 beatitudinem

212 1313 301 1378 cultu
322 1314 552 1398 reciprocantis
574 1315 704 1399 alloquii
720 1315 898 1378 salutantes
913 1336 1117 1399 quaesumus,
1143 1317 1179 1378 ut
1192 1314 1297 1399 magis
1312 1315 1478 1399 magisque

212 1519 280 1581 tate
308 1539 398 1581 orare
426 1518 620 1602 dignemini,
656 1522 812 1603 quatenus
840 1518 1011 1582 ineffabilis
1041 1519 1270 1603 omnipotentis
1293 1517 1353 1581 Dei
1375 1518 1479 1602 pietas

212 1640 271 1682 sua
293 1617 392 1701 dona,
427 1618 599 1703 inquibus
622 1620 865 1684 ctiamsrnetus
893 1624 1017 1684 vestrae
1046 1620 1285 1705 agricolationis
1314 1619 1478 1700 exuberat,

211 1719 307 1801 justis
329 1721 456 1803 gratiae
478 1721 689 1804 opitulatione
712 1721 883 1786 custodiat:
907 1722 999 1786 nobis
1021 1743 1144 1806 quocpre
1166 1721 1241 1785 filiis
1256 1721 1371 1785 vestris
1388 1721 1480 1805 spiri·

212 1820 293 1884 tuali
317 1822 405 1885 vobis
429 1822 659 1906 conglutinatis
684 1824 814 1905 allecta,
847 1845 925 1908 qnos
947 1822 1042 1905 hujus
1065 1823 1169 1907 operis
1196 1823 1333 1887 maximo
1356 1844 1481 1905 semper

213 1922 393 1987 sollicitudo
425 1924 631 2007 constrinxit,
670 1925 874 2009 suli'ragatrix
903 1925 1088 1989 intercessio
1116 1925 1347 1989 sanctimoniae
1375 1923 1480 2008 ponti-

213 2024 315 2089 ficalis
338 2025 477 2090 assistat.

726 2213 906 2317 Epistola
932 2214 979 2297 70

824 2366 872 2403 scu

387 2460 590 2529 Exemplum
611 2460 775 2529 epistolae
796 2459 998 2516 Anastasius
1019 2461 1064 2516 ad
1086 2460 1313 2516 Hermisdam.
1480 2446 1624 2587 gppsspifl)

252 2591 435 2656 Imperatorem
452 2594 613 2642 concordiam
630 2594 703 2657 percis
721 2593 834 2642 eeclesiis
851 2595 1007 2647 restituisse:
1024 2599 1051 2640 nt
1067 2607 1117 2657 pro
1135 2594 1201 2641 illias
1218 2596 1307 2645 salute.
1325 2608 1374 2656 pro
1391 2607 1448 2641 eoa-

354 2677 431 2742 jupc,
449 2694 500 2742 pro
517 2677 616 2737 sabrate,
632 2694 683 2741 pro
700 2693 728 2726 se
745 2679 804 2741 ipsa
818 2694 912 2741 preces
930 2677 1070 2727 llormisda
1087 2679 1123 2727 ad
1139 2677 1219 2726 Ilerda
1234 2678 1338 2740 feramen.

370 2809 533 2873 Domino
563 2813 701 2874 sancto
733 2812 772 2874 et
803 2810 1033 2875 beatissimo
1065 2810 1173 2893 patri
1202 2812 1356 2892 patrum
1387 2807 1484 2873 Hor-

461 2912 608 2976 misdae
657 2911 957 2996 archiepiscopo
1007 2910 1229 2975 universali
1275 2910 1484 2975 Ecclesiae

463 3014 750 3099 Anastasia¹).·

302 3131 412 3197 llivini
434 3132 607 3217 muneris'2)
630 3132 772 3196 illuxisse
794 3132 886 3196 nobis
908 3133 1047 3217 gratiam
1062 3132 1176 3197 merito
1191 3133 1387 3217 profitemur,
1411 3154 1485 3216 apo-

216 3233 354 3299 stolatus
372 3235 467 3298 vestri
490 3235 701 3299 reverentiam
724 3236 758 3298 in
781 3238 893 3298 sancto
916 3234 1009 3298 eorde
1030 3236 1133 3298 nostri
1156 3238 1266 3298 tencre
1288 3234 1484 3317 memoriam,

216 3336 364 3421 paginali
387 3337 561 3400 assertione
585 3340 764 3401 noscentes.
798 3336 914 3401 Veraci
930 3358 1067 3421 namque
1083 3358 1139 3421 spo
1156 3336 1354 3419 confidimus,
1379 3358 1485 3420 supcr-

177 3466 185 3477 ·
217 3460 281 3502 nae
313 3438 548 3502 misericordiae
580 3439 842 3522 propitiationem
875 3438 913 3502 de
946 3438 1122 3521 pontificali
1155 3438 1383 3501 intercessione
1414 3438 1486 3501 sub-

216 3541 348 3621 sistere,
382 3539 509 3602 demine
537 3540 719 3604 beatissime
747 3544 780 3605 et
808 3540 983 3624 apostolico
1011 3540 1132 3603 honore
1154 3539 1355 3624 suscipiendo
1377 3541 1487 3623 pater!

218 3919 252 3967 69
290 3916 309 3980 ¹)
328 3913 371 3967 lta
392 3913 436 3966 hie
458 3920 489 3966 ut
512 3912 591 3983 epist.
616 3920 648 3967 70
673 3914 759 3967 lautine
782 3914 891 3967 videtur
913 3930 1088 3979 conversum,
1116 3913 1191 3982 quod
1219 3930 1320 3982 gracco
1347 3913 1490 3968 serebatur

219 3991 434 4069 ἀρχιεπισκόπῳ
447 3997 646 4070 οἰκουμενικῴ.
678 3998 719 4052 lle
732 3997 830 4051 cadem
847 3997 986 4053 locutione
1003 4014 1075 4065 quae
1088 3998 1125 4051 ad
1137 3998 1272 4068 epistolae
1285 4007 1317 4053 39
1334 3998 1490 4068 inscriptio-

219 4099 285 4137 nem
304 4083 452 4137 observata
470 4086 545 4149 sunt„
564 4084 668 4152 repete.

288 4170 310 4234 ²)
328 4168 354 4221 la
375 4171 437 4221 crat
453 4168 593 4222 Anastasii
616 4167 734 4237 Augusti
757 4184 791 4221 ex
813 4184 908 4223 sorore
931 4183 1028 4237 nepos,
1052 4168 1129 4237 cujus
1153 4170 1236 4223 utet
1259 4168 1373 4238 llypatii
1397 4168 1491 4222 fratris

219 4251 317 4306 infelix
335 4250 424 4305 exitus
441 4271 458 4307 a
477 4252 611 4323 Procopio
636 4253 670 4307 de
693 4253 766 4306 bello
787 4253 897 4308 Persico
916 4254 941 4319 l,
960 4260 992 4306 ⁶24
1010 4252 1183 4307 ‹lescribitur.
1220 4253 1356 4318 eroeirca
1373 4251 1491 4320 (tyrillus

220 4337 249 4391 in
268 4338 326 4390 sita
343 4356 363 4390 s.
384 4336 474 4391 Sabae
493 4354 555 4391 cnm
578 4336 756 4407 imperatoris
775 4337 970 4392 consobrinum
987 4340 1076 4392 uocat.
1111 4337 1232 4392 Uxorem
1250 4338 1376 4391 habebat
1393 4336 1490 4391 eodem

221 4422 325 4491 Cyrillo
343 4424 414 4476 teste
432 4424 607 4477 Anastasiam
626 4424 776 4491 cognatam
793 4422 933 4488 ‚labanum
952 4439 1023 4491 (luae
1041 4422 1127 4492 ipsius
1139 4421 1266 4492 l'ompcji
1279 4421 1446 4477 consobrina
1462 4420 1492 4475 in

221 4507 285 4561 laist.
305 4506 418 4561 miscell.
438 4507 484 4561 lib.
507 4513 537 4561 15
555 4507 719 4577 appellatur.

221 4599 255 4647 ‘ln
293 4595 311 4657 ¹)
332 4592 469 4661 l’empcji,
489 4592 566 4660 cnjus
584 4595 625 4647 est
643 4593 768 4662 superior·
786 4592 918 4661 epistola,
936 4595 967 4646 nt
984 4592 1013 4646 in
1032 4610 1093 4647 riam
1112 4594 1328 4659 obsem‘nvimns,
1348 4608 1422 4646 nxor.

290 4680 311 4743 2)
332 4677 379 4730 lid.
398 4684 507 4739 lreiaiais,
527 4694 645 4746 riroxquc
663 4680 697 4730 <3¹
712 4681 737 4731 η’
757 4685 907 4746 ansulam,
926 4676 1025 4731 deinde
1044 4678 1087 4731 cd.
1107 4689 1290 4746 emspcetatam.

258 4781 412 4817 seraranan
428 4782 530 4816 nonas.
546 4781 658 4817 cosme.
677 4767 698 4821 1.
1249 4771 1288 4827 55
