3450 5678
300 275 365 343 584
775 283 962 334 s.asnts11
985 284 1098 332 rrius

300 459 382 513 turo.
417 443 506 507 Haec
530 442 639 526 utiquc
654 451 811 522 creatura,
835 461 898 523 qna
913 439 947 503 iu
960 438 1087 505 Christo
1110 439 1222 505 refecti
1237 461 1356 524 summ,
1378 462 1445 505 non
1461 441 1580 526 quasti

303 550 343 614 ab
366 547 460 612 initio
482 546 559 609 facti
584 567 708 627 sumus3
741 542 779 606 de
807 565 870 626 qua
898 542 995 606 etiam
1023 542 1137 606 beatus
1164 541 1305 607 Jacobus
1333 542 1499 628 apostolus
1531 543 1581 608 sic

150 662 288 727 Jac.1,1s.
302 653 363 718 ait:
394 655 568 714 Voluntaria
587 655 693 726 penui!
714 667 768 709 uos
790 649 879 710 uerbo
894 651 1038 726 acritmis,
1063 656 1096 711 ut
1108 652 1200 711 simus
1214 651 1333 711 initium
1349 651 1477 726 aliquod
1489 667 1580 711 crcu-

302 769 391 821 turuc
411 759 494 833 ejus;
518 773 583 813 non
607 748 691 811 illius
714 752 890 831 creaturae,
914 768 995 831 quam
1018 747 1052 810 in
1068 747 1174 812 Adam
1195 746 1325 812 condita
1340 751 1399 831 est,
1422 748 1480 813 sed
1495 771 1582 834 qnae

150 865 288 932 Jac.1,1't.
303 863 405 921 Putris
426 860 586 932 turpinum,
622 874 640 914 u
663 871 722 932 quo
744 860 788 914 cst
810 872 895 914 omrrc
917 857 1020 915 datum
1043 857 1187 931 optimum
1213 864 1242 915 ct
1264 857 1374 916 deamo
1391 854 1582 931 perfectum,

304 958 468 1022 voluntate
491 955 603 1040 genita
627 952 721 1017 verbo
745 953 899 1036 veritatis,
923 952 1053 1016 initium
1075 953 1212 1037 sumpsit
1233 952 1268 1017 in
1291 951 1435 1018 Christo:
1461 957 1496 1019 et
1517 951 1582 1018 hec

303 1060 409 1144 ipsum
430 1057 517 1140 ideo,
546 1078 587 1120 ne
610 1056 851 1140 quibuscunque
874 1055 939 1119 suis
962 1055 1055 1118 bonis
1076 1054 1189 1119 fideret
1216 1054 1358 1120 humana
1379 1055 1581 1137 substantia,

303 1161 359 1226 sed
380 1158 534 1245 quidquid
556 1158 635 1221 recti
658 1158 691 1221 in
715 1179 749 1220 se
772 1179 840 1221 esse
864 1163 1081 1241 cognosceret,
1106 1156 1272 1222 desursum
1293 1157 1494 1223 descendens
1509 1179 1583 1223 esse

304 1262 517 1349 perpenderet
540 1260 579 1323 ab
601 1258 703 1345 illast)
726 1259 980 1323 incommutabili
1008 1262 1041 1323 et
1062 1259 1132 1323 sine
1154 1259 1385 1324 vicissitudinis
1408 1259 1583 1324 obumbra·

304 1365 392 1429 tione
413 1364 484 1427 luce
507 1384 632 1445 semper
653 1361 824 1444 immensa,
857 1384 915 1446 per
947 1384 1043 1446 quam
1072 1361 1132 1426 sibi
1155 1361 1301 1427 mutabili
1331 1364 1364 1426 et
1386 1361 1583 1427 vicissitudi-

305 1489 383 1531 num
409 1464 653 1530 obumbratione
681 1462 825 1528 fuscatae
852 1464 983 1528 luminis
1016 1464 1082 1528 veri
1109 1486 1225 1528 munus
1253 1464 1390 1529 sentiret
1420 1463 1583 1549 impendi.

306 1567 395 1634 Haec
419 1570 467 1632 est
489 1568 590 1652 igitur
611 1566 667 1630 illa
691 1568 852 1649 ereatura,
887 1589 967 1650 quae
997 1564 1209 1649 spiritualiter
1235 1566 1346 1631 vivens
1372 1588 1439 1630 non
1469 1566 1584 1631 volens

306 1670 444 1735 sustinet
476 1669 620 1732 mortalis
653 1668 872 1731 infestationis
905 1668 1063 1750 affectus,
1093 1671 1205 1732 eontra
1243 1689 1322 1752 quos
1355 1667 1585 1733 indesinenter

306 1794 467 1858 pugnans,
491 1771 601 1835 mallet
623 1792 689 1834 non
711 1770 829 1834 habere
847 1792 926 1854 quos
942 1769 1093 1852 vinceret,
1118 1792 1213 1855 quarn
1229 1792 1301 1834 cum
1316 1769 1437 1835 infesto
1455 1770 1586 1856 jugiter

306 1874 398 1939 hoste
421 1873 604 1958 confligere.
649 1871 724 1936 Non
746 1872 856 1936 volens
879 1894 955 1957 ergo
983 1871 1129 1955 subjacet
1159 1871 1194 1936 iu
1223 1875 1350 1937 tantum
1378 1871 1472 1937 vanis
1501 1872 1585 1938 desi·

307 1976 413 2060 deriis,
437 1976 649 2060 inquantum
672 1975 741 2038 sine
764 1974 963 2038 dubitatione
986 1973 1145 2058 perituris.
1184 1973 1277 2040 Unde
1299 1975 1379 2040 dicit
1400 1974 1584 2060 apostolus:

156 2076 295 2140 Galata
308 2085 388 2145 Coro
409 2084 598 2157 concupiscit
627 2082 772 2141 trdoersus
798 2084 955 2157 spiritum,
990 2089 1020 2143 ct
1046 2084 1173 2158 spiritus
1200 2082 1345 2143 adrasus
1371 2100 1515 2157 carnus,
1551 2090 1584 2144 ut

218 2158 292 2278 32¹3]
307 2203 367 2245 iton
390 2201 467 2259 quae
489 2186 592 2256 uultis,
623 2187 678 2244 illa
696 2183 837 2256 faciatis.
882 2183 946 2244 Sed
963 2192 1092 2260 propter
1114 2201 1196 2258 cum,
1226 2180 1346 2265 inquit,
1377 2187 1435 2260 qui
1453 2186 1584 2261 subjecit

309 2289 340 2347 iu
362 2303 428 2361 spe,
464 2284 501 2345 ut
522 2302 615 2345 nemo
642 2282 677 2345 in
699 2281 760 2344 hac
788 2281 912 2345 scilicet
940 2282 1006 2346 vita
1030 2303 1139 2347 rursus
1168 2281 1207 2347 de
1234 2282 1332 2367 plena
1352 2280 1514 2348 felicitate
1541 2281 1586 2347 sit

310 2405 475 2469 arrogans.
521 2384 570 2447 Ac
592 2405 633 2447 ne
656 2405 764 2447 rursus
785 2384 921 2448 forsitan
944 2384 1166 2470 desperatione
1189 2385 1423 2469 succumberet,
1448 2384 1585 2450 siccam

309 2486 445 2570 subjecit
467 2486 517 2549 his
540 2485 692 2550 molestiis
715 2487 929 2570 perferendis,
965 2493 1001 2551 ut
1027 2491 1136 2551 tamen
1164 2509 1221 2572 spe
1250 2487 1434 2552 consoletur
1462 2489 1584 2553 erecta.

309 2587 399 2654 Hace
422 2592 471 2652 est
499 2589 599 2673 igitur
627 2588 696 2656 sine
724 2587 875 2671 ambiguo
904 2593 1068 2673 ereatura,
1097 2589 1136 2654 de
1165 2613 1228 2674 qua
1255 2589 1316 2672 ait,
1351 2596 1427 2670 quio
1456 2601 1486 2655 et
1514 2597 1584 2671 ipsu

308 2702 455 2756 creatura
476 2697 654 2756 liberabitur
676 2712 696 2754 u
717 2699 858 2755 seruitute
879 2699 1084 2772 corruptionis
1110 2700 1141 2756 iu
1163 2697 1331 2757 libertatem
1356 2696 1481 2772 ploriue
1505 2698 1585 2771 filio

310 2815 377 2859 rum
400 2798 465 2857 Ilei.
511 2792 685 2876 Patefecit,
714 2793 753 2857 de
777 2815 839 2877 qua
863 2797 1009 2859 creatura
1031 2793 1127 2859 vellet
1148 2794 1304 2880 intelligi,
1341 2801 1373 2860 iu
1399 2800 1590 2877 tibereum,

310 2895 469 2980 iuquiens,
492 2902 623 2971 tiliorum
641 2901 704 2959 dci.
743 2895 830 2970 Quae
852 2896 887 2960 in
909 2896 969 2961 boc
992 2896 1111 2961 mundo
1133 2918 1171 2960 ex
1194 2920 1232 2960 ea
1254 2898 1347 2982 parte
1368 2919 1460 2963 nuuc
1473 2897 1589 2979 servit,

310 3020 373 3082 qua
396 2997 481 3062 vitiis
503 2998 678 3061 infestatur
699 2997 865 3082 humanis,
895 3002 973 3063 tune
996 2999 1037 3063 ad
1058 2999 1241 3063 libertatem
1269 2998 1407 3064 filiorum
1431 2998 1493 3065 Dei
1515 3020 1595 3085 per-

161 3082 298 3206 ¹5⁰fj5¹7⁵⁵
311 3101 396 3164 f'ecta
418 3100 590 3164 securitate
613 3100 805 3186 ventura⁴³),
830 3123 919 3180 quum
935 3107 1129 3183 corruptibile
1143 3107 1201 3167 doc
1223 3107 1356 3167 induerit
1377 3108 1589 3184 incorruptio

311 3222 391 3275 uem,
426 3214 455 3266 ct
477 3209 604 3266 ruortulc
630 3208 688 3268 icoc
715 3209 848 3268 induerit
869 3211 1134 3269 imarortotitutem.
1182 3209 1220 3270 tlt
1238 3212 1295 3280 fiat
1315 3225 1415 3271 sorae
1436 3211 1496 3285 qui
1510 3211 1587 3271 scri-

307 3315 383 3385 ptus
404 3316 463 3368 cst:
492 3309 669 3387 „Absorptu
691 3318 734 3370 est
755 3328 837 3370 mors
859 3313 889 3370 in
913 3314 1060 3373 uictoria!
1085 3313 1143 3373 Ubi
1162 3319 1216 3385 est,
1239 3328 1329 3386 mors,
1354 3313 1487 3373 uictoria
1508 3314 1583 3373 tuci

312 3413 363 3472 ubi
375 3419 429 3486 est,
447 3429 537 3485 mors,
554 3413 690 3472 stimulus
705 3415 820 3473 tuus?“
842 3413 987 3475 Stimulos
1002 3422 1100 3474 autem
1117 3417 1223 3475 mortis
1232 3420 1394 3491 peccatum
1409 3422 1466 3489 est,
1490 3417 1582 3477 autu

311 3531 383 3574 uero
406 3515 529 3590 pcccati
554 3515 615 3573 lox.
659 3515 722 3575 Deo
745 3524 844 3576 autem
864 3519 1000 3591 pretias,
1037 3519 1092 3594 qui
1117 3519 1201 3577 dedit
1233 3518 1317 3578 autu
1343 3518 1504 3579 victoum
1527 3534 1580 3594 prr

312 3617 471 3677 Dominum
493 3623 627 3677 nostrum
649 3619 752 3678 Jcsura
771 3619 938 3680 Christum!
974 3614 1176 3700 Quapropter
1197 3614 1310 3679 beatus
1332 3613 1501 3699 apestolus
1520 3636 1582 3680 ma·

312 3713 461 3778 nifestius
484 3714 604 3797 volens,
629 3716 721 3779 etde
743 3737 806 3799 qua
829 3720 977 3781 ereatura
999 3719 1120 3801 ageret,
1144 3720 1177 3781 et
1199 3715 1238 3781 de
1255 3738 1318 3800 qua
1338 3715 1409 3801 ejus
1429 3716 1584 3783 serviatis

312 3838 413 3900 quave
446 3816 595 3881 libertate
628 3817 814 3902 dissereret,
852 3822 968 3907 utpote,¹
996 3840 1054 3903 per
1082 3839 1176 3902 quern
1203 3817 1349 3885 Christus
1381 3818 1585 3904 loquebatur,

217 3901 296 4025 Q·
311 3918 489 4002 estendere,
514 3920 618 3983 adhuc
639 3920 781 3985 inculcat
802 3924 835 3985 et
850 3921 942 3985 dicit:
965 3926 1083 3987 Scimus
1104 3929 1193 4000 errius,
1216 3926 1298 4001 quod
1319 3928 1416 3987 omaus
1437 3934 1587 3989 ereum

240 4012 247 4038 '
271 4008 293 4025 “¹
313 4023 479 4102 ingemiscit
499 4035 527 4086 ct
544 4030 693 4104 parturit.
738 4022 812 4088 Non
834 4023 897 4088 nisi
920 4023 1122 4088 rationabilis
1145 4027 1292 4088 ereatura
1314 4027 1374 4107 est,
1401 4027 1435 4088 et
1456 4023 1518 4091 ills
1539 4046 1589 4091 n·

313 4124 487 4206 tienabilis,
512 4147 592 4209 quae
615 4125 689 4210 quid
712 4125 905 4209 ingemiscat
927 4126 1041 4210 quidve
1062 4125 1232 4210 parturiat,
1251 4125 1322 4209 jam
1335 4129 1452 4190 renata
1467 4148 1591 4212 eogno-

312 4225 384 4309 seit,
408 4229 441 4289 et
463 4227 684 4291 infinnitatem
706 4219 797 4292 suain
819 4228 949 4312 deflens,
973 4228 1216 4312 promissionem
1238 4230 1412 4313 perpetuae
1430 4228 1592 4317 tranquil·

313 4328 415 4394 litatis
438 4333 613 4412 exspectat.

216 2570 295 2623 Rem.

220 2643 291 2704 aar.

382 4602 413 4667 ⁴¹)
433 4600 465 4652 G¹
480 4602 506 4653 a*
527 4605 599 4670 quia,
619 4599 716 4665 „vat-2⁴
735 4603 784 4667 (ab
803 4605 840 4655 c'0
858 4624 915 4673 quc.

381 4686 413 4752 ⁴⁸)
432 4684 500 4738 Cum
519 4685 553 4739 G'
573 4683 700 4737 addimus
719 4693 769 4740 illu.
806 4687 912 4742 Deinde
930 4695 1038 4744 sentiret
1056 4689 1127 4756 (loco
1145 4691 1253 4757 sentire)
1272 4690 1455 4757 correximus,
1479 4692 1511 4747 et
1527 4710 1592 4749 etin

314 4770 348 4824 G'
367 4773 483 4836 subJ'occi
501 4771 572 4838 (loeo
591 4773 743 4838 subjaccat).

381 4858 413 4922 ⁴³)
432 4856 475 4911 lta
493 4855 536 4911 G'.
568 4854 643 4910 Editi
662 4866 797 4911 scriturum.
