3450 5678
597 324 792 374 nersroaan
816 315 845 373 6.
869 316 898 373 7.
1229 348 1240 361 =-
1321 317 1382 382 189

55 476 225 586 gagius,
250 477 297 541 ita
324 476 448 562 ubique
466 474 645 542 Ecclesiam
667 476 728 542 Dei
757 478 798 542 ab
826 478 1058 543 haereticorum
1086 478 1265 546 latrociniis
1287 488 1487 568 atqueacta.

61 578 270 666 oentap'is
291 579 429 664 mustis,
452 601 513 644 nec
528 579 560 644 id
573 580 681 665 'potius
704 582 888 665 praeualere
910 582 1090 667 patiamini,
1113 584 1244 669 quod¹¹)
1267 585 1381 671 iniqui-

65 706 118 765 ω
189 686 361 767 temporum
382 703 441 768 per
463 703 527 765 eos,
551 704 629 767 quos
651 704 717 747 non
739 685 842 748 solum
864 685 899 749 in
921 688 1063 749 vestrum
1077 685 1246 770 imperium
1268 688 1324 752 sed
1349 693 1382 753 et

72 787 259 864 aneum
279 806 406 870 quoque
428 783 556 849 rebellis
579 784 711 869 spiritus
734 787 917 870 concitavit,
942 809 1037 871 quam
1059 788 1141 872 quod
1164 791 1213 853 tot
1234 791 1381 874 tantique

78 886 277 985 pontifices
303 890 426 952 etcum
449 886 589 973 egregiis
611 886 858 982 orthodoxisque
880 888 1085 972 pontificibus
1108 890 1297 956 universalis
1320 891 1380 956 llo·

86 990 229 1064 clesiac
246 988 390 1055 decreuit
410 1010 569 1054 assensus.
615 987 885 1056 Calchedonensis
913 991 1026 1074 synodi
1055 993 1230 1057 constituta
1258 994 1308 1057 vel
1330 1016 1379 1078 ea,

91 1113 202 1184 quae
219 1093 328 1158 beatae
349 1092 522 1157 memoriae
538 1090 763 1176 praedeeessor
777 1114 866 1158 meus
882 1093 946 1157 Leo
961 1094 1137 1178 apostolica
1153 1094 1331 1160 eruditione
1341 1097 1379 1183 ¹²)

98 1194 283 1284 perdocent,
307 1195 501 1260 intemerata
524 1193 633 1280 vigere
651 1195 808 1278 jubeatis:
830 1196 905 1280 quia
927 1217 987 1260 nec
1009 1196 1074 1260 ullo
1095 1197 1189 1261 modo
1210 1200 1379 1263 retractari

103 1299 229 1383 potest,
254 1296 338 1383 quod
364 1296 492 1363 illorum
519 1296 706 1362 definitione
734 1298 873 1384 sopitum
901 1303 965 1381 est,
999 1320 1059 1363 nec
1085 1298 1246 1364 ullatenus
1280 1302 1380 1386 recipi

109 1399 215 1463 toties
231 1422 293 1466 uno
315 1400 458 1485 undique
479 1421 533 1465 ore
555 1399 785 1488 damnatus¹³).
829 1401 905 1485 Ipsa
927 1404 977 1465 est
998 1402 1127 1487 quippe,
1151 1403 1234 1468 sicut
1256 1405 1378 1488 experti

110 1501 202 1585 eris,
222 1502 380 1569 catholica
394 1503 483 1588 fides,
507 1491 589 1588 quae
609 1515 746 1586 potentes
767 1509 806 1568 cte
822 1510 892 1568 sede
906 1502 1041 1590 laesa¹¹)
1064 1511 1213 1588 deposuit,
1238 1509 1271 1570 et
1292 1506 1529 1590 exal-Lucum.

111 1602 225 1670 tandm
244 1612 372 1672 humiles
399 1605 558 1672 custodita
584 1613 726 1672 servavit.
770 1605 875 1681 Quare
902 1606 980 1669 satis
1007 1607 1168 1691 agendum
1194 1613 1243 1673 est
1264 1610 1377 1694 pietat'

112 1706 194 1788 tuae,
217 1711 253 1772 ut
273 1709 328 1794 qui
350 1709 447 1794 hujus
468 1708 528 1773 tibi
551 1713 663 1774 auctor
686 1711 735 1773 est
749 1702 836 1793 doni,
860 1709 904 1773 sit
917 1709 1034 1796 ipse¹⁵)
1049 1716 1256 1796 propagator.
1291 1712 1378 1776 Data

113 1803 166 1869 Vll
191 1807 306 1876 Iduum
330 1811 520 1878 Octobrium
538 1802 615 1896 ¹post
637 1810 838 1877 consulatum
861 1810 1009 1876 Basilisci
1021 1813 1058 1898 ¹⁰)
1082 1817 1114 1877 et
1136 1813 1274 1878 Armati.

623 2016 805 2120 Epistola
831 2018 863 2101 7.

218 2166 401 2257 Simplicii
423 2188 534 2256 papae
556 2169 600 2237 ad
621 2168 790 2237 Acacium
813 2170 1260 2254 constantinopolitanum.
1392 2158 1508 2294 Πξὸὄῖξ)

52 2289 109 2348 Μ·
127 2302 172 2355 Vt
200 2312 312 2364 Aeacius
336 2329 392 2365 aem
416 2312 543 2363 monachu
565 2319 591 2363 et
613 2313 741 2378 episcopis
764 2312 984 2377 Constantinopoli
1009 2316 1170 2380 eonprepatis
1191 2316 1344 2378 conjunctim

142 2389 172 2436 ὦ
190 2395 345 2462 iaperatme
367 2398 490 2449 Timothei
510 2414 644 2466 eorumque
663 2400 706 2463 qui
726 2397 759 2448 ab
782 2413 812 2447 eo
834 2399 949 2448 ordinati
965 2399 1092 2453 exsilium,
1116 2406 1141 2448 et
1162 2402 1345 2451 restitutionem
1406 2388 1409 2395 ’

144 2478 320 2535 etloum
332 2489 441 2549 expetat
453 2482 488 2547 (n.
500 2485 522 2542 1,
535 2484 571 2548 2).
602 2485 642 2534 lle
653 2498 729 2533 aerae
744 2484 808 2546 fidei
824 2486 851 2532 in
867 2477 962 2548 populo
972 2484 1093 2548 prosectu
1105 2488 1249 2550 protelatus
1261 2486 1297 2549 (a.
1307 2486 1342 2551 3),

148 2572 176 2606 'e
196 2569 326 2635 episcopos
343 2570 439 2621 diutine
452 2569 672 2634 Constantinopoli
682 2585 784 2619 manere
801 2571 876 2627 nnat,
896 2569 926 2619 ob
942 2568 1084 2633 perieulum
1102 2587 1220 2621 navarram
1236 2573 1343 2622 molitio-

519 2671 575 2705 naar
589 2656 714 2720 procidus
731 2662 813 2705 monet
831 2652 866 2719 (n.
879 2653 916 2719 4).

261 2788 535 2854 Dilectissimo
556 2787 679 2852 fratri
702 2789 850 2853 Acacio
872 2787 1115 2874 Simplicius.

210 2906 233 2971 1.
268 2909 399 2974 Litteris
427 2912 501 2974 tuae
529 2907 721 2993 dilectionis,
751 2932 830 2994 quas
857 2931 914 2994 per
940 2909 1042 2973 filium
1068 2913 1213 2973 nostrum
1235 2908 1377 2994 Epipha-

107 2981 265 3094 1{bullum
284 3012 455 3077 diaconum
477 3011 631 3096 probatae
653 3012 727 3076 fidei
750 3008 905 3094 direxisti,
929 3032 977 3095 ea,
1001 3033 1082 3095 quae
1098 3011 1236 3075 strictim
1250 3012 1377 3096 religio-

98 3098 234 3177 ³¹⁸⁸inu
251 3115 306 3180 viri
328 3115 388 3180 filii
410 3115 513 3179 nostri
534 3115 722 3200 presbyteri,
753 3113 1023 3179 archimandritae
1046 3135 1117 3177 cum
1139 3114 1305 3178 monachis
1327 3114 1376 3178 vel

91 3198 196 3269 ante
225 3218 421 3304 scripserant,
449 3218 546 3283 latius
573 3217 735 3303 indicasti,
765 3221 798 3282 et
829 3216 951 3301 prolixo
978 3215 1106 3301 quidem
1133 3216 1293 3282 volumino
1321 3217 1377 3282 sed

158 3359 297 3386 xm'ffi---u-
308 3380 410 3387 ..ι-..η-

184 3449 258 3520 ¹¹)ln
278 3457 398 3528 vulgatis
419 3462 489 3529 quod
509 3463 628 3529 iniquitas
651 3470 788 3526 temporum
810 3470 836 3512 et
853 3477 897 3513 eos
919 3477 981 3527 quos
1000 3477 1049 3512 non
1071 3462 1150 3511 soleam
1167 3466 1252 3511 uestro
1270 3463 1376 3526 imperio

78 3524 174 3586 ⁸²⁶³
196 3536 230 3590 θ’
244 3541 343 3598 omittit
360 3555 387 3598 el
409 3546 475 3598 aute
494 3563 546 3600 eas.
565 3575 595 3583 -
615 3544 783 3613 Temporum
804 3542 936 3610 iniquitas
957 3542 1072 3612 impiam
1092 3541 1236 3597 invexerat
1251 3541 1376 3597 Basilisci

79 3612 286 3696 Qcfiomm,
303 3646 389 3698 quam
407 3629 492 3683 etiam
510 3629 570 3700 ipse
587 3629 681 3700 paullo
700 3630 764 3683 aute
774 3627 891 3683 Zenonis
904 3627 1024 3682 reditum
1037 3627 1198 3697 abrogarat.
1226 3628 1297 3681 Tum
1309 3644 1375 3682 vero

82 3682 316 3791 ἰὙῐῖὶῐῑῐὶίιὶιιῄιιε
335 3715 380 3770 rel
396 3715 490 3785 potius
501 3714 596 3769 Aeluri
613 3715 736 3769 lautores
755 3714 853 3769 rebelli
871 3713 970 3784 spiritu
988 3712 1105 3780 incitati,
1124 3715 1156 3766 ut
1167 3712 1266 3768 Leonis
1284 3729 1375 3783 popm

86 3768 214 3870 ¹⁰:⁰²⁰ss
227 3799 249 3850 a
264 3798 492 3855 calchedonensis
513 3800 622 3856 concilii
640 3799 753 3861 decreta
769 3816 841 3854 novo
859 3801 888 3852 in
906 3798 1021 3854 concilio
1041 3798 1278 3866 examinarentur,
1302 3799 1376 3852 effla-

94 3867 213 3928 ssmffl
229 3897 277 3939 uon
298 3885 479 3941 desistebant.
515 3885 604 3952 Quam
622 3886 786 3957 petitionem
805 3884 983 3940 novissimum
1001 3884 1126 3939 Basilisci
1150 3885 1272 3938 edictum
1289 3883 1376 3954 (apud

97 3939 409 4041 E'flssr.h,e,111‚7)
432 3971 535 4042 repulit
557 3971 600 4026 his
618 3972 722 4028 verbis:
746 3979 777 4027 de
799 3977 847 4027 lroe
868 3982 1014 4041 aspramento
1037 3991 1084 4025 nec
1105 3977 1227 4041 synodum
1246 3977 1308 4038 fieri
1329 3990 1376 4025 nec

105 4044 222 4104 “W
234 4064 400 4125 menonem
417 4064 492 4113 ullam
508 4066 603 4115 moneri
618 4066 739 4125 commus,
755 4064 804 4113 sed
820 4079 851 4113 en
865 4063 940 4124 firma
958 4067 983 4110 et
1001 4063 1146 4112 inconuulsa
1162 4076 1273 4115 manem.

87 4127 215 4270 'mg
231 4137 263 4197 In
278 4143 371 4216 vigilii
394 4132 544 4200 constituto
567 4162 616 4201 seu
640 4145 719 4214 epist.
744 4149 820 4198 2411.
842 4149 903 4211 144,
925 4143 973 4197 ubi
995 4143 1066 4198 haec
1089 4143 1250 4211 laudantur,
1274 4142 1376 4212 legitur

216 4240 258 4285 *t-

182 4295 209 4367 ¹¹)
224 4306 361 4372 Nimirum
383 4316 546 4373 Timotheus
564 4316 682 4372 Aelurus
704 4317 741 4372 ab
760 4315 887 4370 universo
910 4315 978 4370 orbe
1000 4315 1029 4370 in
1047 4315 1177 4385 encycliis
1200 4315 1236 4369 ad
1254 4314 1375 4368 leonem

10 4394 26 4495 l
126 4364 268 4453 llffium
282 4402 368 4457 missis
387 4418 442 4457 uno
461 4420 509 4458 ore
527 4403 684 4458 damnatus.
815 4440 819 4449 ·

181 4466 297 4543 “lillad
312 4496 382 4545 laesa
401 4505 456 4543 non
474 4490 511 4544 ad
527 4496 588 4545 sede
606 4489 655 4545 sed
673 4490 710 4545 ud
727 4494 852 4545 catholiea
866 4494 933 4558 fides
951 4488 1078 4544 refertur.

182 4552 209 4624 ¹⁸)
228 4563 302 4627 aaa
318 4575 425 4630 suamc
442 4582 524 4629 eum
559 4575 647 4630 neem
664 4591 728 4628 mox
750 4579 826 4629 Vm
844 4579 918 4632 ruas

185 4637 212 4737 ¹⁸l
229 4649 282 4712 Hic
296 4659 417 4716 Basilisci
435 4660 540 4715 nomini
557 4678 611 4715 non
625 4661 739 4716 additur
750 4665 859 4730 Aupusti
870 4659 980 4726 titulus,
999 4659 1072 4726 quod
1092 4659 1165 4712 male
1182 4664 1294 4727 partum
1307 4654 1374 4710 ami·

140 4722 352 4817 ”timpanum
390 4748 420 4800 ln
439 4746 500 4801 aliis
518 4746 690 4802 documentis
708 4748 774 4817 riost
791 4749 952 4816 vergentem
972 4763 1075 4800 urinum
1092 4751 1155 4808 476,
1174 4759 1229 4810 quo
1248 4741 1320 4795 illius
1333 4749 1374 4810 ty·

144 4809 212 4899 ΜΨ
232 4822 308 4885 linem
328 4836 486 4904 acceperat,
513 4834 634 4888 exaratis
656 4835 716 4902 ejus
739 4835 770 4886 ut
793 4833 942 4887 damnatae
965 4830 1115 4886 memoriae
1139 4845 1240 4882 nomeu
1261 4843 1375 4898 prorsus

150 4890 231 4955 Μ
248 4909 347 4973 Rosius
364 4921 381 4974 l.
400 4938 424 4976 c.
442 4937 508 4991 pag.
528 4926 577 4976 382
596 4938 652 4990 seq.
673 4920 801 4990 exempla
818 4919 907 4974 affert.

39 4967 97 5248 l
