3450 5678
258 316 321 378 sto
734 329 761 376 s.
779 328 919 376 Grilrnsll
944 327 1057 374 aaran

258 491 291 548 st
313 484 475 568 quaeritur
498 505 517 544 a
540 482 643 566 magis
666 485 699 545 et
722 482 762 544 ab
784 481 877 546 stella
900 481 1099 565 designatur,
1124 482 1157 543 et
1172 501 1253 563 aqua
1270 479 1303 542 in
1319 479 1442 563 nuptiis
1458 501 1532 563 ope-

259 591 348 651 ratur
376 588 495 668 vinum,
526 588 558 648 et
585 585 733 667 increpat
759 606 847 646 mare
876 582 1028 647 violentia
1057 584 1250 646 commotum
1277 585 1446 646 ventorum
1453 633 1463 664 ,
1500 586 1536 646 et

259 688 401 752 ambulat
423 709 518 772 super
540 709 638 769 mare,
668 690 701 750 et
723 708 852 749 <saecum
882 708 920 749 ax
946 685 1117 749 nativitate
1141 684 1246 748 videre
1268 685 1358 768 facit,
1388 687 1420 747 et
1449 704 1534 747 mor·

257 796 348 854 tuurn
371 789 527 853 Lazarum
548 789 797 874 quatriduanum
819 789 1000 871 resuscitat,
1025 790 1057 851 et
1072 787 1178 851 varias
1191 786 1273 851 facit
1288 787 1434 869 virtutes,
1463 786 1533 851 dat

258 916 318 977 qne
342 892 506 977 discipulis
529 894 731 975 potestatem,

125 983 236 1103 ,iffi
342 1001 499 1078 Ejusdem:
521 993 650 1075 Vidisti,
675 993 756 1077 qnod
780 993 954 1057 seeundum
976 1014 1104 1056 earnem
1127 991 1255 1076 quidem
1277 991 1345 1073 ejus
1367 1013 1408 1057 ex
1433 997 1536 1056 oasim

141 1089 161 1108 '⁴
221 1084 379 1179 ''inarrat
403 1097 484 1181 (prod
509 1118 582 1159 vero
605 1095 778 1159 seeundum
802 1096 950 1180 spiritum
972 1118 1012 1159 aa
1030 1101 1099 1159 Deo.
1135 1094 1338 1178 Quapropter
1359 1095 1533 1178 probatum

261 1203 310 1263 ost
332 1200 477 1263 eumdem
500 1202 533 1262 et
556 1197 658 1260 llaum
682 1199 714 1260 et
735 1196 908 1261 hominem.

342 1304 393 1364 L'l).
439 1305 601 1365 Athanasii
630 1304 765 1381 episcopi
786 1303 993 1364 Alexandrini
1020 1303 1053 1363 in
1080 1302 1169 1364 libris
1177 1300 1217 1382 38)
1241 1307 1353 1364 corba
1379 1303 1533 1365 Arianos:

189 1476 205 1497 ν
259 1404 340 1478 (loia
362 1403 463 1487 igitur
485 1402 594 1485 aliqui,
624 1402 727 1486 iringis
756 1406 863 1465 autem
892 1405 925 1465 et
947 1400 1093 1484 plurimi,
1129 1401 1182 1485 qui
1213 1401 1354 1465 nondum
1383 1402 1532 1485 ‹liseipuli

154 1477 243 1598 ῙΙἸῙΤΜ
258 1506 347 1587 laeti,
373 1528 409 1567 ex
426 1527 488 1588 qna
504 1503 684 1586 petulantia
700 1504 741 1568 ad
756 1503 933 1567 docendum
954 1506 1120 1584 venerunt,
1150 1510 1314 1567 nescientes
1335 1525 1433 1583 neque
1455 1526 1536 1583 qliae

186 1588 192 1610 ’
258 1614 373 1682 (bearn,
398 1629 492 1685 neque
514 1612 552 1669 de
574 1612 679 1684 ortibus
701 1613 875 1683 adfirment,
905 1606 1085 1669 excaecatis
1113 1606 1213 1669 oeulis
1240 1605 1358 1668 mentis
1385 1628 1454 1669 non
1478 1605 1534 1671 lra-

261 1711 371 1772 bentes
392 1708 594 1772 intellectum
617 1708 776 1772 videntem
800 1707 914 1791 Deum,
939 1708 1033 1772 sicuti
1050 1707 1164 1791 Jacob,
1187 1729 1291 1792 neque
1306 1708 1463 1772 mundum
1480 1730 1536 1773 eor

258 1811 368 1874 videns
391 1809 505 1892 Demn,
535 1811 620 1896 eall)
649 1833 730 1894 quae
751 1814 883 1894 proptor
904 1811 1067 1874 hominem
1089 1809 1265 1874 Salvatoris
1286 1811 1407 1892 nostri,
1438 1832 1535 1895 quem

258 1917 388 1996 proptor
411 1935 469 1975 nos
492 1912 622 1977 indutus
645 1916 704 1995 est,
728 1916 805 1976 smrt
826 1913 956 1996 scripta,
989 1917 1021 1976 et
1043 1934 1140 1996 opera
1162 1912 1297 1976 humilia
1319 1916 1352 1977 et
1374 1935 1536 1997 pauperes

258 2038 349 2078 voees
373 2014 534 2078 divinitati
556 2015 735 2078 tribuentes
758 2014 868 2097 Verbi,
893 2018 1004 2078 errant
1026 2019 1058 2078 et
1073 2036 1179 2077 errare
1201 2014 1327 2079 faciunt
1348 2014 1459 2078 minus
1481 2015 1535 2079 do

258 2121 325 2180 etos
348 2120 381 2180 et
403 2117 557 2199 infirmos,
581 2121 617 2179 nt
640 2117 802 2181 humiliter
830 2118 868 2180 <le
894 2116 1029 2180 llornino
1051 2117 1195 2200 sapiant:
1226 2117 1456 2181 necessitatem
1479 2116 1535 2181 lra-

144 2227 205 2280 tnd.
219 2236 242 2280 a.
258 2220 368 2282 bemus
391 2240 559 2302 exponere,
590 2220 673 2283 sieut
695 2219 796 2283 sudas
818 2219 932 2283 seribit
954 2240 1011 2303 per
1032 2219 1212 2302 epistolam,
1241 2241 1322 2304 quae
1346 2222 1535 2305 eongmant

259 2322 354 2385 verba
382 2320 543 2384 divinitati
573 2320 690 2403 Verbi,
719 2325 752 2383 et
778 2343 860 2404 (puae
888 2322 1063 2385 seeundum
1091 2319 1288 2386 Salvatorem
1316 2321 1537 2408 intelligenda

257 2424 391 2488 homini.
437 2423 527 2486 Siout
557 2423 643 2486 enim
671 2423 704 2486 in
734 2422 860 2487 saeculo
888 2424 976 2487 aurei
1009 2423 1102 2487 solidi
1130 2427 1163 2487 et
1191 2428 1363 2509 argentum
1390 2426 1539 2509 positum

258 2527 351 2589 mlius
379 2525 582 2608 imperatoris
609 2525 785 2610 imaginem
819 2528 852 2589 et
878 2525 1122 2608 inscriptionem
1149 2526 1288 2590 nominis
1316 2529 1457 2612 utraque
1478 2526 1535 2592 lia

258 2628 345 2710 bont,
380 2628 435 2691 sall
467 2628 558 2690 novit
585 2627 783 2691 numularios
812 2629 918 2691 eustos
952 2650 1058 2691 eorum
1088 2627 1157 2691 auri
1187 2628 1412 2693 excellentiam
1447 2630 1536 2695 ultra

258 2730 408 2792 lumorem
430 2729 591 2792 inferioris
614 2729 752 2813 argenti,
783 2731 828 2792 ita
857 2729 933 2793 lieet
961 2730 996 2793 in
1027 2753 1091 2794 una
1113 2730 1272 2813 scriptura
1295 2731 1333 2794 de
1360 2731 1536 2797 divinitate

258 2832 313 2894 lilii
338 2835 370 2895 et
392 2831 430 2894 de
454 2853 584 2915 eorpore
607 2854 646 2894 ex
668 2831 783 2910 Maria,
806 2832 1043 2915 quodpropter
1066 2855 1123 2896 nos
1146 2832 1276 2897 indutus
1299 2836 1359 2916 est,
1388 2834 1434 2898 ait
1456 2835 1533 2899 seri·

257 2938 359 3018 ptum,
383 2934 512 3018 singula
540 2939 649 2997 tamen
679 2957 785 2998 eornm
809 2935 937 3018 seimus,
961 2935 1044 2999 sieut
1066 2935 1213 3018 discipuli
1241 2935 1407 3019 sapientes
1437 2938 1534 3001 unius

257 3040 290 3098 et
313 3059 384 3099 vere
413 3036 571 3120 magistri.
617 3035 831 3121 Quaecunque
858 3036 959 3121 igitur
986 3036 1118 3100 humilia
1142 3037 1237 3100 verba
1259 3040 1292 3100 et
1320 3059 1421 3121 opera
1442 3044 1531 3122 sumt,

257 3139 290 3200 in
314 3160 426 3221 eorpus
459 3137 530 3201 llilii
557 3137 705 3221 intellige
732 3140 869 3223 scripta,
899 3161 1106 3223 quaeeunque
1133 3138 1261 3203 litterae
1283 3139 1463 3227 gloriosae,
1498 3141 1533 3206 in

256 3239 353 3303 Verbi
379 3240 592 3303 divinitatem.

103 3358 162 3408 ms.
171 3361 242 3419 atus.
346 3347 491 3425 Ejusdem
513 3351 621 3407 eontra
636 3348 773 3408 eosdem:
797 3348 965 3408 Certissima
978 3352 1080 3423 itaque
1093 3351 1171 3408 sciet
1185 3351 1279 3409 omnis
1293 3350 1401 3410 somus
1420 3351 1533 3427 lsrael,

264 3437 335 3521 q‘uio
357 3451 457 3508 ‚lesum
481 3450 629 3508 Christum
652 3466 718 3509 eum
741 3451 820 3508 Deus
839 3449 924 3522 fecit,
954 3453 1035 3511 laurio
1055 3452 1168 3528 Jeswr,
1197 3468 1281 3526 quem
1304 3468 1355 3512 eos
1374 3457 1533 3527 cruxifiri

258 3553 318 3608 slis.
365 3546 409 3607 Et
431 3546 535 3628 ipsum
559 3568 635 3630 ergo
660 3546 843 3610 crucifixum
859 3548 990 3611 llomini
1012 3547 1173 3612 hominem
1196 3549 1415 3635 ostendentes,
1439 3555 1534 3640 quasi

257 3669 314 3730 per
343 3647 479 3728 digitum
508 3648 645 3733 apostoli
673 3648 837 3712 dixerunt:
873 3655 962 3714 Hune
987 3656 1100 3729 Jesum,
1131 3672 1216 3729 quem
1244 3674 1295 3717 vos
1317 3661 1532 3735 crucifixistis,

258 3754 405 3812 (lloistum
420 3765 449 3813 et
466 3757 619 3815 Hominum
632 3755 710 3827 feeit
731 3773 797 3814 eom
821 3756 908 3816 Deus.
939 3751 1123 3817 Certissima
1144 3753 1252 3837 itaque
1275 3753 1408 3821 Domini
1432 3756 1531 3824 homo

164 3846 242 3963 gfff}
256 3853 289 3912 et
306 3857 506 3936 principium,
530 3853 646 3937 iuquit,
677 3859 793 3917 viarum
817 3857 942 3918 creatus
960 3858 1018 3938 est,
1042 3856 1360 3941 praescriptionis)
1376 3859 1420 3923 ad
1438 3861 1535 3927 bene-

184 3954 236 3978 ’⁸⁸'
256 3954 363 4017 licium
385 3976 526 4038 openmr,
552 3960 584 4019 et
604 3961 789 4034 priodpr'um
806 3963 933 4039 viarum,
958 3957 1152 4041 principium
1168 3958 1309 4022 omnium
1328 3966 1535 4047 sanatorum,

256 4055 308 4140 qui
333 4056 485 4140 appellati
508 4063 583 4122 sunt
607 4059 668 4141 via,
693 4058 726 4119 et
747 4056 903 4123 Dominus
926 4063 958 4122 et
986 4060 1132 4125 Christus
1160 4064 1224 4144 est,
1252 4060 1307 4145 qui
1335 4061 1448 4129 faetus
1471 4071 1536 4151 est,

256 4162 289 4221 ot
312 4159 479 4222 erireifixus
502 4165 560 4224 est.

323 4385 353 4448 θ’)
374 4384 449 4444 [luae
467 4380 512 4434 hie
529 4382 606 4434 seint
624 4400 656 4436 ex
675 4382 752 4436 libris
770 4395 860 4438 contro
881 4388 993 4439 Arianos
1019 4386 1048 4438 et
1070 4384 1144 4440 infra
1160 4385 1237 4440 velut
1254 4403 1288 4440 ox
1305 4385 1387 4441 libris
1405 4395 1539 4447 adnm

253 4469 397 4519 bro-eneas·
415 4466 539 4519 (sensim
558 4465 661 4532 laudat,
680 4468 739 4535 ejus
757 4470 821 4521 sunt
839 4467 943 4537 operia,
966 4469 1044 4537 eujus
1066 4471 1216 4525 maximam
1238 4475 1350 4541 partem
1368 4472 1539 4534 Benrardm

254 4551 288 4599 ‹le
307 4550 486 4604 missalem
505 4568 566 4604 nov.
587 4550 647 4604 coll.
665 4554 737 4620 patr.
757 4555 785 4605 et
803 4553 896 4622 script.
916 4571 1008 4619 grano.
1027 4557 1094 4609 tom.
1111 4556 1132 4608 ll
1152 4565 1248 4626 pago
1269 4558 1297 4611 in
1316 4557 1410 4613 lucem
1430 4563 1539 4633 omnig

255 4634 384 4703 ‹pirulquo
402 4636 552 4688 ser-undum
571 4635 777 4690 'l'lromlorelum
797 4638 860 4692 dial.
876 4646 892 4691 :3
909 4660 1047 4694 sessionem
1065 4649 1188 4710 rmrjorem
1206 4649 1238 4696 rie
1252 4649 1305 4710 fide
1324 4642 1480 4718 inscripsit.

322 4721 353 4785 ³⁸⁰)
373 4721 425 4771 Seu
446 4722 480 4773 ml
500 4739 631 4787 graonam
650 4722 771 4776 litteram
791 4737 816 4777 e!
834 4747 899 4794 qum
915 4738 1027 4794 propter
1045 4748 1090 4780 arsa
1108 4740 1236 4797 assumpto
1253 4733 1355 4785 leonini.

323 4806 352 4870 '‘'Jl
372 4808 477 4858 Gaura
496 4809 551 4860 τῶν
568 4809 825 4878 προγεγραμμένων
839 4809 880 4872 εἰς
900 4804 1074 4881 εὐεργεσίαν.
1099 4812 1168 4865 lline
1181 4814 1342 4869 mendosum
1356 4832 1420 4872 erne
1433 4819 1537 4891 liquet,

255 4888 327 4951 qnod
347 4889 479 4943 lanternis
497 4891 541 4943 hie
560 4893 717 4946 obtinmrul
737 4915 785 4961 prr·
804 4903 958 4965 scripturum
976 4903 1012 4950 od
1028 4901 1180 4965 terrestrium.
