3412 5664
665 122 861 174 seraranan
884 113 955 172 137.
981 114 1052 173 138.
1435 110 1499 177 965

222 277 360 343 insidias
380 276 509 342 unitati.
554 276 616 343 Sed
638 277 676 361 si,
701 299 781 363 quae
804 277 969 362 praedicta
991 280 1076 363 sunt,
1100 278 1214 344 validis
1236 281 1410 345 teneantur
1432 282 1497 347 fixa
1508 309 1534 347 a.
1545 296 1603 347 521.

220 379 398 465 radicibus,
420 401 481 445 nec
503 402 523 444 a
543 382 680 464 paterna
700 380 875 445 traditione
896 379 1056 444 receditur
1078 383 1110 445 et
1133 382 1320 447 constanter
1339 384 1496 467 quaestio-

220 481 321 547 nibus
347 482 506 547 obviatur.
559 482 645 546 Data
666 480 795 571 vfflss,
818 480 977 547 Calendas
999 482 1144 566 Apriles,
1178 481 1309 548 Valerio
1337 484 1405 549 viro
1434 486 1496 551 cla-

219 583 351 649 rissimo
374 584 514 650 consule.

668 704 670 709 ’
717 753 899 859 epistola
926 754 1004 838 ns.

270 907 484 975 Hormisdac
507 925 617 991 papae
639 906 683 973 ad
705 906 959 1092 &tillim
971 907 1175 991 episcopum
1198 909 1444 977 constantino·
1504 907 1629 1029 {26⁶1}ssss

167 1165 220 1224 0„
259 1151 365 1202 (iratam
381 1151 431 1202 sibi
445 1118 526 1214 faisse
543 1151 690 1216 synodicam
708 1150 877 1200 ordinationis
889 1149 956 1199 illius
968 1151 1128 1206 relacionem,
1144 1157 1235 1215 pratos
1252 1151 1365 1216 legatos,
1382 1159 1460 1218 prata

438 1251 537 1302 quoque
554 1251 657 1285 manera
675 1233 707 1284 ab
725 1235 768 1284 illo
786 1235 812 1284 ia
829 1234 991 1284 ministeriam
1008 1249 1029 1287 s.
1045 1235 1119 1284 Petri
1135 1237 1271 1285 destinata.

374 1368 585 1434 Hormisda
606 1366 835 1452 Epiphanio
858 1358 1328 1452 Constantinopolitano

307 1488 532 1555 Benedicimus
547 1486 721 1551 Dominum
734 1485 898 1551 fraternae
914 1487 1058 1552 caritatis
1074 1487 1200 1570 affectu,
1219 1487 1294 1572 quia
1309 1511 1375 1553 non
1390 1491 1492 1554 solum

219 1590 375 1676 synodica
395 1589 551 1655 relatione
579 1589 619 1653 ad
641 1588 854 1653 sacerdotium
881 1591 914 1652 te
936 1587 1034 1674 digne
1062 1589 1246 1673 pervenisse
1269 1590 1611 1675 eognovimus,cp.1³1.

218 1693 275 1759 sed
297 1693 393 1758 factis
416 1695 511 1778 atque
533 1690 673 1756 moribus
696 1689 952 1774 comprobamus,
983 1693 1016 1755 et
1043 1690 1090 1755 ita
1116 1713 1151 1755 se
1172 1691 1279 1755 meriti
1302 1691 1350 1756 tui
1372 1692 1492 1777 gradus

218 1794 376 1880 patefecit
403 1794 584 1877 affectibus,
620 1795 657 1856 ut
683 1795 759 1856 ante
786 1791 924 1856 fratrum
952 1797 985 1857 et
1017 1792 1276 1878 coepiscoporum
1308 1796 1491 1858 nostrorum

218 1897 439 1963 testimonium
463 1898 578 1961 cuncta
594 1894 802 1959 crederemus.
839 1890 930 1969 Quod
945 1893 1031 1959 enim
1045 1894 1093 1958 illi
1108 1897 1141 1957 te
1156 1894 1349 1978 promittunt
1363 1917 1456 1979 posse
1466 1896 1490 1981 ¹)

218 1999 361 2064 moribus
376 2021 482 2085 agere,
506 2020 565 2063 nos
580 1996 723 2062 videmus
746 1995 910 2080 implesse3
933 1999 965 2059 et
986 1998 1150 2081 tamquam
1172 1995 1247 2061 fidei
1268 2000 1343 2061 tuae
1364 2002 1492 2062 servata

217 2100 309 2185 pacis
330 2100 429 2166 fuerit
449 2101 567 2187 gratia,
591 2099 637 2163 sic
658 2098 794 2162 unitatis
816 2097 972 2161 hactenus
994 2095 1094 2161 dilata
1116 2101 1193 2163 sunt
1214 2098 1333 2184 vota2).
1373 2099 1492 2165 Divina

218 2224 329 2268 corum
350 2202 643 2287 praedestinatione
667 2199 794 2266 caritati
816 2202 891 2264 tuae
913 2199 1103 2264 vocabulum
1130 2221 1192 2285 quo
1220 2201 1417 2285 nuncuparis
1439 2223 1490 2266 ac·
1525 2191 1528 2197 ⁴

218 2305 326 2391 cessit,
350 2305 410 2370 sub
432 2326 493 2389 quo
515 2304 631 2388 spiritu
654 2304 830 2387 apparente
853 2301 1022 2366 concordia
1043 2301 1167 2366 factum
1189 2304 1248 2385 est,
1272 2305 1309 2367 ut
1330 2302 1489 2368 dicamus:

217 2413 299 2473 Ecce
321 2427 412 2487 qaam
433 2412 542 2472 bonam
563 2418 592 2469 et
613 2426 703 2485 quam
718 2409 892 2482 jacanaam
913 2408 1054 2468 babitare
1071 2406 1193 2480 fratres
1215 2410 1245 2468 in
1262 2412 1371 2469 antem!
1408 2387 1601 2511 Qua-{ff

216 2511 352 2596 propter
374 2508 409 2572 in
432 2506 560 2574 Christo
575 2506 713 2571 Domino
735 2508 846 2570 nostro
868 2504 1036 2569 reddentes
1058 2504 1165 2570 officia
1180 2505 1394 2590 salutationis,
1418 2506 1490 2572 hor·
1555 2497 1562 2522 ’
1585 2499 1592 2511 ’

216 2615 340 2694 tamur,
367 2613 405 2675 ut
426 2609 503 2675 boni
524 2609 629 2696 operis
651 2608 781 2672 initium
801 2605 961 2671 laudabile
985 2607 1151 2672 continuet
1171 2607 1356 2673 institutum
1378 2630 1489 2674 secun-

216 2714 293 2779 dum
314 2715 462 2778 sanctum
485 2711 703 2796 evangelium,
733 2730 796 2794 quo
818 2730 999 2773 monemur:
1028 2714 1086 2784 Qui
1102 2717 1345 2790 perseveraverit
1367 2717 1398 2775 ie
1416 2718 1487 2789 fiae,
1501 2694 1600 2818 mh·

214 2821 266 2881 tie
287 2821 389 2880 salvus
403 2820 470 2879 erit.
502 2812 728 2878 Adhortamini
743 2811 843 2897 igitur
857 2810 1005 2895 reliquos,
1028 2811 1165 2876 invitate
1179 2811 1321 2895 monitis,
1346 2813 1489 2899 colligite
1537 2805 1543 2830 ’
1582 2804 1589 2819 ’
1624 2834 1628 2843 ·

214 2916 463 2982 blandimentis:
492 2915 568 3001 quia
594 2914 710 2979 talenti
733 2912 845 2978 crediti
874 2911 1089 2998 multiplicata
1116 2913 1304 2997 compendia
1331 2915 1488 2980 sacrificia

213 3020 294 3084 sunt
315 3017 435 3082 divina
479 3011 650 3081 Praeterea
672 3015 854 3101 gratissime
884 3014 1032 3098 tulimus,
1060 3014 1144 3099 quod
1166 3014 1309 3081 Johanni
1336 3016 1430 3080 fratri
1457 3020 1490 3082 et

214 3119 407 3205 coepiscopo
434 3123 545 3183 nostro
572 3139 699 3184 necnon
722 3115 916 3181 Heracliano
944 3116 1130 3201 presbytero
1159 3120 1254 3202 atque
1276 3117 1489 3184 (kustantino

212 3221 291 3287 filiis
312 3221 431 3286 nostris
454 3220 663 3285 internuntiis
679 3218 911 3305 promotionem
928 3218 1073 3283 caritatis
1092 3221 1166 3283 tuae
1183 3219 1400 3304 cognovimus,
1424 3242 1488 3305 qua

212 3345 285 3389 esse
308 3322 429 3409 aliquid
452 3322 575 3387 dulcius
596 3343 663 3386 non
685 3324 845 3405 putamus.
889 3320 934 3386 Et
955 3342 1052 3405 quum
1078 3323 1110 3384 te
1137 3321 1294 3404 praedicti
1321 3321 1397 3406 viri,
1427 3323 1486 3387 etsi

210 3448 274 3511 pro
296 3424 447 3510 obsequio
469 3434 618 3508 suscepto
632 3423 788 3507 facerent,
811 3444 879 3487 non
893 3425 1020 3488 tantum
1038 3422 1173 3505 ratione,
1197 3421 1376 3507 laudarent,
1399 3423 1487 3488 beati

211 3526 358 3593 omnium
381 3548 499 3609 sumus,
524 3526 608 3610 quod
629 3525 747 3611 dignae
769 3524 816 3589 rei
837 3525 970 3589 nuntius
992 3523 1110 3590 relator
1133 3525 1249 3610 dignus
1270 3525 1427 3610 exstabat,
1451 3530 1487 3591 ut

210 3629 276 3695 tibi
306 3628 541 3693 absolutissime
569 3627 608 3692 de
639 3628 820 3713 legatorum
846 3626 969 3691 meritis
1002 3626 1149 3711 probatio
1182 3626 1226 3691 sit
1258 3626 1398 3692 honoris.
1448 3633 1487 3695 ut

209 3752 308 3798 manu
327 3751 442 3812 papas:
471 3729 673 3814 Suscepimus
696 3728 827 3794 calicem
855 3750 986 3793 aureum
1013 3731 1211 3813 gemmatum
1218 3778 1227 3811 ,
1256 3730 1408 3812 patenam
1438 3752 1486 3794 ar-

210 3835 367 3917 genteam
390 3835 423 3897 et
444 3831 542 3896 alium
565 3831 697 3896 calicem
719 3834 909 3916 argenteum
931 3829 1048 3895 etvela
1063 3830 1125 3894 duo
1139 3829 1318 3895 ministerio
1333 3831 1485 3897 basilicae

283 4005 316 4071 ³⁸)
335 4001 380 4056 Sic
397 4001 432 4057 G⁸
446 4002 485 4067 H;
507 4005 533 4056 a¹
552 4017 628 4070 sequ.
652 4004 710 4055 VII
728 4005 874 4062 Kalendas,
896 4000 926 4054 h¹
946 4004 989 4054 IX
1007 4004 1082 4060 Kal..
1105 3999 1121 4053 J
1134 4000 1157 4054 O
1171 4000 1229 4054 e¹i²
1252 4000 1347 4054 datum
1371 4017 1485 4070 prorsus

210 4087 356 4144 omittunt.

210 4178 264 4230 188
300 4173 321 4239 ¹)
339 4170 374 4227 ΘΙ
390 4175 582 4240 possessoribus
593 4190 685 4240 apere,
705 4170 780 4240 quod
791 4169 829 4225 ad
840 4169 1052 4225 similitudinem
1064 4187 1107 4240 cp.
1122 4177 1170 4226 1311
1187 4171 1268 4238 (cord.
1281 4170 1366 4226 etiam
1378 4188 1421 4240 ep.
1436 4176 1482 4228 111

210 4259 242 4313 et
261 4261 310 4312 131
329 4259 395 4324 111)
413 4255 590 4312 correximus.
626 4255 675 4309 Ed.
694 4276 770 4325 posse
787 4263 878 4311 omnia.

281 4344 303 4410 ²)
322 4346 348 4396 c⁸
365 4358 423 4411 seq.
442 4353 500 4396 vota
518 4347 612 4397 divina.
647 4344 742 4395 Eorum
757 4346 990 4410 praedestinationi
1006 4346 1124 4396 caritatis
1142 4352 1207 4396 triae.
1237 4341 1268 4394 ln
1286 4339 1348 4395 aliis
1366 4340 1426 4395 sola
1441 4344 1485 4396 est

207 4426 401 4498 interpunctio
412 4424 520 4481 vitiosa.
551 4426 612 4480 Hoc
629 4426 722 4480 autem
740 4425 794 4479 sibi
811 4425 883 4481 vult:
901 4426 954 4480 Dei
970 4426 1040 4480 nutu
1056 4426 1228 4491 factumest,
1247 4426 1279 4479 ut
1291 4442 1375 4493 quum
1387 4427 1484 4481 nostra

211 4512 248 4566 de
265 4510 374 4566 unitate
391 4513 458 4566 vota
476 4510 513 4565 ad
535 4512 657 4566 sentem
675 4511 753 4565 tuam
771 4509 935 4577 distulisset,
957 4528 991 4566 ac
1012 4501 1126 4566 tandem
1144 4528 1179 4566 ea
1198 4509 1314 4580 implere
1332 4511 1417 4579 atque
1433 4509 1483 4564 inr-

210 4596 292 4666 pleta
312 4595 415 4651 affectu
437 4596 583 4652 manifesto
605 4595 700 4666 palam
722 4596 813 4650 facere
840 4594 1088 4665 praedestinasset,
1115 4594 1286 4665 Epiphanius
1308 4611 1326 4650 a
1346 4595 1482 4652 vocabulo

212 4675 387 4750 ἐπιφάνεια,
408 4679 482 4751 quod
500 4680 704 4752 apparitionem
722 4682 815 4746 sonat,
833 4696 935 4735 nomen
952 4680 1105 4735 sortiretur.
