3450 5678
726 338 896 390 urrerem
921 330 971 390 39.
1420 325 1482 391 819

213 508 264 565 ter
285 502 321 564 ut
342 519 448 582 supra.
504 495 681 561 Simeonius
704 495 871 580 presbyter
898 498 936 559 ut
963 516 1069 579 supra.
1114 495 1287 560 Abramius
1315 497 1612 581 presbyteratu.)

213 605 250 666 ut
279 622 385 684 supra.
446 598 624 663 Simeonius
652 597 819 682 presbyter
850 601 889 662 ut
915 619 1023 681 supra.
1089 596 1228 662 Jacobus
1251 599 1419 683 presbyter
1446 602 1483 663 ut

214 724 320 788 supra.
365 700 531 766 Johannes
554 699 721 785 presbyter
742 702 780 763 ut
802 721 908 784 supra.

300 804 350 868 10.
387 802 528 867 Isidorus
551 801 814 866 archimandrita.
858 801 1008 867 Julianus
1030 801 1198 886 presbyter
1218 806 1255 867 ut
1277 824 1383 887 supra.
1428 802 1482 867 Jo-

213 907 337 972 hannes
360 908 393 970 et
407 904 571 969 Romanus
595 907 627 968 et
641 902 780 968 Thomas
800 903 980 988 presbyteri
1002 907 1039 968 ut
1060 926 1166 987 supra.
1211 904 1397 969 Antoninus
1416 905 1481 969 dia·

214 1029 314 1074 conus
335 1010 501 1092 utsupra.
557 1005 724 1071 Abraham
746 1005 928 1090 presbyter,
956 1004 1065 1070 Maras
1088 1006 1240 1071 diaconus
1263 1010 1296 1071 et
1317 1007 1484 1071 Abraham

213 1101 382 1198 presbyter
409 1112 446 1174 ut
473 1130 580 1193 supra.
640 1107 798 1173 Zenobius
828 1111 860 1171 et
889 1106 1072 1191 Stephanus
1101 1108 1279 1192 presbyteri
1312 1111 1349 1172 ut
1377 1131 1483 1194 supra.

214 1211 394 1278 Simeonius
417 1214 450 1275 et
471 1210 654 1276 Demetrius
680 1209 859 1295 presbyteri
886 1212 923 1273 ut
950 1220 1057 1294 supra.
1113 1210 1253 1276 Thomas
1281 1214 1314 1275 et
1341 1211 1485 1276 Domnus

215 1312 394 1399 presbyteri
416 1316 452 1376 ut
467 1335 574 1398 supra.
620 1313 799 1378 Simeonius
821 1315 854 1376 et
867 1310 956 1376 Elias
979 1311 1158 1396 presbyteri
1179 1315 1216 1377 ut
1231 1336 1338 1397 supra.
1383 1314 1486 1378 Abra-

214 1416 298 1480 mius
321 1418 353 1479 et
375 1414 524 1499 Pelagius
552 1416 730 1500 presbyteri
759 1418 797 1479 ut
823 1436 931 1498 supra.
986 1413 1150 1478 Romanus
1174 1418 1207 1479 et
1228 1415 1394 1479 Abraham
1417 1438 1486 1499 pre·

215 1517 337 1601 sbyteri
359 1519 395 1580 ut
416 1539 522 1601 supra.
568 1518 747 1582 Simeonius
764 1517 931 1601 presbyter
952 1519 986 1579 et
1000 1514 1135 1581 (lanatas
1151 1517 1304 1582 diaconus
1325 1520 1362 1581 nt
1377 1540 1484 1602 supra.

216 1618 395 1684 Simeonius
418 1622 451 1683 et
473 1618 639 1684 Johannes
662 1619 840 1704 presbyteri
862 1621 898 1682 ut
920 1640 1028 1702 supra.
1081 1617 1260 1683 Simeonius
1283 1622 1315 1683 et
1336 1619 1486 1684 Julianus

214 1720 396 1805 presbyteri
423 1724 459 1785 ut
487 1743 593 1805 supra.
657 1720 878 1806 Eutychianus
906 1724 940 1785 et
966 1720 1133 1785 Johannes
1161 1721 1287 1786 diaconi
1312 1725 1484 1805 utsupra.

216 1821 357 1887 Thomas
380 1825 412 1886 et
433 1823 512 1886 item
526 1821 665 1887 Thomas
687 1823 865 1908 presbyteri
887 1826 1053 1906 utsupra.
1098 1822 1263 1887 Romanus
1278 1824 1432 1889 diaconus
1455 1827 1487 1888 et

215 1923 383 1989 Johannes
405 1924 573 2009 presbyter
595 1929 759 2010 utsupra.
809 1923 967 1989 Eusebius
990 1925 1242 1990 archimandrita
1265 1928 1297 1990 et
1318 1925 1487 1989 Eustasius

216 2027 383 2112 presbyter
404 2029 441 2090 ut
463 2011 569 2110 supra.
614 2025 755 2091 Jacobus
778 2029 810 2091 et
824 2026 982 2091 Eusebius
1004 2027 1183 2111 presbyteri
1205 2030 1242 2091 ut
1264 2050 1371 2112 supra.
1417 2027 1486 2093 Ser-

217 2128 291 2214 gius
313 2132 346 2192 et
360 2127 467 2192 Maras
490 2129 668 2213 presbyteri
690 2132 726 2192 ut
748 2151 854 2214 supra.
898 2127 1065 2193 Johannes
1088 2134 1121 2193 et
1137 2128 1286 2193 Julianus
1308 2129 1488 2214 presbyteri

216 2233 254 2294 ut
286 2252 390 2315 supra.
454 2230 572 2295 Paulus
606 2237 639 2295 et
667 2231 789 2296 Isacius
822 2231 1000 2316 presbyteri
1036 2233 1074 2295 ut
1106 2252 1212 2315 supra.
1283 2231 1422 2295 Thomas
1456 2233 1489 2295 et

217 2330 379 2396 Dasianus
406 2333 585 2418 presbyteri
618 2337 656 2397 ut
682 2356 787 2419 supra.
846 2333 1013 2398 Johannes
1041 2335 1073 2396 et
1100 2332 1218 2397 Daniel
1244 2333 1425 2418 presbyteri
1451 2336 1489 2397 ut

217 2456 325 2519 supra.
1480 2498 1484 2504 .

305 2537 355 2601 11.
388 2536 527 2602 Jevenas
549 2538 717 2623 presbyter
739 2541 772 2601 et
793 2536 908 2602 Aziaos
931 2537 1082 2602 diaeonus
1110 2540 1152 2602 et⁴
1171 2537 1424 2602 archimandrita
1451 2541 1489 2601 ut

218 2660 326 2724 supra.
385 2639 547 2703 Antonius
575 2639 727 2705 diaeonus
755 2643 788 2704 et
816 2640 1070 2704 archimandrita
1098 2642 1130 2703 εὴ
1156 2639 1293 2724 cyrillus
1322 2640 1489 2723 presbyter

218 2745 256 2806 ut
278 2762 384 2825 supra.
429 2740 491 2806 Job
514 2742 680 2825 presbyter
702 2745 735 2806 et
750 2740 932 2826 Stephanus
948 2741 1101 2807 diaconus
1123 2743 1156 2806 et
1178 2742 1431 2807 archimandrita
1453 2745 1488 2805 ut

219 2865 326 2928 supra.
371 2842 490 2907 Bassus
512 2842 665 2907 diaconus
689 2847 722 2907 et
744 2842 883 2907 Basilius
905 2844 1071 2928 presbyter
1093 2846 1258 2928 utsupra.
1302 2843 1488 2909 Simeonius

219 2949 252 3010 et
266 2944 433 3010 Johannes
455 2945 635 3029 presbyteri
650 2950 687 3009 ut
702 2967 809 3030 supra.
853 2945 993 3010 Jacobus
1015 2946 1182 3031 presbyter
1204 2949 1236 3010 et
1250 2944 1399 3010 Julianus
1422 2945 1489 3009 dia·

221 3069 320 3113 conus
343 3050 375 3111 et
397 3046 648 3111 archimandrita
670 3049 708 3111 ut
729 3069 835 3131 supra.
887 3046 1066 3113 Simeonius
1089 3050 1122 3111 et
1143 3046 1288 3131 Alpheus
1309 3047 1489 3133 presbyteri

219 3153 386 3234 utsupra.
430 3148 596 3213 Johannes
618 3150 785 3234 presbyter
806 3153 839 3214 et
853 3148 966 3214 Petrus
989 3150 1141 3214 diaconus
1163 3152 1327 3234 utsupra.
1372 3148 1489 3213 Daniel

221 3251 373 3316 diaconus
396 3254 428 3314 et
449 3249 560 3315 Eunus
583 3250 736 3315 diaconus
759 3253 791 3316 et
812 3250 1064 3316 archimandrita
1085 3255 1123 3316 ut
1144 3274 1249 3336 supra.
1306 3252 1490 3316 Alexander

221 3357 254 3418 et
276 3352 477 3437 Epiphanius
500 3353 679 3437 presbyteri
701 3356 737 3417 ut
759 3375 866 3438 supra.
922 3353 1028 3419 Zoilus
1057 3357 1090 3419 et
1111 3354 1283 3421 Abramius
1311 3353 1490 3437 presbyteri

220 3458 258 3521 ut
272 3477 379 3539 supra.
423 3454 572 3519 Julianus
587 3456 754 3540 presbyter
776 3460 809 3520 et
823 3454 988 3522 Johannes
1009 3457 1160 3521 diaconus
1184 3459 1217 3520 et
1239 3454 1490 3520 archimandrita

220 3560 386 3641 utsupra.
443 3555 578 3622 Carulas
608 3560 641 3621 et
666 3557 844 3622 Simeonius
866 3558 1045 3643 presbyteri
1072 3562 1109 3623 ut
1138 3580 1243 3643 supra.
1303 3555 1490 3621 Timotheus

222 3659 376 3724 diaconus
398 3661 432 3723 et
452 3658 566 3723 Petrus
588 3660 756 3744 presbyter
778 3662 814 3722 ut
836 3681 941 3744 supra.

310 3761 359 3825 12.
393 3760 601 3825 Macedoniae
616 3762 783 3845 presbyter
798 3765 831 3825 et
846 3761 1096 3826 archimandrita
1118 3765 1275 3846 utsupra.
1316 3760 1490 3845 Dionysius

222 3863 476 3930 archimandrita
497 3866 534 3928 ut
553 3886 659 3947 supra.
704 3861 870 3927 Johannes
893 3863 1144 3928 archimandrita
1167 3869 1203 3929 ut
1218 3885 1325 3948 supra.
1371 3862 1490 3928 Simeo-

221 3967 295 4031 nius
317 3966 485 4050 presbyter
506 3969 539 4029 et
561 3965 813 4029 archimandrita
833 3968 869 4028 ut
884 3989 990 4050 supra.
1035 3965 1148 4030 Menas
1164 3966 1317 4030 diaconus
1340 3968 1373 4029 et
1388 3965 1491 4029 archi·

220 4067 386 4133 mandrita
408 4072 440 4132 et
461 4066 664 4132 Darabsabas
686 4068 853 4152 presbyter
881 4072 917 4132 ut
938 4089 1044 4151 supra.
1103 4067 1233 4153 Sergius
1261 4068 1428 4151 presbyter
1459 4070 1492 4130 et

221 4169 407 4236 Theodorus
424 4168 694 4234 archimandrita
730 4172 767 4233 ut
799 4190 906 4253 supra.
972 4168 1144 4253 Benjamin
1174 4168 1426 4233 archimandrita
1459 4171 1493 4232 et

221 4272 365 4337 lsaacius
392 4272 571 4356 presbyteri
599 4274 635 4335 ut
661 4293 767 4355 supra.
839 4270 954 4336 Daniel
983 4271 1150 4355 presbyter
1179 4275 1212 4335 et
1240 4269 1492 4345 archimandrita

222 4378 256 4440 et
278 4373 446 4439 Abraham
469 4373 719 4439 archimandrita
745 4376 781 4435 ut
802 4395 909 4458 supra.
970 4373 1148 4439 Simeonius
1177 4371 1428 4438 archimandrita
1456 4374 1493 4434 ut

222 4499 333 4563 supra.
1068 4496 1073 4504 ·
