3412 5664
288 301 351 369 894
727 318 981 372 anonumum
1003 318 1118 369 aaran

180 493 205 531 a.
217 483 274 532 519.
286 497 361 539 nem
387 480 533 540 nostram
561 475 693 560 depulsa
720 476 795 540 mali
824 476 939 541 erroris
966 474 1170 561 aegritudine
1199 473 1375 540 catholicae
1399 479 1509 546 naha

287 578 433 662 cupimus
456 578 575 642 sentire
596 577 799 642 medicinam.

370 681 402 744 3.
436 679 607 745 Praeterea
621 702 696 744 mox
718 683 755 743 ut
775 680 960 764 praesentia
982 702 1038 745 vos
1054 679 1230 766 contigerit
1250 681 1369 765 scripta
1382 682 1508 767 suscipen,

286 782 443 846 debebitis
471 782 510 846 ad
532 803 591 845 nos
614 782 652 845 de
675 781 790 846 vestris
818 783 956 867 aliquem
983 782 1145 849 destinare
1173 804 1247 847 cum
1275 784 1432 869 relatione,
1454 808 1508 871 qun

285 885 435 947 universa
457 884 633 967 contineat,
656 884 740 948 unde
762 884 823 966 his,
846 907 928 969 quae
950 887 1042 970 gesta
1064 888 1140 949 sunt
1161 885 1213 948 vel
1240 890 1406 970 geruntur,
1427 886 1507 951 sollici·

284 985 430 1050 tudinem
451 989 595 1050 nostram
617 987 758 1050 relevare
780 986 933 1051 debeatis.
973 985 1142 1050 Datarium
1164 1008 1290 1071 quoque
1311 987 1416 1051 litteris
1429 989 1508 1052 ratris

285 1087 468 1173 adjungite,
493 1109 533 1151 ne
557 1087 646 1150 vobis
668 1087 833 1171 portitoris
855 1089 991 1153 tarditas
1013 1089 1116 1173 possit
1131 1088 1282 1153 adscribi.
1319 1088 1508 1153 Daiallllhn

285 1188 449 1273 Octobriar,
472 1189 647 1254 Eutharico
668 1189 737 1254 viro
759 1189 935 1254 clarissimo
958 1191 1096 1255 consule.

794 1377 977 1481 Epistola
1003 1377 1050 1461 98

894 1529 943 1567 seu

146 1586 272 1709 {5⁵ng
433 1622 613 1692 suggestio
634 1623 791 1680 Dioscori
812 1623 951 1681 diaconi
972 1626 1016 1680 ad
1037 1622 1257 1681 Hormisdam
1277 1638 1402 1693 aalma

319 1755 359 1803 Ah
378 1757 479 1819 agenda
496 1771 550 1804 enan
568 1754 669 1819 Scythia
686 1755 814 1805 monachis
831 1771 917 1805 coram
939 1756 1060 1821 episcopo
1080 1756 1361 1821 Constantinopolitano
1376 1771 1441 1805 caasa
1451 1770 1484 1803 aaa

316 1855 345 1886 aa
368 1840 464 1889 minime
487 1840 627 1889 abhorrere
650 1836 685 1901 (n.
705 1840 739 1903 1).
786 1840 899 1890 Victoris
922 1841 1025 1889 diaconi
1051 1847 1077 1890 et
1097 1842 1240 1890 eorumdem
1264 1840 1406 1905 Scytharum
1424 1854 1485 1889 cmm

315 1925 452 1988 praedicto
470 1926 592 1988 episcopo
607 1932 682 1988 gesta
701 1922 735 1987 (n.
749 1922 790 1988 ‘le'
814 1924 982 1975 Nestorianac
999 1925 1032 1974 ah
1050 1927 1087 1974 eis
1106 1926 1383 1991 machinarumque
1394 1926 1485 1988 mnata

318 2009 547 2060 Calchedonemem
564 2012 717 2074 reincipiant.
736 2016 897 2074 quapropter
912 2011 968 2073 ipse
986 2010 1126 2059 Dioscurias
1140 2011 1218 2072 tidem
1234 2027 1305 2061 mam
1317 2010 1485 2075 exponitis-th

317 2095 469 2145 allaacntins
485 2112 514 2146 re
531 2095 645 2145 abbatem
666 2095 811 2151 venditans,
835 2110 867 2144 ne
889 2094 1034 2144 monachum
1056 2096 1155 2160 quidem
1181 2111 1209 2145 ae
1232 2111 1290 2146 esse
1309 2096 1416 2161 protare
1433 2098 1485 2145 ualet.

676 2179 784 2229 Achillia
800 2196 885 2243 praua
901 2180 1058 2230 conscientia
1075 2178 1112 2243 (a.
1125 2180 1161 2245 4).

370 2315 398 2377 1.
437 2312 499 2376 Per
520 2312 693 2398 Eulogium
720 2312 824 2376 virum
853 2311 1086 2399 carissimum¹)
1118 2312 1244 2377 litteras
1272 2312 1462 2378 beatitudinis
1476 2331 1511 2373 re

283 2419 369 2479 strae
396 2415 610 2498 suscepimus,
647 2415 682 2478 in
709 2414 823 2499 quibus
853 2413 1062 2497 significastis
1090 2413 1306 2480 intentionem
1328 2415 1512 2481 monachorum

283 2517 491 2601 Scytharum,
526 2520 559 2581 et
586 2515 741 2601 quomodo
768 2515 871 2579 visum
898 2514 997 2579 fuerit
1023 2515 1226 2600 aposiolahri·
1244 2522 1366 2601 restro,
1401 2518 1513 2603 episoopo

283 2619 641 2702 (Mastantinopolitano
665 2640 794 2682 causam
809 2617 968 2702 delegare,
991 2620 1028 2681 ut
1048 2619 1117 2702 ipse
1139 2619 1225 2683 inter
1247 2641 1302 2684 eos
1324 2620 1419 2705 etqui
1438 2619 1469 2682 ab
1482 2616 1513 2679 eis

281 2722 481 2806 impetuntur
503 2719 674 2807 audirer2).
719 2719 801 2783 Mihi
823 2720 949 2804 quidem
972 2742 1037 2785 non
1059 2720 1281 2806 displicuerat,
1306 2723 1380 2807 quia
1400 2722 1447 2785 ubi
1464 2740 1513 2783 cou-

282 2823 417 2887 scientia
441 2843 512 2887 cum
534 2821 595 2886 Dei
617 2821 775 2905 adjutorio
803 2821 892 2886 nulla
913 2822 1084 2887 formidine
1105 2826 1261 2907 terretur,
1296 2846 1317 2887 a
1343 2824 1427 2888 nullo
1448 2821 1513 2885 hta

281 2924 458 3008 declinare,
493 2925 591 2988 immo
619 2924 723 3009 magis
750 2924 921 3008 festinare,
956 2928 993 2988 ut
1019 2945 1077 3009 per
1104 2948 1239 2990 examen
1267 2926 1352 3011 quod
1373 2946 1466 2989 rerum
1481 2926 1513 2985 el

281 3027 428 3092 omnibus
449 3026 685 3091 manifestetur.

364 3130 395 3193 2.
430 3127 644 3213 Significastis
666 3128 745 3192 mihi
769 3129 810 3191 ab
832 3128 896 3192 illis
915 3129 1182 3194 contestationem
1197 3129 1319 3214 datam,
1342 3124 1514 3195 utnonmihi

281 3231 434 3295 haeretici
453 3231 678 3316 jungerentur.
724 3229 809 3306 Quos
830 3231 942 3295 dicunt
962 3230 1140 3297 haereticos
1162 3253 1223 3316 ego
1244 3232 1370 3317 ignom,
1394 3231 1449 3296 nisi
1465 3228 1514 3292 illa

280 3334 379 3417 forte,
404 3334 458 3418 qui
480 3333 636 3417 synodum
658 3332 953 3398 Calchedonensem
975 3335 1170 3418 suscipiunt,
1194 3356 1274 3418 quos
1297 3357 1357 3420 ego
1377 3330 1514 3398 catholiea

280 3436 361 3501 dico.
406 3435 519 3500 Victor
541 3435 693 3499 diaconus
723 3434 884 3521 dicitur3).
930 3434 1066 3511 Quidam
1089 3458 1160 3501 cum
1183 3436 1263 3521 isto,
1298 3441 1514 3521 antequanm

280 3537 593 3621 (nnsmntinopolim
622 3536 877 3622 ingrederemur,
913 3538 1097 3602 habuerunt
1117 3538 1332 3603 intentionem
1359 3539 1397 3602 de
1422 3557 1470 3601 uno
1490 3538 1515 3594 h

282 3645 432 3705 Trinitate
451 3647 600 3717 crucifixo
622 3643 655 3703 et
675 3640 714 3704 de
726 3644 844 3705 Christo
858 3647 1030 3721 composito,
1054 3644 1088 3703 et
1109 3641 1148 3705 de
1170 3640 1243 3705 aliis
1260 3640 1436 3739 capitulini)
1448 3634 1514 3701 uobis

278 3867 311 3914 98
346 3863 366 3930 ¹)
387 3862 429 3915 lta
446 3860 490 3915 (Ἡ.
527 3861 564 3914 nt
581 3860 624 3914 cd.
642 3866 721 3914 airam
737 3865 871 3919 sublimem.

345 3949 367 4013 ²)
385 3945 435 3999 lid.
455 3950 565 4003 audiret.
604 3944 734 3999 Subnexa
750 3945 877 4000 Dioscori
899 3947 987 4002 verba
1003 3947 1149 4002 manifeste
1172 3947 1317 4017 postulant
1334 3952 1441 4002 audirer.
1469 3940 1515 3996 Mox

278 4030 353 4084 (Μ’
372 4040 516 4085 terreretur
532 4047 584 4100 pro
603 4041 723 4084 terretur.

345 4117 365 4181 ³)
384 4115 418 4169 Η.
439 4132 462 4170 e.
481 4114 686 4171 haereticorum
703 4115 814 4170 illorum
832 4118 943 4172 nomine
960 4117 1103 4171 Victorem
1120 4118 1269 4171 diaconiam
1285 4118 1446 4187 intelligunt.

344 4203 365 4269 ⁴)
384 4200 419 4255 G¹
432 4202 459 4254 a¹
478 4207 596 4268 capitnh'a
614 4206 684 4256 nabis
701 4208 759 4255 hinc
775 4209 875 4271 positis.
911 4202 1041 4273 Capitula
1057 4203 1106 4257 illa
1124 4203 1200 4273 apud
1211 4203 1384 4257 Maxentium
1400 4196 1515 4255 domem

277 4284 516 4345 anathematismis
535 4284 723 4353 continentur,
746 4286 776 4340 in
799 4304 917 4355 quorum
939 4304 1013 4342 nono
1030 4288 1125 4357 legero
1143 4289 1199 4342 cst:
1222 4290 1253 4343 Si
1274 4295 1330 4358 qais
1347 4308 1396 4343 non
1411 4292 1517 4353 cantata

276 4377 436 4440 conpositum
449 4376 574 4425 Christum
591 4384 651 4440 past
669 4378 876 4439 incarnationem,
895 4378 1029 4428 anathema
1045 4380 1088 4428 sit.
1123 4372 1196 4438 Quid
1214 4388 1281 4427 vcro
1298 4380 1452 4444 compositu
1462 4374 1515 4423 Chi·

274 4468 339 4510 atram
362 4457 498 4522 dicerent,
520 4456 596 4510 idom
614 4457 769 4512 Maxentius
790 4458 969 4528 responsat
992 4459 1070 4529 epist.
1090 4458 1244 4525 Hormisd,
1267 4459 1317 4513 nbi
1338 4460 1369 4514 et
1383 4458 1516 4513 ninam

274 4542 459 4597 Nestorianac
477 4542 625 4596 haereseos
642 4543 780 4612 postulat,
803 4543 877 4599 circa
894 4542 1017 4597 modimn
1035 4542 1157 4613 explicat
1174 4543 1218 4598 his
1235 4543 1341 4599 verbis:
1364 4549 1397 4599 In
1416 4547 1452 4597 hh
1465 4552 1517 4593 tea·

274 4632 327 4680 hris
345 4633 402 4681 ideo
421 4634 595 4691 ‹lmoivnntar,
615 4634 675 4697 qnia
692 4649 743 4683 non
755 4635 838 4695 jacta
855 4636 1018 4698 compositam
1036 4634 1116 4684 Deam
1134 4634 1245 4683 Vcrhnm
1262 4641 1289 4685 et
1305 4635 1339 4684 ah
1357 4651 1388 4685 eo
1402 4636 1517 4695 ampl*

275 4723 391 4767 naturam
407 4718 538 4769 haitanam
559 4735 633 4768 tiniam
655 4720 795 4783 intelligant
814 4720 953 4773 Christum:
974 4721 1023 4769 sea
1038 4720 1123 4783 juxta
1139 4720 1248 4769 allerias
1268 4722 1294 4770 in
1311 4724 1395 4770 aliero
1410 4715 1517 4767 maiano

275 4819 341 4859 nem,
364 4805 429 4853 sirint
445 4807 564 4869 superins
582 4807 720 4863 darnimns,
743 4806 795 4854 aine
812 4807 947 4854 secandam
970 4806 1075 4853 (inarum
1092 4820 1260 4869 personamus
1277 4807 1396 4855 aornim
1411 4804 1518 4853 nium

271 4903 322 4952 per
343 4891 463 4953 photiani,
493 4908 566 4939 terrina
587 4906 724 4954 porsonam
747 4890 871 4940 Christian
894 4890 1042 4955 intelligunt.
1089 4884 1144 4940 Sctl
1167 4886 1233 4941 dnm
1257 4886 1397 4941 christum
1418 4882 1518 4939 audini!
