3450 5678
648 346 843 398 aristonis
867 336 1057 396 125-127.
1424 333 1488 399 939

217 501 362 587 sanitati,
386 501 470 568 sicut
491 503 589 568 semel
610 503 867 588 promiseramus,
891 502 1002 567 statim
1015 502 1107 568 illum
1121 502 1162 567 ad
1175 506 1265 568 tuam
1279 503 1486 569 sanctitatem
1499 530 1524 569 a.
1534 519 1593 570 tao.

218 604 484 672 transmittemus.
516 604 677 690 Superest,
701 609 738 670 ut
759 605 942 670 sanctitudo
956 608 1013 670 tua
1028 605 1172 671 divinum
1186 605 1279 670 nobis
1293 606 1488 691 praesidium

216 707 417 774 orationibus
439 708 504 772 suis
530 708 682 793 dignetur
709 707 883 791 acquirere.
927 706 1014 772 Data
1041 707 1143 792 pridie
1165 706 1323 775 (lelandus
1345 707 1488 793 Septem-

216 810 284 877 bris
300 809 590 894 Constantinopoli.
628 810 773 895 Accepta
787 809 909 874 Romae
925 809 1075 876 Calendis
1088 809 1247 895 Octobris,
1270 808 1405 877 Rustico
1419 813 1487 877 viro

217 911 395 979 clarissimo
418 911 556 978 consule.

712 1114 895 1220 Epistola
921 1116 986 1201 127

828 1267 878 1307 seu

250 1365 454 1433 Exemplum
475 1363 637 1432 epistolae
658 1362 849 1420 «Iustiniani
868 1363 933 1420 viri
954 1363 1136 1421 clarissimi
1157 1365 1201 1422 ad
1222 1364 1449 1423 Hormisdam.
1500 1333 1638 1472 (Jiffssgffi'

170 1487 206 1536 ²⁰·
252 1497 363 1548 Enmius
380 1500 468 1561 rapat,
488 1502 514 1545 ut
532 1495 673 1545 Hormisda
690 1510 739 1559 pro
757 1496 920 1546 ecclesiarum
938 1496 1076 1547 concordia
1094 1510 1172 1562 usque
1194 1495 1306 1556 lateret,
1325 1503 1401 1563 atque
1420 1500 1456 1548 ad

251 1583 302 1633 duo
320 1582 375 1641 illa,
399 1582 431 1631 de
449 1579 538 1646 quibus
556 1582 707 1630 etiamtunc
725 1580 973 1638 controvertetatur,
996 1581 1120 1646 integrum
1140 1586 1168 1631 ct
1188 1581 1355 1646 indubitatam
1378 1583 1455 1633 desti-

604 1685 608 1692 ·
651 1679 715 1714 nare
731 1679 879 1729 responsam
897 1681 928 1715 ne
946 1665 1061 1730 differat.

370 1798 535 1864 Domino
567 1795 802 1863 beatissimo
838 1801 956 1884 atque
992 1797 1215 1883 apostolico
1251 1799 1358 1884 patri
1391 1799 1488 1866 Hor-

462 1900 610 1965 misdae
631 1920 759 1985 papae
779 1899 890 1965 urbis
912 1899 1055 1965 Romae
1079 1900 1100 1965 J
1107 1900 1350 1968 ustinianus.

302 2019 432 2098 Quanta
453 2019 633 2084 reverentia
655 2021 794 2084 vestram
815 2019 1047 2090 beatitudinem
1069 2040 1265 2104 veneremur,
1292 2021 1402 2088 multis
1424 2024 1489 2108 epi-

216 2123 325 2206 stolis,
354 2145 393 2187 er
415 2144 477 2209 quo
499 2122 721 2187 serenissimus
742 2122 917 2206 imperator
938 2121 1023 2187 filius
1045 2125 1150 2188 vester
1175 2123 1342 2210 regnavit,
1373 2147 1489 2211 cogno-

216 2227 318 2293 scitis.
362 2225 403 2290 In
429 2225 592 2310 praesenti
615 2247 739 2311 quoque
761 2224 868 2290 debito
899 2224 1019 2309 pudere
1047 2225 1225 2290 salutantes
1252 2229 1342 2293 tuam
1371 2229 1490 2294 sancti-

215 2331 335 2412 tatem,
368 2327 566 2412 postulsmus
589 2327 730 2413 enixius,
763 2331 800 2392 ut
828 2327 962 2392 assiduis
990 2326 1137 2411 precibus
1165 2331 1198 2393 et
1222 2328 1490 2415 frequentissimis

216 2429 416 2497 orationibus
452 2452 510 2514 pro
548 2430 717 2496 concordia
752 2431 905 2496 laboretis
942 2429 1147 2495 ecclesiarum
1156 2431 1180 2516 ¹)
1223 2433 1487 2518 venerandarum,

216 2533 382 2617 nobisque,
406 2531 491 2597 sicut
511 2554 569 2617 per
591 2533 716 2618 legatos
739 2533 836 2598 etiam
851 2536 973 2598 vestros
991 2536 1066 2618 pest
1080 2532 1188 2597 omnia
1203 2533 1398 2619 scripsimus,
1421 2539 1490 2601 tam
1503 2547 1546 2599 ep.
1559 2536 1607 2624 3²⁰

216 2636 255 2701 de
277 2655 440 2718 sermone,
471 2635 510 2699 de
532 2657 594 2721 quo
616 2635 752 2700 vertitur
775 2634 1006 2718 controversia,
1036 2657 1132 2720 quam
1154 2635 1193 2700 de
1215 2636 1398 2702 nominibus
1424 2639 1488 2723 epi·
1524 2609 1585 2655 ue.

216 2758 384 2822 scoparum
406 2737 465 2802 sub
473 2737 499 2823 ²)
522 2737 642 2802 Acacio
665 2737 890 2803 defunctorum
911 2759 969 2823 per
990 2736 1163 2823 Eulogium
1188 2737 1292 2802 virum
1321 2738 1489 2805 sublimem

215 2839 382 2904 tribunum
403 2842 437 2904 et
457 2839 619 2904 notarium
640 2840 792 2925 dignetur
814 2840 1011 2925 apostolatus
1039 2843 1145 2905 vester
1171 2840 1335 2926 integrum
1362 2841 1488 2908 indubi-

215 2944 383 3027 tatumque
404 2940 566 3005 destinare
588 2963 786 3027 responsum,
810 2943 958 3008 omnibus
980 2941 1138 3025 videlicet,
1163 2965 1243 3028 quae
1265 2943 1488 3027 praesentibus

216 3043 335 3130 legatis
358 3044 472 3108 vestris
494 3044 643 3108 ordinata
664 3048 756 3128 sunt,
785 3046 820 3109 in
841 3032 996 3130 perpetuo
1017 3044 1152 3109 firmiter
1180 3045 1385 3130 duraturis3).
1428 3045 1489 3111 Vir

215 3167 354 3231 namque
381 3145 549 3230 religiosus
576 3145 742 3211 Johannes
776 3148 958 3232 episcopus,
991 3146 1045 3232 qui
1077 3150 1231 3211 venturus
1264 3151 1314 3212 est
1339 3147 1486 3233 Romam,

216 3249 379 3313 detinetur
401 3247 604 3333 aegritudine
620 3248 787 3332 corporali.
817 3247 909 3314 Nihil
924 3249 1010 3314 enim
1024 3248 1174 3334 prohibet
1189 3251 1265 3314 ante
1281 3248 1348 3333 ejus
1363 3272 1487 3335 quoque

216 3351 391 3417 adventum
414 3351 617 3415 concordiam
639 3350 824 3435 provenire,
854 3352 980 3416 sublata
1002 3350 1202 3416 dubitatione
1229 3350 1411 3437 religionis,
1441 3354 1489 3440 (et

216 3476 289 3519 eum
310 3456 420 3518 tamen
442 3474 516 3517 mox
539 3453 735 3518 dimittemus
756 3454 886 3519 favente
901 3453 1091 3537 Divinitate,
1116 3452 1277 3538 quiajam
1296 3454 1410 3519 melius
1431 3454 1487 3520 ha-

215 3555 301 3641 bet),
331 3555 482 3640 quoniam
503 3578 565 3621 nec
587 3555 731 3620 difficilia
753 3559 830 3619 sunt
851 3578 931 3641 quae
958 3555 1141 3621 ceciderunt
1167 3554 1202 3619 in
1230 3555 1485 3641 ambiguitatem,

215 3678 277 3722 nec
302 3657 431 3741 expedit
457 3657 576 3722 diutius
606 3679 734 3722 causam
761 3659 846 3722 vitae
873 3657 1018 3742 protrahi
1045 3656 1274 3742 sempiternae,
1309 3680 1351 3723 ne
1380 3658 1487 3724 diletis

215 3759 412 3844 temporibus
435 3758 553 3843 aliquid
575 3769 729 3825 nascatur
753 3760 917 3826 incertius.
962 3759 1174 3825 Aeternitatis
1201 3759 1303 3844 igitur
1329 3782 1487 3845 supernae

216 3861 437 3946 tremendique
456 3861 570 3945 judicii
591 3884 657 3928 nen
681 3861 862 3946 immemor,
891 3863 1047 3928 sanctitas
1069 3866 1191 3945 vestra,
1215 3862 1379 3946 quaesibi
1404 3885 1487 3928 com-

214 3963 314 4029 missa
335 3967 426 4048 sunt,
456 3963 619 4029 efficaciae
641 3965 725 4029 tradi
750 3966 954 4050 deproperet,
983 3969 1020 4030 ut
1047 3964 1236 4049 intelligant
1264 3965 1373 4049 cuncti
1399 3970 1486 4032 recte

217 4134 520 4147 ...fl—h—

216 4245 265 4295 127
299 4239 368 4294 bcc
385 4243 548 4294 ecclesiarum
565 4247 721 4292 vestrarum:
737 4237 875 4293 renitente
890 4237 933 4292 θ’.
971 4237 1026 4292 Sed
1044 4239 1074 4293 et
1090 4235 1249 4300 Justiniano
1262 4236 1416 4291 aoJustino
1434 4238 1486 4292 sol-

214 4325 306 4380 lemne
325 4325 378 4392 est,
397 4325 450 4379 hoc
468 4322 592 4392 epitheto
612 4322 742 4378 ecclesias
761 4339 908 4390 exornare,
926 4326 958 4377 ut
976 4339 1022 4378 aas
1039 4323 1084 4378 vel
1101 4328 1261 4377 sesamam
1274 4321 1319 4376 vel
1330 4327 1486 4378 venerabiles

214 4410 390 4481 praedicent,
413 4411 445 4464 ut
465 4407 559 4463 videre
582 4409 625 4463 est
646 4407 726 4477 epist.
749 4414 797 4463 115
819 4426 846 4462 n.
866 4416 894 4476 2,
912 4406 991 4478 epist.
1012 4414 1074 4474 llo,
1097 4407 1178 4478 epist.
1200 4414 1248 4461 120
1265 4413 1328 4462 nt
1351 4409 1381 4461 et
1403 4407 1484 4478 epist.

217 4502 268 4551 129
284 4514 312 4549 n.
331 4502 355 4550 4.

255 4609 258 4618 ·
282 4583 304 4650 ²)
322 4580 355 4635 H.
375 4597 399 4635 e.
419 4578 493 4647 quod
510 4578 585 4633 idem
602 4578 775 4633 Justinianus
794 4578 873 4649 epist.
895 4586 943 4634 120
961 4586 1017 4634 nt
1035 4578 1077 4634 ait
1094 4586 1270 4649 episcoporum
1286 4590 1348 4647 post
1364 4583 1486 4632 Acacium

215 4669 399 4733 defunctorum.

281 4751 304 4818 ⁸)
322 4750 383 4805 Hoc
400 4750 455 4817 est,
474 4751 505 4803 ut
521 4749 550 4802 in
567 4767 647 4804 sacra
664 4749 798 4820 diptycha
815 4768 957 4818 nunquam
975 4754 1139 4806 revocentur
1155 4749 1303 4815 Timothei,
1322 4747 1492 4814 Macedonii,=

214 4833 362 4905 Euphemii
380 4835 553 4904 aliorumque
571 4834 697 4900 nomina,
719 4852 790 4903 quae
813 4852 847 4888 ex
868 4836 902 4890 iis
925 4837 976 4891 sub
1000 4837 1174 4906 temporibus
1195 4834 1331 4890 iohannis
1354 4832 1486 4890 Constan-

214 4919 333 4993 tinopoli
351 4922 490 4991 oxpuncta
507 4923 585 4988 suut,
604 4920 645 4974 uti
662 4920 788 4974 Justinus
805 4921 885 4991 epist.
906 4928 954 4976 116
972 4920 1105 4977 declarat.
