3412 5664
336 301 399 366 860
775 315 802 363 s.
818 313 1026 363 noamsoan
1050 313 1164 361 aaran

207 481 323 550 (atio.)
336 472 457 556 palatio
480 469 728 555 consuscepit¹⁰)
752 491 771 532 a
792 468 885 533 nobis
906 468 1063 552 libellum,
1103 472 1137 533 et
1163 469 1321 553 imprimis
1349 470 1435 554 quasi
1457 473 1560 538 habnt

336 574 505 658 epistolam
526 573 633 656 potius
655 573 762 636 facere
789 594 883 656 quam
911 571 1065 636 libellum.
1111 570 1174 636 Sed
1195 592 1262 635 non
1285 575 1359 657 post
1380 571 1471 636 multa
1489 578 1560 639 certa·

335 678 423 740 mina
446 675 505 740 hoc
529 675 694 757 convenit,
718 674 914 758 prooemium
936 674 1095 738 modicum
1115 674 1234 756 facere,
1259 676 1293 738 et
1315 674 1561 761 subjungeremus

335 779 493 861 libellum,
528 778 793 862 quemadmodum
819 780 926 841 vestra
954 775 1119 841 beatitudo
1147 776 1293 841 dictavit.
1345 774 1562 863 Subscriptoab

336 881 445 946 codem
472 881 560 944 faeta
593 883 641 945 est
672 880 781 944 libello
815 880 1023 962 conveniens,
1045 879 1210 944 'similiter
1243 881 1276 943 et
1307 879 1474 964 damnum,
1500 882 1563 966 cnjus

226 1010 270 1062 ep.
281 999 321 1048 61.
336 983 529 1067 exemplaria
551 988 584 1046 et
603 984 765 1068 graece¹¹)
789 986 821 1047 et
841 983 942 1047 latine
966 982 1158 1067 apostolatui
1182 983 1289 1046 vestro
1309 981 1484 1046 direximus.
1509 982 1564 1048 Post

334 1087 457 1150 sactum
478 1085 621 1149 libellum
642 1107 758 1150 nomen
775 1085 887 1149 Aeacii
910 1086 948 1150 de
971 1084 1133 1169 diptychis
1156 1086 1205 1149 est
1223 1083 1365 1148 deletum
1371 1134 1380 1166 ,
1404 1083 1564 1151 similileret

335 1188 488 1270 llavitae,
512 1186 698 1271 Euphemii‚
723 1187 903 1251 Macedonii
927 1190 959 1251 et
973 1185 1198 1273 Timothei¹²):
1222 1190 1255 1250 et
1276 1208 1343 1250 non
1365 1186 1463 1250 solum
1480 1184 1564 1253 boch

334 1291 404 1374 ipsa
427 1291 495 1354 sola
517 1289 667 1371 ecclesia,
690 1289 725 1353 in
747 1312 810 1373 qua
832 1289 999 1373 episcopus
1021 1292 1147 1372 manet,
1171 1289 1401 1353 verumetiam
1421 1311 1565 1373 perennes

335 1393 485 1457 ecelesias
518 1414 589 1456 cum
626 1391 741 1475 grandi
779 1391 948 1476 diligentia
980 1389 1048 1455 Deo
1085 1391 1229 1475 adjutore
1267 1392 1465 1476 suggerimus
1494 1392 1565 1456 fuiss

334 1494 467 1558 factum.
503 1493 658 1559 Similiter
680 1493 784 1557 deleta
807 1496 883 1557 sunt
905 1493 944 1557 de
966 1493 1127 1578 diptychis
1150 1493 1289 1558 Zenonis
1312 1495 1346 1558 et
1361 1493 1512 1558 Anastasii
1528 1517 1566 1559 uo

333 1597 432 1660 mina.
470 1596 621 1680 Episcopi
644 1596 840 1660 diversarum
862 1596 1044 1679 civitatum,
1069 1597 1182 1680 quanti
1204 1595 1331 1660 inventi
1346 1600 1437 1679 sunt,
1458 1595 1566 1661 libellum

333 1699 481 1764 similiter
502 1697 702 1762 obtulerunt:
726 1701 759 1762 et
781 1720 853 1762 cum
875 1698 992 1783 grandi
1015 1697 1141 1762 cautela
1171 1697 1375 1783 suggerimus
1398 1698 1565 1780 custoditum,

333 1824 374 1865 ne
401 1801 473 1886 quis
498 1800 666 1865 nobiscum
695 1801 945 1865 communicaret
972 1800 1157 1885 episcopus,
1194 1800 1249 1885 qni
1277 1799 1422 1864 libellum
1452 1800 1566 1885 primitus

333 1925 399 1968 non
421 1902 569 1966 dedisset.
613 1902 688 1967 Pari
710 1902 804 1967 modo
826 1906 859 1967 et
880 1924 990 1967 omnes
1013 1901 1284 1967 archimandritae
1305 1901 1460 1967 fecenmt.
1496 1901 1565 1985 Apud

333 2027 411 2090 quos
434 2003 702 2070 archimandritas
725 2009 758 2069 et
780 2004 957 2069 certamina
978 2026 1037 2068 nos
1058 2004 1209 2068 habuisse
1225 2005 1443 2089 suggerimus,
1464 2003 1565 2068 deeuti·

333 2109 392 2171 bus
418 2107 500 2171 illis:
528 2111 667 2188 Sufficit,
695 2115 768 2185 quio
798 2113 1044 2187 archiepiscopos
1071 2118 1171 2171 noster
1194 2111 1290 2183 fecit·
1323 2128 1378 2171 nos
1397 2111 1503 2186 [actuo
1519 2114 1566 2186 eja

332 2217 496 2288 sequimur.
533 2208 616 2284 Quid
639 2209 799 2293 amplius?
830 2208 910 2273 Post
930 2207 1032 2272 multa
1054 2207 1231 2272 certamina
1253 2208 1316 2292 ipsi
1339 2230 1459 2294 quoqne
1471 2210 1565 2273 ratione

334 2311 472 2376 convicti
493 2310 619 2376 libellos
641 2311 742 2376 modis
765 2311 912 2376 omnibus
934 2310 1129 2376 obtulerunt.

417 2414 447 2478 5.
486 2413 564 2478 Post
584 2413 664 2479 haec
687 2414 795 2478 omnis
816 2412 884 2477 Deo
909 2413 1045 2496 juvante
1071 2411 1154 2497 in¹³)
1184 2412 1353 2478 ecclesiam
1374 2398 1565 2498 processimus:

333 2519 366 2580 et
386 2516 494 2600 qualia
516 2515 635 2600 gaudia
661 2516 749 2580 fecta
777 2516 843 2580 sint
869 2514 1021 2596 unitatis,
1050 2516 1083 2578 et
1110 2515 1377 2598 quemadmodum
1398 2515 1478 2581 Dens
1496 2515 1565 2579 bene

333 2619 437 2683 dictus
459 2619 517 2701 sit,
541 2639 622 2702 quae
644 2619 753 2683 laudes
775 2640 898 2703 quoquc
921 2617 1014 2680 beato
1029 2615 1125 2680 Petro
1148 2616 1293 2700 apostolo
1316 2621 1350 2682 et
1371 2618 1456 2682 vobis
1475 2617 1565 2681 relatae

332 2724 425 2803 sunt,
458 2720 559 2804 ipsius
588 2721 723 2784 actionis
758 2719 1013 2785 consideratione
1045 2718 1243 2803 perspicitiS,
1277 2719 1362 2804 quod
1390 2742 1458 2784 mea
1481 2718 1564 2803 lingua

333 2846 398 2888 non
420 2822 506 2886 valet
528 2822 697 2906 explicare.
742 2822 832 2887 Nihil
856 2825 906 2886 est
927 2821 1131 2886 subsecutum
1165 2821 1341 2886 secundum
1363 2825 1436 2886 vota
1455 2820 1564 2885 inimice

331 2946 402 2989 rum
409 2974 417 3007 ‚
441 2946 508 2988 non
530 2925 655 3007 sediti0,
679 2947 745 2989 non
767 2924 878 2988 effusio
901 2922 1085 3008 sanguinis,
1108 2945 1175 2987 non
1197 2922 1373 3007 tumultus,
1396 2923 1472 3009 quod
1492 2920 1562 2986 veluti

331 3028 489 3091 terrentes
511 3026 633 3091 inimici
658 3029 753 3090 antea
775 3026 1013 3110 praedicebant.
1058 3024 1125 3109 lpsi
1147 3046 1273 3111 quoque
1296 3024 1494 3090 ecclesiastici
1506 3023 1562 3090 ton·

287 3127 291 3134 ’
314 3128 614 3212 'stantinopolitani
635 3129 832 3193 admirantes
861 3132 894 3192 et
916 3128 984 3192 Deo
1012 3127 1135 3212 gratias
1163 3127 1340 3192 referentes
1362 3128 1481 3211 dicunt,
1506 3147 1561 3190 nuo·

331 3253 428 3316 quam
450 3252 484 3294 se
505 3230 688 3295 meminisse
710 3230 853 3316 nullis¹⁸)
876 3229 1073 3314 temporibus
1094 3231 1221 3294 tantam
1235 3229 1347 3315 populi
1362 3229 1559 3296 multitudinem

332 3334 592 3398 communicasse.

415 3437 445 3500 6.
483 3435 544 3500 His
567 3436 748 3520 adimpletis
771 3436 868 3500 ctiam
891 3434 1157 3499 clementissimus
1179 3435 1356 3519 imperator
1377 3435 1417 3500 ad
1430 3429 1557 3499 banad-

224 3567 318 3630 opos.
332 3561 406 3603 nem
430 3542 567 3603 vestram
589 3560 647 3602 sua
668 3539 789 3622 scripta
811 3537 992 3621 subjunxit,
1026 3537 1172 3602 ordinem
1192 3537 1238 3601 rei
1267 3541 1379 3622 gestae
1400 3536 1555 3623 significa

401 3778 430 3843 ¹⁰)
449 3776 467 3829 b
486 3792 526 3830 cc
546 3781 665 3845 sriscepit.
706 3775 740 3831 G¹
765 3796 818 3829 cum
839 3781 963 3844 sroscepil,
986 3791 1058 3843 quae
1080 3773 1163 3830 lectio
1186 3777 1328 3845 expuncta
1350 3774 1447 3831 deinde
1466 3769 1559 3844 proxim

330 3859 469 3930 particula
487 3872 524 3926 et,
543 3878 598 3915 uon
617 3860 788 3931 displiceret3
806 3861 860 3915 nisi
876 3861 950 3915 sorte
968 3866 1127 3928 mosrrscepr't
1144 3859 1309 3929 legendum,
1327 3860 1404 3930 quod
1420 3856 1573 3915 comanus-

399 3947 429 4013 ¹¹)
448 3946 567 4000 Exstant
585 3947 693 4000 tantum
711 3946 804 4012 latine,
824 3948 852 4002 et
870 3962 904 4000 cx
921 3944 977 4000 alia
995 3944 1107 4014 quidem
1125 3943 1359 4014 interpretatione
1377 3945 1413 4000 ab
1429 3961 1467 4010 ea,
1482 3955 1532 4013 qm
1543 3952 1587 3987 ²-

330 4030 462 4085 Dioscoro
480 4029 566 4084 missa
582 4032 685 4098 lucrat,
703 4037 735 4086 ut
751 4031 780 4084 in
798 4032 887 4101 ipsam
905 4030 1039 4085 Johanois
1058 4029 1204 4099 epistolam
1222 4035 1253 4082 ol
1274 4029 1427 4086 observavi

399 4116 429 4184 ¹²)
448 4114 592 4183 Quotquot
613 4116 742 4171 nimirum
760 4115 862 4171 Acacio
883 4115 913 4170 in
935 4115 999 4170 sede
1018 4112 1328 4185 Constantinopolitano
1345 4116 1424 4171 extra
1439 4113 1500 4170 seda
1512 4121 1605 4177 ¹12*-

330 4200 444 4255 stolicae
463 4200 683 4256 communionem
701 4203 897 4257 successerant.

399 4289 429 4356 ¹³)
449 4288 475 4342 α’
495 4292 520 4340 is
538 4293 653 4344 ecclesio.
688 4287 756 4341 Post
773 4287 860 4342 verba
877 4287 971 4341 autem
989 4293 1014 4340 in
1032 4291 1161 4341 ecclesiam
1175 4291 1349 4354 processimus
1366 4281 1605 4341 subaudias-⁵·

328 4393 413 4426 aarum
429 4377 558 4428 sollemnia
576 4376 741 4436 celebraturi,
759 4371 862 4427 usitato
881 4372 938 4426 scil.
958 4373 1025 4426 tunc
1041 4371 1174 4442 loquendi
1191 4386 1283 4436 more,
1302 4386 1359 4440 quo
1370 4361 1605 4426 mirumst?

328 4457 420 4512 hratio
438 4457 556 4529 simplici
571 4463 744 4526 processionis
761 4457 872 4512 nomine
890 4456 1031 4527 designari
1049 4457 1164 4512 solebat.
1184 4456 1274 4512 ¹Hinc
1291 4457 1454 4527 intelligitur
1469 4454 1605 4517 aas*

328 4541 485 4611 subjicitur:
505 4551 577 4599 asellis
594 4547 748 4612 temporibus
766 4556 860 4598 tantam
876 4550 966 4612 populi
982 4548 1160 4597 salsitudinem
1176 4549 1386 4610 communicasse,
1404 4542 1463 4596 he.
1480 4537 1603 4592 W

329 4626 429 4681 Christi
447 4644 546 4698 corpus
563 4627 592 4682 in
611 4628 810 4684 communionis
824 4627 959 4684 indicium
976 4628 1141 4699 percepisse.

396 4715 427 4781 ¹⁴)
444 4714 606 4783 Legendum
629 4732 691 4769 cum
708 4715 775 4769 bec
793 4721 860 4778 sellis,
884 4715 936 4769 nisi
957 4716 1031 4770 forto
1048 4714 1196 4769 Dioscorus
1215 4713 1386 4769 Graecorum
1407 4700 1582 4767 taamffl

328 4798 462 4865 referens,
481 4817 611 4868 graecam
631 4800 716 4855 etiam
733 4800 880 4856 retinuerit
896 4801 1032 4870 phrasim,
1053 4817 1109 4869 qua
1126 4799 1229 4870 duplex
1246 4797 1363 4869 negatio
1374 4784 1568 4868 majorem&

328 4882 422 4937 mandi
439 4883 495 4938 vim
513 4885 628 4941 obtinet.
