3412 5664
661 317 855 366 sersuouau
881 308 930 366 16.
957 309 1006 365 17.
1406 306 1467 370 775

208 471 298 536 totius
327 471 403 536 boni
435 492 531 535 causa
559 471 594 535 in
621 492 760 555 superna
789 469 1027 555 dispensatione
1055 471 1238 536 consistere.
1295 472 1394 557 cujus
1422 475 1468 539 rei
1482 483 1597 551 (11516.)

207 572 369 638 scientiam
390 572 523 656 habens,
547 573 648 637 frater
671 571 844 655 carissime,
869 561 1106 657 beneficiorum,
1131 595 1211 658 quae
1234 573 1338 639 aDeo
1359 579 1469 640 nostro

206 676 390 740 consecutus
418 697 467 758 es,
490 675 640 760 religioso
664 674 770 739 animo
792 674 932 760 gratiam
955 675 1132 757 confiteris3
1165 675 1242 741 licet
1263 677 1323 741 hoc
1345 698 1468 762 quoque

203 775 238 841 de
259 776 370 841 eodem
393 776 581 843 clementiae
603 777 693 841 fonte
715 776 891 859 descendit,
915 779 952 840 ut
974 798 1008 840 se
1031 778 1153 842 auctori
1169 799 1225 842 suo
1240 777 1382 843 humana
1396 779 1468 845 sub·

201 878 307 943 mittet
329 877 504 943 humilitas.
529 879 587 943 Ait
609 879 709 943 enim:
732 877 832 958 Supe'r
853 900 939 958 quem
960 885 1121 958 requiescit
1141 885 1268 959 spiritus
1288 902 1379 959 mem,
1408 888 1471 946 nisi

200 1002 291 1062 super
311 987 450 1048 humilem
472 992 501 1044 et
522 987 654 1061 quietum
675 993 704 1047 et
726 992 897 1046 trementem
919 1001 1071 1046 sermones
1092 988 1195 1046 meos?

281 1082 313 1147 2.
350 1082 390 1148 In
412 1082 462 1147 his
485 1104 572 1169 ergo,
593 1083 627 1147 in
650 1083 766 1168 quibus
788 1082 969 1165 hujusmodi
992 1081 1148 1167 probariS,
1172 1083 1289 1148 clarius
1311 1083 1468 1149 elucescet

200 1184 270 1249 aliis
292 1185 389 1251 etiam
412 1185 540 1250 virtutis
562 1184 658 1270 hujus
679 1185 824 1249 futurum
846 1185 1042 1270 exemplum,
1075 1184 1202 1269 quando
1225 1185 1264 1250 ud
1286 1184 1347 1250 hoc
1370 1186 1466 1250 etium

199 1285 265 1352 Deo
287 1286 477 1352 instituente
504 1287 676 1371 perductus
704 1309 753 1370 es,
785 1291 822 1351 ut
843 1289 876 1351 et
896 1287 966 1374 in¹)
995 1290 1028 1352 te
1056 1286 1285 1352 catholicorum
1311 1287 1466 1373 glorietur

199 1388 354 1455 Ecclesia.
389 1388 474 1454 Nam
496 1389 580 1454 sicut
601 1388 717 1454 divinis
739 1388 933 1454 testimoniis
955 1389 1097 1454 eruditus
1120 1391 1154 1453 et
1170 1389 1265 1472 juxta
1286 1390 1466 1474 apostolum

199 1512 360 1556 sacrarum
381 1491 562 1556 litterarum
584 1491 788 1556 institutione
809 1490 981 1574 formatus,
1005 1490 1066 1555 hoc
1088 1491 1265 1575 auspicium
1286 1495 1361 1556 tuse
1383 1492 1465 1556 ordi-

199 1593 338 1659 nationis
360 1592 498 1678 edidisti,
522 1597 559 1659 ut
581 1593 731 1658 adversus
754 1592 918 1658 deviantes
942 1615 1013 1658 cum
1029 1592 1112 1658 sedis
1128 1593 1322 1678 apostolicae
1337 1597 1465 1659 senten·

198 1695 249 1760 tiis
272 1696 470 1761 convenires
515 1694 627 1781 Neque
650 1695 737 1760 enim
758 1696 954 1761 remunerari
983 1695 1078 1759 aliter
1105 1698 1270 1760 tantorum
1296 1696 1464 1762 beneficio·

198 1819 265 1861 rum
286 1801 415 1882 poteras
437 1797 634 1884 largitorem,
658 1797 720 1862 nisi
744 1798 893 1863 adversus
915 1797 1062 1862 inimicos
1083 1797 1152 1882 ejus
1167 1797 1347 1862 evidentem
1362 1797 1464 1863 zelum

198 1900 390 1984 spostolicae
413 1900 622 1964 confessionis
644 1899 837 1965 ostenderes.
871 1898 993 1964 Notum
1015 1904 1064 1964 est
1085 1900 1181 1983 enim,
1206 1921 1258 1964 eos
1281 1902 1371 1964 extra
1392 1900 1463 1965 reli-

197 2003 286 2086 giosa
307 2005 400 2087 septa
423 2002 612 2084 consistere,
645 2002 700 2085 qui
728 2006 762 2066 et
787 2001 850 2087 ipsi
877 2001 1070 2086 profitentur
1098 2001 1360 2085 conscientiam²l
1389 2001 1462 2066 fidei

197 2103 360 2189 fiduciam
390 2107 485 2189 atque
507 2103 578 2168 ideo
601 2107 633 2168 et
654 2103 855 2177 infructuosa
877 2108 927 2169 est
948 2104 1034 2189 apud
1057 2125 1110 2169 eos
1132 2103 1277 2188 quamvis
1297 2125 1369 2168 cum
1390 2104 1462 2169 reli·

196 2205 291 2291 glosis
315 2227 457 2292 congrua
482 2209 614 2271 sanctae
642 2205 873 2271 communionis
902 2206 1096 2291 aequalitas,
1127 2205 1201 2290 quia
1228 2204 1339 2290 procul
1366 2204 1462 2270 dubio

196 2309 246 2392 qui
269 2328 308 2372 ea
329 2329 425 2392 quam
447 2308 564 2373 meruit
586 2308 734 2372 libertate
749 2329 816 2372 non
837 2308 956 2391 utitur,
980 2307 1160 2392 subjectum
1182 2328 1216 2371 se
1237 2306 1462 2391 iniquitatibus

196 2410 373 2474 confitetur.
408 2409 490 2486 Quid
512 2410 685 2496 gloriemur
707 2410 757 2474 bis
779 2432 858 2494 quas
880 2432 947 2474 non
962 2410 1123 2495 sequimur
1138 2407 1341 2494 disciplinis?
1357 2407 1461 2474 'Falso

195 2511 335 2597 appellat
366 2512 574 2598 magistrum,
612 2512 665 2597 qui
699 2532 733 2577 se
761 2511 1019 2577 institutionibus
1048 2511 1117 2594 ejus
1150 2533 1216 2576 non
1249 2511 1364 2595 probat
1392 2533 1459 2576 esse

195 2614 396 2699 discipulum.

275 2718 307 2783 3.
345 2717 408 2785 Sed
429 2716 504 2801 quia
526 2716 618 2780 nobis
641 2739 728 2781 nunc
751 2716 858 2780 omnia
885 2716 920 2780 in
943 2710 1143 2781 confessione
1171 2714 1289 2780 similia
1311 2718 1344 2779 et
1366 2715 1458 2780 liber·

193 2819 268 2884 tatis
300 2817 449 2903 propriae
482 2818 699 2903 resumpsistis
727 2818 893 2902 affectum3
929 2820 1084 2902 paternae
1116 2838 1224 2881 rursus
1251 2816 1458 2882 haereditatis

193 2922 358 3005 cupientes
380 2943 448 2985 csse
472 2924 645 3004 consortes,
675 2920 906 3005 amplectimini
928 2920 1067 3005 gratiam
1090 2919 1272 2983 traditionis
1295 2919 1456 3004 antiquae,

192 3027 222 3087 et
250 3023 285 3087 iu
314 3022 399 3086 illius
426 3022 607 3086 inconvulsi
634 3021 836 3086 fundamenti
869 3022 1046 3087 stabilitate
1079 3021 1256 3106 persistite,
1290 3042 1355 3084 non
1386 3044 1458 3085 cum

192 3124 387 3213 temporibus
410 3124 505 3188 corda
527 3128 690 3188 mutantes
713 3124 942 3207 (inconstantis
965 3124 1050 3188 enim
1073 3123 1271 3188 mutabilitas
1292 3122 1356 3187 ista
1376 3124 1458 3188 solet

192 3247 258 3290 esse
280 3225 452 3311 propositi,
482 3229 577 3309 utque
599 3225 671 3289 ideo
693 3226 774 3290 bene
801 3225 945 3290 fundatis
967 3229 1093 3309 oportet
1115 3225 1295 3307 inhaerere,
1331 3226 1457 3308 quando

191 3325 373 3413 hujusmodi
396 3326 502 3392 studia
524 3327 694 3391 clementia
716 3328 778 3392 scit
799 3326 906 3392 fovere
929 3327 1067 3412 divinu):
1097 3330 1133 3391 ut
1159 3325 1232 3390 fidei
1260 3328 1383 3390 vestrae
1405 3326 1457 3390 fir-

190 3431 286 3495 mitas
303 3429 391 3494 vobis
407 3429 446 3493 de
461 3428 606 3505 aliorum,
619 3429 721 3494 salute
742 3429 926 3518 fructificet,
950 3433 983 3493 et
1002 3429 1128 3494 fervore
1143 3428 1240 3494 vestri
1263 3427 1360 3493 studii
1382 3428 1456 3493 alio

190 3554 261 3597 rum
289 3554 412 3617 quoque
439 3532 566 3597 animus
594 3532 634 3595 ad
662 3532 912 3616 resumptionem
940 3533 1095 3597 bonorum
1127 3553 1256 3596 suorum
1283 3531 1385 3614 possit
1406 3555 1456 3596 sc-

190 3634 283 3699 cendi
292 3636 482 3719 ,quatenus
504 3637 537 3698 et
559 3635 597 3698 de
619 3634 708 3698 vobis
729 3655 853 3719 quoque
874 3638 1006 3700 sanctus
1028 3633 1190 3718 apostolus
1212 3633 1329 3697 dixisse
1350 3634 1456 3699 creda·

189 3740 257 3800 tur:
281 3742 449 3801 Aemulatio
470 3747 571 3801 uestro
591 3742 768 3817 prouocauit
784 3742 940 3816 plurimos.

273 3838 304 3902 4.
342 3837 430 3923 Ergo
458 3836 666 3903 Nestoriit
634 3841 666 3902 et
692 3837 864 3923 Eutychet
854 3861 882 3903 rs
913 3838 1132 3923 impietatibus
1162 3838 1257 3921 juxta
1289 3787 1544 3921 synodaliail'

189 3939 310 4006 constit
311 3943 367 4004 uta
389 3940 531 4005 damnat'
506 3943 565 4022 tre,
590 3943 764 4005 sectatores
786 3962 910 4026 quoque
936 3963 1044 4006 eorum
1072 3940 1218 4005 similiter
1240 3942 1454 4023 exsecrantes,

189 4065 262 4107 cnm
284 4042 432 4106 exsultat
409 4045 496 4106 trone
518 4042 676 4107 diovunus:
707 4048 797 4107 Exite
823 4049 860 4106 de
887 4049 985 4109 medio
1012 4064 1115 4108 eorum
1141 4055 1170 4107 et
1196 4048 1397 4121 separamini,
1426 4035 1552 4105 etlfflvil·

1468 3720 1484 3767 2
1493 3712 1555 3768 Cor.

188 4150 370 4210 immundum
399 4167 437 4208 ne
464 4151 637 4223 reciperitis,
671 4150 745 4208 dicit
768 4150 920 4209 Dominus.
971 4142 1242 4220 Quemadmodum
1269 4143 1355 4207 enim
1383 4144 1454 4228 quis
1429 4110 1494 4157 ¹¹
1501 4110 1553 4170 ''43

188 4246 344 4311 malarum
360 4246 582 4310 inventionum
594 4246 805 4311 detestabitur
819 4246 992 4331 principes,
1010 4246 1038 4310 si
1053 4267 1118 4310 uon
1133 4244 1275 4310 declinat
1291 4266 1451 4330 sequaces,

197 4387 490 4396 —-··——.-.--..—

188 4457 217 4506 17
255 4451 275 4516 ¹)
292 4450 311 4503 b
329 4452 354 4523 ‚⁰⁷
370 4451 407 4504 0¹⁰
424 4455 456 4504 de
474 4460 507 4506 te.
547 4448 667 4519 Moxque
689 4450 707 4503 b
725 4456 808 4518 justu
830 4455 1011 4519 Apostolorum
1031 4468 1163 4503 sacrarum
1185 4454 1327 4504 litterarum
1350 4453 1451 4502 iustitu-

188 4543 285 4595 denen.

254 4623 275 4689 Ι)
294 4619 359 4675 boc
377 4626 554 4674 conscientium
569 4626 633 4688 fidel
649 4633 724 4690 alque
738 4626 857 4688 fiduciam
869 4626 917 4675 sed
927 4625 1101 4688 imsrrcrtuoru:
1119 4621 1233 4691 practer
1250 4619 1372 4673 mentem
1384 4618 1453 4672 Hor·

188 4705 293 4760 miudae
311 4721 358 4760 eoa
375 4704 420 4759 hic
438 4705 572 4771 notantis,
590 4705 638 4773 qni
654 4705 779 4774 profiteri
796 4705 896 4758 timent
914 4704 1046 4779 exterius,
1071 4703 1146 4773 quod
1165 4705 1238 4758 intra
1255 4703 1451 4759 conscientium

187 4789 310 4846 credunt.
339 4789 474 4854 Quocirca
486 4789 631 4843 mallemus
644 4797 820 4845 corum'enlr‘um
833 4812 882 4844 nou
890 4796 1021 4858 fiduciam,
1039 4791 1089 4844 sed
1101 4790 1134 4844 G'
1150 4789 1185 4844 θ’
1203 4788 1356 4844 reddidisse
1367 4789 1452 4845 satius

187 4877 274 4929 visum
292 4877 341 4929 est.
