3412 5664
527 129 721 180 arrsronaa
743 120 794 179 51.
819 120 869 179 52.

566 318 748 423 Epistola
774 318 831 403 52.

156 471 367 542 Hormisdac
389 487 499 556 papae
521 470 565 536 ad
587 470 786 591 Jolpannem
809 468 1244 552 constantinopolitanum
1344 477 1481 611 (ajppqm.

594 590 808 657 aplscopum.
1423 585 1429 595 ·

46 708 192 779 Patere,
211 733 284 784 wem
301 715 465 767 laudatar
483 715 625 776 desiderat,
643 714 736 778 perlici
753 728 802 763 non
817 727 908 777 posse,
927 712 977 762 nisi
994 712 1115 762 Acactrcm
1132 729 1186 763 cam
1202 715 1317 780 sequaci·

61 795 153 854 bus
167 803 224 867 ejus
239 803 398 860 condemnet,
416 802 491 866 idque
508 799 694 863 subscriptione
713 798 791 848 libelli
806 812 855 861 per
867 798 963 862 Iepatos
981 799 1125 848 transmissi
1136 801 1298 863 profiteatur.

220 933 430 1000 Hormisda
452 931 629 998 Johanni
651 930 838 1015 episcopo
861 928 1331 1017 Constantinopolitano.

157 1056 184 1120 1.
215 1052 423 1120 Reddidimus
445 1051 572 1137 quidem
593 1051 705 1133 irater,
733 1070 908 1135 congruum
929 1049 1044 1114 litteris
1066 1050 1131 1114 tuis
1153 1051 1212 1116 sub
1234 1051 1332 1116 eccle·
1346 1081 1389 1135 ep.
1400 1072 1440 1120 13.

35 1139 199 1220 susara
220 1155 369 1221 libertate
390 1154 632 1239 responsum¹);
655 1155 687 1216 et
701 1151 777 1236 quid
791 1151 826 1215 in
848 1151 898 1215 his
920 1151 1077 1238 gratulati
1097 1152 1262 1237 fuerimus,
1285 1153 1333 1218 in·
1346 1184 1388 1238 ep.
1400 1173 1441 1220 11.

35 1257 205 1342 sertum,
228 1257 304 1344 quid
326 1257 549 1322 taciturnitate
571 1254 795 1340 praeteritum,
826 1254 990 1318 evidenter
1018 1256 1239 1339 expressimus.
1284 1257 1334 1320 Ac

35 1342 149 1424 lit-‚et
168 1363 284 1426 cuncta
306 1359 452 1424 sensibus
474 1358 538 1423 tuis
556 1370 647 1421 nunc
671 1355 782 1420 crebra
805 1356 935 1440 legatio,
958 1378 1046 1421 nunc
1064 1379 1123 1421 usu
1136 1357 1171 1422 in
1186 1356 1333 1422 Ecclesia

39 1442 239 1527 tinomao
262 1461 513 1527 conversationis
534 1462 610 1523 tuse
628 1461 770 1524 vetustas
793 1457 963 1542 infuderit,
982 1458 1077 1543 juvat
1098 1461 1208 1524 tamen
1230 1459 1334 1524 adhuc

40 1545 167 1629 istim
188 1565 311 1650 aperire
333 1567 479 1629 1111111111
505 1563 643 1647 repet'ta
670 1561 793 1624 ratione
823 1559 1005 1625 consilium:
1042 1561 1117 1646 quia
1144 1565 1223 1627 tunc
1252 1562 1334 1627 bene

47 1646 100 1719 ‘10
133 1666 204 1731 fidei
225 1667 378 1733 firmitate
400 1665 582 1747 disseritur,
613 1662 739 1748 quando
768 1661 964 1746 simplicibus
987 1661 1092 1728 verbis
1114 1664 1334 1750 conciliandae

51 1767 159 1835 aava
181 1769 337 1855 cupiditas
360 1769 547 1853 explicatur.

154 1870 184 1935 2.
218 1869 385 1935 Desideria
413 1870 530 1954 quippe
559 1872 616 1933 tua
622 1917 631 1952 ,
668 1868 781 1953 quibus
809 1871 842 1932 te
865 1868 905 1932 ad
928 1867 1178 1934 ecclesiasticam
1204 1868 1333 1933 testaris

61 1955 225 2038 sesanam
254 1973 471 2055 concordiam,
500 1974 536 2035 111
562 1970 720 2035 haberent
741 1973 849 2055 partes
871 1969 963 2055 illae,
992 1991 1118 2055 semper
1139 1971 1334 2056 optavimus;

68 2082 132 2140 nee
157 2075 225 2140 sola
252 2077 395 2139 votorum
430 2072 605 2137 ambitione
638 2072 797 2156 contenti,
835 2072 884 2136 usi
913 2072 1011 2136 etiam
1039 2074 1185 2157 precibus
1214 2094 1333 2138 sumus.

72 2162 186 2242 1111111
209 2181 286 2241 sunt
305 2177 385 2241 haec
408 2179 440 2240 at
461 2176 572 2240 mundi
594 2176 776 2240 testimonio
799 2175 948 2240 roborata
963 2196 1044 2259 quae
1065 2175 1237 2260 loquimur:
1260 2176 1338 2260 quia

79 2279 111 2340 111
130 2278 308 2343 catholicae
335 2277 470 2342 unitatis
492 2277 652 2361 reparatio
674 2279 747 2361 fiat,
777 2277 1001 2341 auctoritatem
1028 2280 1172 2342 nostram
1200 2279 1334 2342 inteme-

79 2380 176 2467 rata²)
209 2380 284 2446 fidei
315 2380 504 2465 integritate
535 2380 761 2445 submittimus.
815 2378 955 2443 Inclinet
987 2378 1183 2444 orationibus
1215 2381 1335 2445 nostris

80 2503 183 2547 aurem
204 2504 296 2547 suam
317 2482 426 2546 divina
447 2482 621 2565 miseratio,
645 2486 682 2546 ut
702 2480 785 2566 quod
809 2481 936 2545 creditis
957 2481 1200 2566 postulandum,
1225 2503 1335 2567 sequa·

76 2584 151 2649 mini
173 2587 207 2649 at
228 2586 340 2649 ametis
362 2585 514 2649 oblatum.
556 2583 656 2650 Nobis
672 2607 737 2648 uns
759 2605 873 2648 causae
895 2583 1082 2669 sollicitud0,
1106 2607 1171 2648 una
1193 2584 1336 2649 custodia

75 2689 135 2752 cst:
168 2687 215 2751 its
240 2708 353 2773 pacem
381 2709 509 2772 cupere,
539 2691 575 2752 ut
603 2688 648 2751 sic
676 2686 858 2771 religionis,
890 2685 936 2749 sic
958 2685 1187 2751 venerabilium
1208 2689 1336 2770 patrum

73 2788 248 2854 mnstituta
270 2792 449 2873 servantum
472 2788 623 2874 quoniam
638 2810 718 2872 quae
733 2789 819 2852 inter
840 2809 874 2852 se
897 2809 1038 2853 consona
1060 2788 1248 2853 credulitate
1269 2809 1336 2852 non

71 2890 271 2977 discrepant,
302 2914 436 2977 aequum
464 2894 522 2975 est,
546 2895 582 2955 ut
603 2890 699 2955 simili
721 2890 941 2955 observatione
963 2890 1151 2956 subsistant.
1196 2889 1258 2955 Sed
1281 2911 1337 2955 cur

71 2992 192 3058 diutius
213 2994 441 3059 immoramur?
470 2993 539 3058 Scis
560 2994 644 3078 ipse,
669 2993 803 3057 unitatis
826 3014 921 3056 causa
936 2992 1013 3077 qnid
1028 2993 1146 3078 exigat,
1170 2992 1232 3057 scis
1254 2993 1334 3076 ipse,

72 3118 135 3180 qua
159 3096 211 3161 via
240 3099 280 3161 ad
307 3097 394 3162 beati
415 3096 504 3162 Petri
532 3095 668 3180 apostoli
695 3094 810 3159 debeas
838 3095 946 3158 venire
975 3097 1180 3160 consortium.
1226 3094 1336 3159 Habes

71 3198 199 3264 itineris
219 3199 268 3263 tui
290 3198 418 3283 ducem,
442 3221 535 3283 quem
557 3203 588 3262 te
607 3199 676 3282 jam
698 3197 787 3281 sequi
809 3198 940 3281 asseris,
965 3197 1165 3264 Calchadone
1187 3197 1333 3261 habitum

70 3323 130 3387 pro
152 3300 308 3386 religione
331 3304 533 3367 conventum.
577 3300 653 3366 Jam
680 3303 712 3363 te
735 3321 873 3385 quoque,
903 3301 986 3384 qnod
1013 3301 1098 3365 idem
1119 3299 1269 3385 amplecti
1291 3304 1336 3364 te·

72 3406 178 3468 status
200 3425 244 3487 es,
269 3403 356 3468 beati
377 3402 493 3468 Leonis
515 3402 701 3467 redeuntem
723 3402 839 3488 dogma
862 3403 1076 3468 comitabitur.

75 3520 80 3532 '
158 3505 190 3569 3.
223 3504 314 3570 Haec
335 3505 363 3570 si
384 3505 524 3591 placent,
548 3505 660 3569 Aeacii
682 3503 825 3568 defensio
848 3504 990 3570 damnati
1012 3528 1079 3570 non
1100 3505 1243 3590 placeat:
1276 3505 1337 3571 hoc

74 3612 141 3693 est,
170 3607 254 3693 quod
275 3607 352 3671 boni
379 3607 476 3672 studii
499 3631 517 3672 a
538 3607 734 3692 perfectione
761 3611 835 3671 vota
862 3607 1037 3693 suspendit.
1088 3607 1122 3672 si
1148 3613 1225 3674 sunt
1251 3610 1338 3674 enim

73 3709 132 3775 illa
153 3709 321 3775 adversum
347 3709 408 3776 Dei
436 3714 469 3775 et
495 3710 576 3795 legis
605 3710 673 3793 ejus
694 3710 840 3774 inimicos
862 3710 1092 3775 venerabilium
1113 3717 1242 3794 patrum
1265 3733 1339 3776 con-

75 3811 267 3897 gregatione
289 3812 458 3898 disposita,
487 3816 524 3877 ut
550 3813 692 3898 quisquis
720 3834 773 3876 eos
803 3813 1024 3877 communione
1046 3818 1245 3898 sequeretur,
1269 3814 1338 3898 jam

75 3916 155 3978 tunc
176 3912 277 3977 latam
298 3914 419 3979 subiret
440 3914 475 3978 in
497 3936 554 3979 sua
575 3914 781 3978 damnatione
803 3915 1012 3979 sententiam:
1044 3937 1111 3979 non
1138 3920 1214 3981 sunt
1239 3916 1340 4000 igitur

75 4037 160 4081 nora
182 4038 263 4102 quae
286 4020 473 4083 constanter
494 4017 704 4101 exsequimur,
732 4016 787 4081 sed
809 4017 1004 4102 temporibus
1025 4017 1089 4082 illis
1111 4018 1199 4083 facta
1216 4018 1339 4103 judicia

72 4117 164 4203 justa
185 4123 313 4204 patrum
335 4120 565 4186 constitutione
587 4141 759 4184 servamus.
804 4119 980 4184 Hortamur
1006 4121 1129 4206 itaque,
1157 4123 1275 4205 frater,
1305 4122 1340 4184 et

76 4223 218 4287 mentem
242 4226 332 4287 tuam
359 4222 421 4288 Dei
448 4224 550 4287 nostri
576 4222 794 4287 misericordia
822 4223 994 4306 adjuvante
1022 4225 1200 4308 pulsamus,
1235 4226 1271 4287 ut
1298 4222 1339 4286 ab

76 4323 164 4387 omni
185 4326 218 4388 te
239 4324 472 4390 haereticorum
488 4326 690 4410 contagione,
714 4326 868 4390 Acacium
883 4347 953 4390 cum
970 4327 1157 4411 sequacibus
1177 4327 1242 4390 suis
1266 4347 1338 4390 con·

76 4426 272 4513 demnand0,
302 4428 506 4515 disjungens,
537 4451 601 4493 una
628 4428 794 4493 nobiscum
821 4428 972 4493 dominici
1000 4429 1140 4515 corporis
1167 4429 1339 4514 participa·

75 4620 109 4670 52
146 4620 165 4685 ¹)
183 4615 246 4671 Scil.
266 4636 338 4688 quae
356 4637 441 4689 supra
458 4619 592 4688 epistolae
611 4621 655 4684 43,
673 4622 713 4672 47.
751 4617 816 4671 Mox
833 4617 876 4672 ed.
896 4624 1073 4687 conprcrolan'.

144 4705 165 4772 ²)
184 4702 233 4758 Ed.
253 4704 341 4758 omia.
359 4710 509 4761 interocrina
522 4713 591 4773 fidei.
626 4704 691 4760 Mox
709 4706 742 4761 (1Ι
762 4728 811 4776 quo
829 4718 853 4762 te
865 4711 922 4772 J'um
939 4713 1018 4776 sepiri.
