3412 5664
224 211 288 277 512
702 224 732 274 s.
748 222 889 273 osunen
910 223 1027 274 sarrs

226 381 381 467 synodum
405 378 608 465 congregari.
647 378 777 443 Adsunt
798 379 866 443 iere
888 379 1026 445 trecenti
1048 378 1221 465 sexaginta
1234 377 1387 467 episcopi,
1407 402 1480 469 p]

226 483 350 568 cipibus
381 481 532 545 Dioscoro
560 480 780 545 Alexandrino
809 480 975 566 episcopo,
1011 480 1163 547 iuvenali
1191 478 1480 567 Hierosolymitm

156 582 162 594 '
225 584 393 650 Thalassio
416 583 634 661 Caesariensi,
664 582 870 669 Eustathiol)
899 582 1085 668 Berytensi,
1114 584 1255 649 Eusebio
1283 583 1480 670 Ancyritm

226 687 346 753 Basilio
368 687 489 750 Isauro.
527 685 749 749 Interfuenmt
772 685 870 750 etiam
890 686 1004 751 vicarii
1025 686 1068 751 ab
1090 685 1269 771 apostolica
1282 686 1480 757 sedetllrec

225 790 331 854 Julius
354 787 549 852 Puteolanus
571 788 750 872 episcopus,
780 788 912 853 Hilarus
935 786 1180 854 archidiaconus
1202 788 1303 873 urbis,
1330 788 1405 875 qnia
1421 809 1480 879 ρ]

226 892 336 975 sbyter
357 890 502 954 chatus
529 890 564 954 in
587 889 668 954 Delo
688 890 795 955 insula
816 893 919 955 morte
940 894 1135 976 praeventus
1156 895 1218 957 est.
1263 890 1378 957 Adfuit
1396 894 1480 959 clia

226 993 386 1058 Dulcitius
413 993 559 1057 notarius
587 992 750 1057 ecclesiae.
796 991 835 1057 ln
857 1015 920 1078 quo
942 996 1104 1059 conventu
1125 993 1331 1082 repudiatal)
1356 997 1402 1061 cst
1418 1008 1480 1077 e]

226 1095 309 1160 stola
331 1116 433 1180 papae
456 1094 572 1159 Leonis
588 1094 771 1183 dogmatica
793 1094 833 1158 ad
856 1095 1013 1179 synodum
1034 1094 1289 1181 Flavianumque
1309 1095 1425 1181 directa

226 1197 355 1281 penitus
377 1220 442 1262 non
465 1197 664 1281 permittitur
685 1197 855 1262 recenseri.
885 1197 968 1262 Tota
989 1196 1051 1280 die,
1074 1196 1108 1261 id
1130 1200 1180 1263 est
1193 1196 1242 1263 Vl
1256 1196 1332 1264 Idus
1345 1198 1480 1285 saw

225 1298 306 1363 nihil
329 1299 415 1363 aliud
438 1299 500 1363 nisi
524 1300 679 1384 quaedam
701 1299 843 1364 Nestorii
866 1299 1021 1382 damnati,
1049 1299 1082 1364 id
1105 1304 1156 1365 est
1178 1300 1294 1384 prioris
1313 1299 1480 1386 Ephesium

225 1401 338 1485 synodi
375 1405 468 1486 gesta
504 1402 701 1487 relegrmtur.
746 1401 847 1467 Simul
880 1402 979 1466 etiam
1011 1400 1184 1467 discutitur
1220 1401 1314 1469 lectis
1346 1402 1480 1469 immin*

225 1502 346 1567 chartis
377 1503 534 1586 judicium
562 1504 600 1567 de
629 1504 775 1587 Eutyche
803 1507 934 1568 sanctae
966 1504 1140 1569 memoriae
1166 1503 1324 1571 blasiani.
1365 1504 1480 1571 lnior*

225 1627 322 1689 tynum
344 1604 501 1690 Eutychis
528 1605 748 1690 blasphemiae
773 1607 1009 1691 relegerentur,
1040 1606 1081 1670 ab
1108 1606 1258 1672 omnibus
1279 1606 1480 1673 adcbmstu

224 1710 284 1790 est,
313 1704 399 1771 hano
426 1729 495 1772 esse
525 1729 633 1772 veram
660 1708 766 1792 fidem,
801 1708 886 1773 hanc
917 1707 1139 1774 orthodoxam.
1183 1708 1343 1795 Dejicitur
1367 1714 1480 1775 canit

227 1809 407 1873 dicentibus
446 1810 605 1897 vicariis)
640 1809 795 1875 Romanis
828 1810 1001 1875 Flavianus
1013 1861 1022 1894 ,
1063 1813 1096 1875 et
1132 1811 1289 1896 recipitur
1319 1808 1480 1896 Eutych·

225 1912 405 1975 Damnatus
427 1913 524 1977 etiam
548 1913 706 1978 Eusebius
729 1914 908 1999 episcopus,
939 1918 1107 1978 cosmetor
1135 1913 1279 1998 ejusdem
1304 1912 1480 2001 presbyt-*l

224 2018 389 2098 tamquam
412 2013 634 2099 Nestorianus,
663 2016 717 2100 qui
744 2019 836 2099 ante,
865 2016 940 2080 dum
968 2016 1072 2080 adhuc
1094 2019 1180 2081 esset
1206 2015 1324 2100 laicus,
1352 2014 1480 2081 rlstoe

223 2117 330 2180 iuerat
352 2121 531 2181 accusator.
575 2118 663 2203 Itai)
690 2117 777 2181 enim
799 2117 882 2182 nihil
903 2116 1016 2182 volunt
1040 2117 1093 2183 isti
1117 2116 1384 2203 Eutychianistse
1401 2113 1480 2181 in!

224 2240 258 2282 se
281 2238 349 2281 esse
372 2220 468 2302 atque
490 2218 685 2303 Nestorium,
709 2223 746 2284 nt
767 2221 948 2306 quicunque
971 2220 1057 2305 apud
1078 2240 1132 2285 eos
1154 2219 1398 2305 Eutychianists
1418 2240 1480 2283 Li

292 2501 313 2566 ⁸)
330 2496 537 2556 B¹F¹¹Eaetasio,
556 2493 736 2550 G¹Eustacltio
744 2498 858 2550 IIisauro
871 2493 954 2562 (wit
962 2498 1056 2551 Isaura
1068 2493 1267 2565 uliilearrriae).
1290 2492 1480 2551 Deindevess

227 2588 296 2638 rabie
314 2584 344 2637 et
361 2588 484 2638 ecelesiae
503 2597 566 2634 cnm
584 2578 618 2633 Gt
638 2578 804 2634 addidimus.
834 2578 869 2633 ΙΜ
880 2585 973 2647 Aiedo,
992 2579 1030 2633 x*
1042 2584 1132 2635 Atedo
1151 2582 1213 2651 (pro
1232 2583 1323 2650 heio),
1343 2582 1372 2635 et
1387 2578 1480 2633 omi-..³

224 2674 317 2736 Arlsrsit
330 2674 406 2723 etiam
413 2671 536 2720 dulcitius
555 2671 670 2718 notarius
687 2672 818 2719 ecclcsiae.
846 2664 897 2730 Qui
916 2680 980 2719 mox
998 2672 1170 2721 memoratur
1188 2668 1349 2733 conventus,
1365 2666 1405 2719 est
1418 2659 1480 2717 ih*

224 2760 383 2808 latrocinium
394 2757 547 2822 Epictinuru
566 2749 611 2804 die
628 2749 694 2828 Vlll
707 2749 827 2819 Augusti
845 2751 911 2805 anni
928 2756 978 2805 449
995 2750 1132 2805 habitum.
1160 2748 1293 2815 Quamvis
1310 2750 1355 2805 lile
1368 2750 1475 2805 Reu-

224 2841 289 2893 ante
307 2839 398 2893 morte
415 2838 584 2909 praeventus
602 2835 724 2901 dicatur,
743 2851 828 2905 quam
839 2835 980 2905 Ephesum
998 2834 1156 2902 adveniret,
1174 2834 1212 2890 nd
1228 2835 1321 2907 ipsum
1337 2836 1425 2891 tamen

222 2925 280 2978 stet
297 2922 468 2978 'theodoreti
485 2922 606 2992 epistola
624 2927 673 2976 tto
690 2921 755 2991 post
772 2920 942 2991 Ephesinum
960 2920 1107 2975 concilium
1125 2919 1240 2991 scripta
1271 2920 1351 2975 Unde
1361 2919 1463 2985 Quen

222 3010 264 3063 lus
286 3008 425 3063 observat.
443 3007 473 3061 in
495 3008 595 3063 Leonis
618 3006 698 3076 epist.
717 3012 751 3061 ‘28
773 3008 917 3060 auctorem
938 3009 1065 3061 nostrum
1086 3005 1115 3059 in
1138 3005 1192 3060 hac
1213 3022 1244 3061 re
1266 3005 1368 3061 erroris
1387 3018 1458 3075 arg

222 3093 277 3148 Sed
298 3093 379 3163 hrrjus
400 3091 549 3148 veritatem
568 3092 631 3162 jam
647 3089 791 3146 Ballerinii
813 3090 842 3143 in
860 3090 933 3145 notis
956 3090 993 3145 ad
1015 3094 1154 3146 observat.
1173 3089 1250 3145 citat.
1270 3090 1381 3158 (nem
1397 3092 1452 3161 ΟΕ

221 3179 259 3246 ΙΙ,
280 3184 344 3233 1412
362 3180 408 3246 ss.)
427 3177 570 3248 productis
588 3176 674 3233 etiam
692 3176 810 3231 aliorum
828 3175 995 3231 testimoniis
1011 3176 1080 3231 satis
1097 3175 1288 3241 vindicarunt,
1305 3177 1422 3231 streete

221 3264 315 3329 luunt,
338 3262 545 3318 theodoretum
567 3267 667 3316 incerta
688 3267 759 3328 fama
776 3281 808 3315 ac
825 3266 1033 3331 aequivocatione
1050 3266 1136 3331 aliqua
1155 3266 1301 3329 deceptum,
1323 3265 1379 3314 dn·
1394 3264 1421 3315 id

222 3359 282 3403 nato
302 3352 401 3411 tribuit,
420 3352 489 3418 quod
500 3352 594 3402 Hilaro
612 3358 670 3401 erat
688 3351 857 3401 tribuendum:
876 3362 910 3401 aa
928 3363 1013 3415 quum
1030 3346 1088 3400 tres
1104 3346 1216 3415 legatos
1227 3344 1324 3400 assde
1337 3346 1435 3416 spem

222 3432 342 3486 directos
360 3436 389 3488 ct
405 3431 508 3503 Ephesi
526 3430 612 3500 gestis
629 3430 742 3486 fortiter
759 3430 892 3486 restitisse
910 3430 1055 3497 audiisset,
1079 3430 1114 3485 de
1136 3432 1227 3486 morte
1244 3428 1430 3503 iterati&

222 3517 385 3571 sciscentem
403 3517 440 3571 ad
457 3517 580 3586 singulos
597 3516 754 3586 scripsisse,
773 3532 806 3571 ex
824 3514 925 3585 quibus
944 3515 1069 3585 epistolis
1086 3514 1175 3571 solam
1193 3514 1230 3570 ad
1242 3515 1382 3571 Reushnn
1395 3530 1424 3569 π

222 3602 313 3657 fuisse.

289 3691 310 3757 ⁷)
328 3689 372 3743 lta
384 3688 532 3744 B¹F⁴N⁸c⁵
541 3704 599 3758 seq.
626 3688 662 3744 G*
680 3693 834 3757 repudiatae
850 3700 909 3743 suat
924 3708 1011 3758 papae
1029 3691 1127 3743 Leonis
1143 3694 1304 3757 dopndleoe
1319 3693 1358 3743 ad
1370 3706 1412 3759 sps

222 3777 414 3844 l'lnulanunque
433 3780 547 3830 wentae
564 3780 667 3829 litterae
685 3793 731 3828 nec
746 3778 927 3842 permittuntur
944 3780 1104 3843 aliquatenus
1114 3780 1256 3830 recenseri.
1285 3774 1324 3829 Xl
1339 3793 1405 3843 rep·

220 3871 278 3913 sunt
295 3864 420 3928 epistolae
436 3865 532 3915 Iseonir
550 3880 616 3931 quae
632 3863 739 3926 firmant
756 3864 792 3913 ad
807 3865 929 3928 modurn
940 3862 1059 3914 Flauiani
1075 3864 1137 3928 eppi
1153 3864 1271 3915 directae
1287 3870 1314 3914 et
1329 3864 1400 3929 penit

218 3951 398 4013 ammittuntur
416 3952 547 4000 recenseri
563 3957 617 3999 tota
635 3951 677 4000 die
750 3949 859 4015 nihilque
877 3950 956 3999 aliud.
982 3944 1047 3999 Mox
1064 3943 1100 3998 F*¹
1117 3949 1242 4015 madan
1261 3949 1394 4001 Nestori!

287 4034 309 4100 ⁸)
327 4031 361 4085 θ’
382 4030 471 4085 omitt.
491 4036 602 4085 sicariis.
637 4029 702 4083 Mox
719 4029 752 4083 Β1
765 4028 801 4082 Fe
819 4033 945 4085 Eusebius
962 4040 1107 4084 accusawr.

287 4119 308 4184 ⁹)
327 4115 361 4170 0¹
382 4115 488 4169 omittit
504 4120 568 4170 enan
586 4115 615 4168 et
632 4116 731 4185 postea
748 4120 856 4184 quidem,
885 4114 923 4168 ill
936 4117 1031 4170 autem
1049 4114 1095 4169 hic
1111 4114 1218 4185 pergit:
1240 4120 1369 4183 viliriter

220 4205 405 4266 Antiochense,
424 4211 529 4255 sanctae
546 4207 680 4254 raemoriae
696 4205 846 4268 praedictus
857 4205 995 4255 Flauianus
1012 4206 1133 4270 diripitur
1148 4207 1175 4254 in
1193 4206 1311 4264 ecilin,
1329 4204 1372 4257 un·

218 4296 276 4340 tuus
293 4297 339 4341 est.
376 4288 483 4339 Mortuo
500 4290 587 4355 itaque
608 4289 749 4340 Theodosio
768 4291 923 4355 inperatore
935 4289 1086 4341 Marcianus
1100 4290 1188 4354 smus
1205 4296 1245 4341 est
1262 4292 1371 4357 princes

216 4378 292 4439 fldem
313 4376 428 4439 praviter
447 4373 544 4436 serens.
586 4374 665 4437 Cipus
688 4376 808 4439 relipiosa
829 4377 948 4439 jussione
969 4377 1119 4427 conueniunt
1141 4376 1206 4427 Nice
1231 4377 1340 4442 anplius
1361 4398 1366 4425 a

220 4463 281 4525 eppi
298 4462 375 4510 totius
392 4461 499 4509 orientis
516 4465 541 4508 et
559 4459 680 4523 Aepppti.
717 4460 795 4520 Οναω
812 4464 934 4526 synodum
950 4469 1042 4526 postea
1058 4463 1190 4512 transtulit
1201 4461 1360 4513 Calchedona

219 4547 312 4609 patritii
334 4545 494 4595 uicinitatem.
535 4543 658 4607 Interfuit
680 4548 754 4595 etiarn
776 4547 832 4611 ipse
859 4548 998 4611 inperator
1020 4547 1166 4610 conventui,
1193 4547 1315 4611 interfuit
1334 4562 1354 4597 n

221 4646 305 4680 ornnes
317 4631 422 4694 judices
439 4636 465 4678 et
482 4630 580 4678 aulicae
597 4635 747 4694 potestates.
784 4631 910 4681 Eusebius
927 4633 968 4682 ille
986 4639 1046 4681 ante
1063 4648 1153 4683 annun
1172 4633 1205 4682 de
1222 4634 1303 4683 exilio
1318 4632 1348 4697 ss

219 4731 281 4765 marn
300 4722 418 4765 uenerat:
436 4716 511 4764 etiarn
529 4713 587 4765 liulc
602 4717 700 4779 synodo
718 4718 842 4768 interesse
858 4719 1018 4782 properauit.
1055 4718 1167 4769 Accusat
1185 4722 1285 4785 etipse
1302 4718 1343 4768 Ilii

220 4802 285 4854 alios
302 4801 498 4852 Alexandrinos
515 4807 563 4852 etc.
