3450 5678
211 278 274 343 282
652 292 680 340 s.
698 290 832 340 snnrcrs
856 292 883 338 11
904 289 1019 338 ruens

211 455 333 513 rumdem
349 456 574 512 monasteriorum
597 454 742 517 monachis,
762 455 809 527 qui
829 455 943 526 decepti
963 454 1003 509 ad
1016 455 1144 510 inimicos
1158 453 1214 510 Ilei
1228 454 1421 527 transierant,
1443 472 1488 513 re·

211 543 353 617 scripsisse
373 548 466 617 putem
488 539 539 613 (ci.
563 539 617 595 181.
641 556 684 613 ep.
709 538 747 595 12
769 556 796 595 u.
822 537 861 611 2),
882 539 934 595 uisi
955 539 1017 613 quia
1036 540 1110 613 prius
1131 539 1159 594 in
1180 539 1276 596 iisdem
1296 538 1408 605 litteris,
1433 557 1488 616 qua

211 629 316 685 ratione
331 625 381 683 sibi
396 635 441 683 aut
457 624 490 682 de
506 627 537 683 iis
554 624 688 699 agendum
703 633 783 687 esset,
799 624 875 681 illum
890 623 1101 682 consuluissent.
1128 623 1186 681 lloe
1207 632 1298 682 autem
1312 624 1353 683 illi
1368 627 1489 702 scripse-

211 721 284 776 runt,
307 721 449 787 postquam
472 711 558 767 'lutus
579 711 740 767 senteutiam
762 709 789 766 d.
810 709 850 767 28
872 709 925 765 lul.
950 707 1013 767 484
1027 708 1155 766 adversus
1170 711 1297 767 Acacium
1317 709 1401 769 latam
1415 710 1489 771 Oen·

212 798 415 872 stantiuopolim
438 796 609 871 pertulisset.
640 804 668 852 et
693 795 877 869 satisfactum
900 796 941 851 bis
964 798 1125 853 constitutis
1153 801 1238 853 esset.
1284 794 1432 872 Quumque
1459 799 1488 855 in

212 885 307 942 Felicis
330 883 443 958 epistola
467 881 503 937 11
526 881 650 958 synodali
671 879 1279 956 1111188889818188888814858138818
1301 881 1391 940 Tutus
1412 882 1488 941 nulla

213 970 316 1042 adjecta
331 977 395 1025 nota
417 967 547 1024 deieusor
562 974 742 1043 nuncupetur,
765 975 830 1023 tuno
845 965 904 1038 ejus
920 966 1026 1042 lapsum
1048 964 1167 1023 nondum
1193 967 1336 1042 cognitum
1358 966 1489 1041 dijudica·

213 1065 324 1130 tumque
351 1070 411 1111 osse
432 1053 502 1111 baud
529 1062 629 1110 temere
656 1053 861 1124 conjecerimus.
905 1052 1076 1128 Quapropter
1101 1061 1208 1110 nostras
1232 1051 1340 1111 litteras
1363 1055 1401 1111 lta
1423 1062 1488 1130 post

212 1142 365 1215 Augustum
385 1140 446 1196 anni
461 1138 523 1198 484
542 1155 661 1196 anensem
677 1141 770 1196 missas
792 1155 933 1213 ponemus.
956 1147 988 1196 ut
1008 1137 1088 1195 dieV
1108 1137 1233 1197 Octobris
1253 1140 1398 1215 sequentis
1425 1141 1489 1198 anal

212 1226 323 1284 llomam
338 1225 459 1283 nondum
472 1225 656 1301 pervenerint.
686 1222 754 1299 ipsis
771 1223 846 1280 l'elir
861 1224 1003 1298 respondit
1017 1225 1096 1299 epist.
1115 1223 1164 1282 12.

808 1386 897 1453 XIV.

211 1507 261 1559 int.
278 1520 346 1558 anrr.
363 1500 425 1560 488
442 1499 555 1558 81489.
583 1501 794 1572 Episcoporum
818 1499 1007 1557 Orientalium
1027 1501 1068 1556 ad
1086 1500 1213 1556 Felicem
1230 1516 1287 1573 pro
1302 1500 1492 1559 818818ωῶ

375 1588 464 1645 Vitule
474 1595 507 1643 ‘ct
522 1586 633 1643 Miseno
648 1589 825 1643 intercessio.
1452 1598 1462 1623 ¹

296 1688 508 1746 Procedentibus
530 1691 557 1745 in
573 1705 652 1745 causa
666 1690 795 1745 deaeiana
810 1688 927 1763 nogotiis
943 1686 1093 1745 Orientalcs
1107 1685 1264 1762 pontificem
1280 1686 1381 1745 adiisse
1396 1686 1491 1747 ridea-

213 1785 271 1839 tur,
292 1782 323 1832 ut
343 1774 455 1832 Vitalcm
475 1784 503 1832 ct
526 1774 655 1830 Misenum
677 1773 837 1831 absolveret.
866 1774 961 1831 Dicite
988 1775 1069 1832 nobis
1095 1777 1235 1847 inquiunt,
1258 1770 1355 1830 Felicis
1376 1774 1491 1833 8881188

213 1862 333 1919 Gelasius
355 1862 435 1935 epist.
461 1860 477 1916 1
500 1878 527 1917 n.
548 1859 588 1918 35
604 1858 703 1922 scribit,
726 1869 822 1917 utrum
851 1860 970 1917 Vitulem
992 1867 1019 1917 et
1033 1857 1175 1917 Misenum
1190 1860 1353 1917 absoluturi
1367 1861 1491 1919 sitiens

213 1951 292 2005 non?
319 1949 357 2003 de
370 1945 484 2003 subinde
499 1943 654 2021 pontificem
666 1945 693 2001 id
708 1946 864 2019 promisisse
887 1944 1026 2016 objiciunt.
1050 1943 1100 2014 Qui
1116 1961 1199 2019 quum
1213 1943 1400 2020 respondeat:
1415 1946 1495 2020 qnod

212 2036 338 2106 promisi,
354 2036 475 2108 lenitum
494 2039 526 2088 ut
540 2032 606 2088 liaeo
621 2033 775 2106 promissio,
797 2033 834 2087 ita
848 2030 894 2088 illa
909 2032 1067 2089 intercessio
1083 2031 1193 2105 scriptis
1208 2030 1277 2088 lacta
1292 2046 1355 2088 esse
1370 2030 1491 2090 videtur.

810 2193 883 2260 XV.

214 2310 275 2365 eod.
292 2313 376 2381 temp.
407 2307 515 2364 Felicis
530 2308 569 2363 ad
585 2305 771 2365 Orientalium
789 2324 846 2380 pro
867 2307 1047 2364 absolvendis
1070 2306 1161 2365 Vitale
1176 2312 1204 2363 et
1217 2303 1331 2364 Miseno
1344 2309 1491 2366 interces-

366 2396 472 2450 sionem
487 2396 644 2465 responsio.
715 2448 720 2458 ,

299 2495 358 2552 1188
375 2495 505 2552 dubitavit
525 2494 647 2569 pontilari
669 2494 844 2552 Orientalium
868 2496 1056 2553 intercessioni
1079 2491 1278 2570 quodammodo
1301 2510 1440 2561 annuae,
1460 2504 1492 2555 ut

214 2599 319 2639 mirsam
334 2581 428 2638 Vitalis
444 2589 471 2637 ct
487 2581 579 2637 lliseui
594 2579 683 2637 denuo
699 2599 729 2637 se
745 2581 955 2638 deliberaturum
972 2598 1033 2638 esse
1048 2581 1229 2656 promitteret.
1261 2580 1346 2650 Quod
1354 2584 1489 2655 pronia',

212 2670 326 2742 lenitur,
344 2667 453 2724 illorum
475 2666 621 2737 objectioni
643 2667 790 2741 respondet
814 2666 912 2740 (Gelas.
934 2668 1013 2743 epist.
1037 2667 1097 2723 ln.
1115 2664 1181 2737 35);
1203 2667 1258 2724 boc
1272 2682 1353 2723 nunc
1368 2668 1489 2741 implere

215 2756 371 2812 contendo.-
383 2757 505 2826 promisi
518 2756 591 2810 enim
606 2754 841 2824 deliberaturum,
858 2755 994 2828 quomodo
1003 2755 1088 2826 juste
1098 2754 1250 2809 videantur
1264 2752 1386 2810 ebroini.
1401 2750 1488 2821 Onu

214 2848 305 2897 autem
325 2841 390 2896 haec
411 2841 498 2896 omnia
519 2839 665 2895 etiamtunc
688 2840 747 2896 vivo
768 2840 864 2897 doacio
891 2846 1002 2895 tractata
1024 2844 1177 2913 appareant,
1198 2839 1242 2894 ita·
1255 2845 1321 2913 post
1343 2834 1380 2894 111
1398 2836 1488 2896 donn

215 2924 345 2983 Octobres
365 2927 427 2982 anni
448 2923 509 2982 485
532 2931 677 2999 utrumque
697 2927 828 3000 scriptum
849 2931 1011 2999 conceptum
1031 2931 1087 2987 est,
1109 2931 1140 2980 ut
1159 2939 1258 2981 anuum
1279 2921 1343 2982 489
1364 2940 1422 2981 non
1442 2938 1487 2983 ex·

213 3013 335 3071 cesserit.

802 3121 881 3188 XVI

300 3253 378 3293 anno
398 3233 470 3293 490.
493 3252 519 3292 8.
541 3237 601 3292 init.
632 3236 768 3292 Placitae
789 3234 1097 3306 Constantinopolitani
1116 3234 1156 3290 nd
1173 3234 1302 3291 Felicem
1319 3250 1431 3307 papan
1449 3232 1533 3301 sim

368 3323 549 3378 ordinatione
564 3337 618 3378 sua
633 3323 747 3395 lepotio.

299 3425 395 3480 doacio
417 3425 486 3481 circa
507 3424 609 3479 exitum
629 3424 690 3479 anui
711 3421 773 3481 489
795 3422 924 3479 (18188818
946 3422 1120 3479 vehementer
1134 3422 1244 3497 expetiit
1258 3420 1342 3485 Zeno.
1363 3418 1534 3493 utlsdtfl

214 3507 395 3573 sufficeretur,
421 3526 501 3583 quem
522 3508 590 3564 lleus
610 3510 668 3584 ipse
689 3508 847 3584 delegisset.
876 3506 929 3564 Sed
950 3507 1013 3564 dum
1034 3507 1080 3564 Oci
1101 3508 1261 3565 electionem
1286 3504 1416 3565 macuta
1432 3502 1534 3577 Q

215 3594 383 3651 maniiestam
406 3593 463 3651 deri
485 3594 578 3658 voluit.
599 3596 722 3669 permisit
743 3594 822 3657 [leus.
846 3602 877 3650 nt
899 3610 960 3650 eum
981 3592 1096 3650 Flavitas
1121 3590 1271 3651 deluderet.
1303 3591 1391 3665 liujus
1413 3590 1534 3659 aa*

215 3696 315 3737 nomeu
329 3680 357 3737 in
372 3681 463 3736 charta
479 3697 553 3754 pura.
576 3697 656 3754 quam
672 3681 700 3736 iu
715 3697 792 3737 sacro
808 3680 883 3736 altari
903 3685 1063 3754 reposuerat
1083 3681 1237 3754 imperator,
1258 3694 1321 3735 non
1336 3676 1433 3754 88881.
1450 3690 1481 3729 ⁷

215 3768 238 3822 is
259 3764 377 3839 putabat,
399 3766 446 3822 sed
467 3765 588 3822 custodis
611 3766 703 3840 templi
718 3766 805 3822 multo
820 3767 904 3840 ipsius
925 3763 1041 3821 Flaviae
1063 3782 1130 3821 auro
1150 3765 1272 3838 corrupti
1293 3779 1374 3821 manu
1387 3761 1534 3828 edane

215 3860 291 3926 ptum
307 3859 358 3907 cst.
390 3850 443 3907 Hae
458 3861 515 3906 aute
531 3852 630 3908 iactum
645 3860 696 3915 est,
718 3861 749 3909 ut
769 3869 830 3907 cum
852 3868 954 3907 summa
969 3851 1083 3906 Zenonis
1100 3849 1199 3907 laetitia
1215 3848 1389 3907 ordinaretur
1401 3846 1534 3909 ΓΙΡΙ

215 3946 265 3993 tas.
289 3935 338 4003 Qui
355 3936 462 4011 quidem
478 3936 504 3991 id
519 3938 546 3992 iu
562 3938 654 4011 primis
670 3937 751 3993 studii
767 3938 862 4012 gessit,
879 3945 908 3992 ut
924 3936 1084 3992 clericorum
1099 3935 1227 3992 ecelesiae
1242 3952 1307 3992 suae
1323 3934 1534 4011 legandum

215 4039 276 4079 cum
292 4021 390 4078 litteris
407 4020 582 4078 ordinationis
603 4040 667 4079 suae
689 4022 821 4079 indicibus
842 4021 874 4078 ad
894 4020 986 4078 sedem
1008 4021 1184 4097 apostolicam
1204 4022 1382 4095 repuleriter
1400 4020 1534 4079 deam

215 4116 309 4164 naret.
341 4108 426 4163 Porro
453 4107 557 4163 litterae
578 4108 638 4165 illae
655 4111 850 4180 apostolorum
871 4124 1008 4165 summum
1024 4115 1197 4181 petramque
1217 4107 1534 4179 11881818881888ε

215 4197 443 4266 dispensatorem
469 4198 599 4266 mysterii
624 4196 743 4252 creditis
767 4196 822 4251 sibi
842 4195 971 4252 claribus
999 4194 1112 4250 beatum
1133 4193 1250 4250 Petrum
1275 4189 1534 4250 confitebamus.

216 4281 282 4337 item
298 4281 324 4336 in
341 4279 382 4336 his
399 4277 548 4335 testabatur
568 4279 691 4345 Flavitas,
715 4296 789 4343 sese,
815 4272 846 4337 ut
872 4283 996 4353 ammius
1014 4283 1077 4352 ipse
1093 4280 1235 4352 Felisque
1251 4280 1405 4335 unanimes
1422 4288 1534 4335 ese

213 4370 334 4442 possint,
352 4384 417 4423 cum
432 4367 480 4422 illo
499 4367 569 4438 fidei
588 4367 769 4424 orthodoxae
788 4367 897 4424 babere
919 4368 990 4424 nelle
1010 4381 1170 4434 assensum,
1190 4366 1344 4438 ursumque
1360 4362 1534 4421 saeco·

216 4455 308 4510 zelum
319 4470 377 4525 pro
393 4452 555 4509 orthodoxa
570 4453 627 4524 pide
643 4454 794 4509 ostendere
809 4453 913 4509 debere
928 4449 1095 4527 significabat
1112 4449 1158 4522 (cl.
1175 4447 1257 4505 l'elic.
1273 4465 1317 4524 cp.
1333 4446 1373 4507 1t
1383 4464 1413 4506 a.
1428 4446 1517 4505 t

216 4540 244 4602 3,
263 4539 300 4597 15
314 4556 341 4595 n.
355 4531 393 4613 1).
417 4536 527 4593 bonrum
543 4554 572 4593 se
587 4553 649 4593 erim
662 4537 744 4594 Petri
757 4541 881 4611 apostoli
890 4540 948 4611 fide
961 4556 1020 4594 non
1035 4552 1120 4594 secus
1134 4552 1172 4593 nc
1183 4536 1310 4593 Felicem
1324 4538 1534 4593 conam·

215 4627 354 4698 olorinus,
371 4625 488 4698 ajebat.-
508 4627 579 4697 „qui
593 4639 658 4680 cum
674 4639 707 4681 eo
722 4623 771 4697 (sc.
788 4621 924 4698 apostolo)
944 4627 1082 4680 81881888
1102 4622 1254 4691 credimus,
1275 4636 1404 4679 consen
1418 4628 1534 4678 rr*

215 4712 374 4783 ploriantes
388 4712 522 4784 dispersa
538 4712 674 4783 collipere
690 4712 857 4768 8818888818·
874 4707 966 4782 (Folio.
984 4726 1026 4783 ep.
1046 4707 1084 4764 14
1100 4725 1127 4763 n.
1144 4706 1184 4779 4).
1200 4706 1305 4763 Primae
1320 4703 1429 4782 quide·
1517 4692 1534 4757 l

217 4802 334 4852 terarum
350 4796 455 4853 illarum
470 4795 587 4852 lectione
602 4802 739 4851 recreatus
761 4795 900 4858 88118118.
918 4793 966 4851 sed
987 4793 1021 4851 de
1042 4794 1197 4850 sinceritate
1212 4808 1318 4856 eorum,
1339 4806 1409 4867 quse
1426 4776 1534 4847 -ΙΙ

217 4880 284 4937 vitas
299 4882 396 4939 inillis
411 4879 599 4966 proiitebatpr,
615 4898 677 4939 mor
693 4882 868 4957 interrogatis
883 4880 942 4953 ejus
957 4880 1053 4956 legatis
1069 4877 1191 4936 dubitare
1206 4878 1307 4953 coepit.
1337 4875 1397 4948 Oua
1408 4874 1528 4933 datr
