3412 5664
384 981 792 1081 PRAEFATIO
829 980 1184 1079 EDITORIS.

742 1395 773 1484 s.
805 1398 836 1464 1.

219 1526 275 1591 lie
299 1524 415 1591 carreis
437 1525 476 1588 et
498 1523 640 1605 origine
662 1524 771 1607 hujus
794 1541 904 1589 novoe
927 1522 1099 1588 editionis
1122 1521 1359 1603 epistolarum

542 1624 782 1690 Romanorum
808 1624 1030 1707 pontificum.

259 1790 289 1856 i.
322 1783 442 1856 Multa·
460 1787 579 1871 erant,
607 1806 703 1876 quae
730 1784 777 1856 ad
804 1805 939 1855 novam
964 1782 1164 1855 editionem
1183 1781 1424 1875 epistolarum

141 1903 403 1976 Romanorum
421 1901 639 1996 pontificum
665 1902 790 1975 doctos
808 1925 935 1975 omnes
948 1902 1030 1994 jam
1048 1901 1188 1971 dudum
1206 1901 1422 1972 invitarent.

142 2021 235 2094 Sive
263 2023 361 2094 enim
388 2021 585 2107 historiam
611 2022 689 2093 sive
721 2021 929 2094 doctrinam
956 2024 1024 2093 aut
1045 2020 1107 2112 jus
1134 2019 1425 2092 ecclesiasticum

142 2141 395 2237 spectavere,
423 2141 462 2210 in
488 2140 562 2210 illis
589 2140 669 2211 fons
695 2140 848 2233 quidam
880 2140 1080 2234 primarius
1108 2139 1312 2225 invenitur;
1348 2138 1425 2211 sive

143 2261 249 2332 viros
275 2259 372 2352 ipsos
398 2259 616 2353 respexerit,
645 2281 734 2352 prae
752 2259 922 2331 omnibus
949 2258 1127 2331 memoria
1144 2257 1267 2329 lucida
1289 2257 1425 2353 dignis·

142 2378 236 2451 simi
277 2382 376 2449 sunt.
435 2376 573 2450 Verum
607 2378 697 2450 haec
729 2360 880 2471 quidem
910 2401 968 2449 res
1008 2400 1111 2450 secus
1150 2380 1317 2450 tractata
1356 2381 1423 2449 est.

144 2497 276 2582 Quum
303 2496 403 2569 enim
420 2495 659 2569 Constantius
686 2498 805 2591 etqui
824 2496 949 2568 studia
975 2496 1053 2589 ejus
1071 2496 1288 2569 continuare
1306 2519 1425 2570 susce·

143 2620 289 2712 perunt
316 2614 540 2709 Mopinotius
567 2619 606 2687 et
632 2614 830 2687 Druandus
857 2617 958 2687 mala
992 2616 1144 2687 fortuna
1170 2608 1218 2687 ab
1245 2616 1424 2710 incoeptis

142 2735 316 2830 propulsi
335 2738 475 2812 essent,
494 2734 557 2805 vix
575 2758 709 2807 manca
725 2735 902 2828 repetitio
915 2736 997 2828 jam
1016 2735 1105 2808 editi
1124 2735 1243 2829 operis
1262 2738 1423 2821 tentata,

142 2876 271 2926 norae
298 2876 407 2925 curae.
434 2855 466 2924 ei
494 2852 707 2925 nullatenus
735 2853 908 2925 admotae
935 2857 1033 2925 sunt.
1074 2853 1261 2925 Nimirum
1287 2855 1350 2946 qui
1378 2853 1425 2925 ad

144 2973 186 3045 id
214 2972 317 3044 omni
345 2994 388 3043 ex
415 2975 522 3066 pane
549 2971 721 3044 adomati
748 2977 856 3044 erant
881 2973 952 3044 viri
979 2972 1087 3060 docti,
1123 2974 1190 3042 aut
1217 2972 1351 3043 animis
1379 2971 1424 3044 ad

142 3092 228 3163 alia
256 3090 380 3162 studia
406 3091 562 3163 honesta
589 3095 627 3162 ct
652 3091 757 3165 bonis
788 3092 925 3163 litteris
953 3090 1062 3162 utilia
1089 3090 1320 3177 ferebantur,
1355 3086 1426 3162 'aut

141 3209 266 3283 vertis
293 3210 412 3282 causis
440 3209 681 3282 fastidiebant
707 3211 807 3296 illud,
836 3234 902 3282 uec
929 3210 1093 3297 deerant,
1121 3210 1184 3302 qui
1210 3232 1361 3302 operam
1388 3211 1426 3282 et

145 3329 346 3424 ingenium
372 3352 481 3400 suum
508 3329 616 3402 rebus
650 3332 717 3402 aut
744 3330 832 3401 viris
859 3329 1038 3402 memoria
1072 3328 1335 3422 indignissimis
1363 3328 1425 3400 ad-

144 3453 300 3521 vertere.
326 3447 526 3520 malebant.
566 3447 666 3519 Alios
693 3448 808 3521 etiam
836 3449 954 3543 operis
981 3447 1181 3520 difficultas
1207 3451 1246 3519 ct
1263 3447 1427 3520 locorum

143 3584 438 3661 temporumque
464 3566 641 3660 iniquitas
668 3566 902 3656 deterruerit,
936 3591 1051 3660 quum
1076 3589 1142 3660 pro
1170 3565 1248 3657 ejus
1276 3566 1424 3660 integri-

145 3698 237 3760 tate
264 3686 498 3779 aliquatenus
525 3685 755 3759 restituenda
782 3688 857 3758 tere
877 3686 1062 3757 innumeri
1079 3685 1165 3756 libri
1183 3684 1352 3769 adeundi,
1381 3707 1425 3757 ex

141 3805 412 3877 diversissimis
438 3804 710 3878 collectionibus
738 3809 776 3877 et
802 3805 1058 3878 remotissimis
1080 3803 1262 3876 codicibus
1281 3803 1426 3898 singula

142 3923 383 3997 enucleanda
408 3929 541 3996 essent.
594 3922 654 3995 lta
685 3923 834 4017 quidem
867 3924 1109 4005 factumest,
1150 3926 1193 3993 ut
1219 3944 1309 4016 opus
1336 3922 1425 3994 illud

141 4042 407 4115 desiderarent
432 4042 597 4136 plurimi,
626 4066 734 4114 nemo
760 4044 853 4115 serio
880 4065 1093 4137 promovere
1120 4045 1278 4113 (arraret.

260 4165 293 4233 2.
336 4160 453 4246 Quam
479 4185 559 4234 rem
585 4184 700 4254 quum
720 4161 801 4253 jam
828 4161 975 4253 juvenis
1009 4184 1118 4256 aegre
1151 4183 1295 4254 semper
1320 4160 1425 4232 tulis·

143 4306 246 4368 sem,
272 4280 425 4353 tandem
442 4278 510 4353 Dei
537 4280 674 4352 auxilio
700 4279 856 4351 confisus
883 4281 960 4374 ipse
978 4280 1129 4374 aggredi
1147 4279 1335 4353 constitui.
1372 4279 1425 4352 Ac

145 4401 287 4473 statim
314 4400 434 4495 magis
461 4422 663 4494 congruum
681 4398 868 4491 doctisque
886 4399 1056 4470 omnibus
1073 4402 1224 4494 gratum
1242 4398 1320 4469 fore
1334 4398 1425 4470 mihi

147 4522 277 4592 visum
304 4523 370 4595 est.
399 4518 430 4590 si
456 4518 616 4612 primum
644 4518 888 4611 prosecutioni
917 4518 1124 4590 studiorum
1152 4517 1359 4589 l'luistantii
1387 4521 1425 4589 et

148 4646 316 4713 tratrum
344 4637 626 4708 Balleriniorum
654 4660 807 4708 manum
835 4638 1080 4713 adurererem.
1115 4642 1153 4707 et
1181 4638 1248 4708 liar
1275 4636 1422 4708 demum

146 4765 264 4856 [ano
291 4756 461 4829 absoluta
488 4757 632 4827 illorum
659 4778 792 4828 novum
821 4755 1018 4828 editionem
1046 4779 1225 4829 curarem.
1270 4753 1425 4827 Omnem

145 4879 271 4973 igitur
299 4876 336 4946 in
363 4875 400 4945 id
426 4874 565 4946 intendi
593 4875 776 4961 animum,
812 4879 855 4946 ut
881 4876 992 4946 simili
1020 4875 1143 4952 modo,
1178 4897 1250 4968 quo
1278 4874 1328 4945 'dli
1355 4873 1426 4945 riri

182 5008 347 5047 unroco:
360 5006 465 5044 nonin,
479 5006 592 5042 rororis.
611 4992 632 5042 1.
1205 5012 1224 5052 a
