3412 5664
328 337 391 400 980
773 355 801 403 s.
818 355 1024 406 nouursnan
1047 356 1161 403 aaran

207 517 241 578 (a.
254 515 322 579 521.)
337 507 438 570 canda
465 506 561 590 facis,
591 510 625 570 et
653 529 690 570 ea
718 507 849 573 suadere
879 531 944 572 uon
973 509 1090 573 differs.
1142 509 1402 595 Praerogativam
1428 511 1460 575 de
1484 515 1554 577 notri

335 608 526 692 sumpsimus
548 609 703 673 electione
720 609 850 692 judicii,
874 611 1001 694 quando
1024 610 1057 674 id
1079 611 1146 694 te2)
1168 615 1335 695 operatum
1358 618 1462 696 sponte
1479 615 1555 678 didici·

335 731 421 790 mus,
453 709 535 794 quod
559 712 673 775 ceteris
695 711 898 795 imperamus.
945 713 1081 776 Oramus
1104 713 1260 796 siquidem
1283 713 1422 794 divinat)
1445 715 1556 780 beneficia

336 814 468 875 cunctos
484 833 668 896 agnoscere,
686 816 719 877 et
733 813 794 877 hoc
810 814 849 877 ad
865 818 897 877 te
913 813 1018 877 studio
1034 815 1270 879 ecclesiasticae
1286 815 1375 898 pacis
1390 816 1557 880 iustrumeuls

336 913 580 978 transmisimus,
624 914 673 978 Tu
694 919 769 979 vota
797 918 908 979 nostra
936 920 969 978 et
995 915 1080 980 fideli
1108 917 1328 1001 intelligentia
1356 919 1558 1001 percepistis

334 1015 433 1079 officii
461 1015 606 1099 protinus
634 1017 803 1081 devotione
836 1018 1018 1102 complesti,
1054 1018 1177 1081 cunctis
1204 1019 1361 1082 iratribus
1387 1019 1557 1100 innotescens,

335 1140 415 1201 quae
438 1141 494 1203 per
517 1119 685 1183 coelestem
714 1120 855 1202 gratiam
884 1119 1008 1192 cunctis
1036 1119 1205 1202 profutura
1235 1143 1438 1205 cognoveras.
1477 1121 1559 1186 Suffra-

334 1220 487 1303 gantibus
510 1220 609 1305 igitur
631 1220 691 1284 tibi
713 1223 762 1284 tot
787 1222 909 1285 meritis
937 1221 1010 1304 piae
1038 1220 1264 1286 sollicitudinis
1293 1226 1326 1286 et
1355 1223 1478 1304 laboris,
1502 1229 1560 1286 cene

330 1322 400 1403 jam
420 1323 559 1386 delectat
572 1322 753 1407 injungere,
777 1345 858 1407 quae
874 1322 913 1386 ad
929 1325 1031 1387 nostri
1047 1344 1156 1386 cruam
1173 1327 1302 1388 constat
1316 1325 1412 1388 oflicii
1427 1325 1559 1409 pert-inere

335 1426 370 1487 ut
391 1424 563 1507 provinciis
586 1426 679 1488 tanta
700 1424 939 1508 longinquitate
961 1425 1132 1508 disjunctis
1160 1429 1193 1489 et
1220 1429 1364 1489 nostram
1393 1427 1484 1510 possis
1501 1425 1560 1490 erhi-

336 1526 411 1588 bere
433 1548 614 1609 personam,
639 1529 672 1589 et
692 1530 822 1609 patrum
843 1526 963 1610 regulis
986 1525 1136 1590 adhibere
1152 1527 1340 1592 custodiam.
1379 1527 1467 1592 Vices
1486 1529 1560 1611 itaque

334 1631 460 1692 nostras
482 1650 540 1712 per
562 1627 728 1692 Baeticam
749 1627 1045 1713 Lusitaniamquell
1073 1629 1271 1713 provincias,
1304 1629 1401 1694 salvis
1426 1630 1560 1713 privilegiis

334 1753 415 1814 quae
437 1730 691 1814 metropolitanis
714 1731 871 1815 episcopis
894 1730 1035 1794 decrevit
1063 1731 1254 1815 antiquitas,
1285 1733 1444 1815 praesenti
1464 1731 1559 1796 aucun·

333 1835 400 1896 tate
433 1832 676 1916 committimus,
714 1835 869 1917 augentes
899 1837 990 1896 tuam
1023 1832 1117 1916 liujus
1151 1834 1402 1918 participatione
1432 1833 1558 1897 ministerii

334 1933 538 2019 dignitatem,
565 1935 743 1999 relevantes
766 1936 892 1997 nostras
914 1933 1056 2016 ejusdem
1078 1935 1219 1999 remedio
1239 1935 1481 2020 dispensationis
1497 1956 1559 1998 erra

334 2034 413 2099 bias.
458 2036 503 2100 Et
523 2035 601 2101 licet
623 2036 662 2100 de
683 2035 820 2120 singulis
842 2057 908 2099 nou
931 2035 1077 2120 indigeas
1101 2036 1241 2119 edoceri,
1272 2039 1325 2118 a⁵l
1351 2060 1412 2122 quo
1433 2037 1492 2120 jam
1513 2057 1559 2120 pro

334 2137 478 2202 bavimus
500 2139 623 2202 caulius
638 2137 788 2202 universa
810 2137 939 2219 servari,
964 2138 1088 2221 gratius
1102 2140 1212 2202 tamen
1228 2161 1297 2204 esse
1312 2139 1403 2222 solet,
1425 2139 1449 2202 si
1456 2140 1479 2215 a,
1496 2136 1559 2202 ituris

334 2242 452 2304 trames
474 2239 663 2323 ostenditur,
687 2242 720 2303 et
741 2238 933 2303 laboraturis
955 2239 1094 2322 injuncti
1116 2241 1222 2324 operis
1244 2241 1349 2305 forma
1371 2244 1543 2305 monstrata.

418 2343 449 2407 2.
484 2340 640 2406 Paternas
662 2340 764 2426 igitur
785 2340 913 2425 regulas
936 2343 969 2404 et
990 2340 1118 2405 decreta
1141 2344 1296 2407 asanctis
1313 2342 1442 2407 definita
1456 2339 1558 2406 masiliis

334 2444 375 2506 ab
397 2444 544 2508 omnibus
567 2441 723 2508 servanda
744 2442 943 2506 mandamus.
988 2442 1028 2507 In
1049 2441 1099 2506 his
1122 2443 1327 2528 vigilantiam
1356 2448 1457 2527 tuam,
1480 2440 1558 2507 iulis

335 2568 443 2609 curam
464 2546 627 2610 fraternae
650 2545 774 2609 monitu
796 2543 1026 2609 exhortationis
1048 2545 1256 2610 ostendimus.
1306 2545 1367 2610 His
1389 2569 1440 2628 ca,
1465 2566 1514 2629 qm
1528 2541 1557 2605 di·

334 2670 436 2733 gnum
469 2651 532 2731 est,
575 2647 754 2711 reverentia
789 2646 955 2712 custoditis
989 2647 1113 2710 nullum
1151 2647 1306 2732 relinquit
1345 2649 1452 2733 culpae
1485 2646 1556 2709 locun

334 2751 496 2833 sanctae⁷)
524 2749 756 2814 observationis
778 2749 988 2812 obstaculum.
1033 2748 1083 2813 Ibi
1108 2749 1159 2813 fas
1187 2750 1343 2834 nefasque
1371 2748 1556 2833 praescripta

334 2856 392 2935 est,
416 2852 461 2915 ibi
483 2851 690 2936 prohibitum,
715 2850 755 2914 ad
777 2850 861 2935 quod
882 2850 989 2916 nullus
1012 2850 1127 2914 audeat
1142 2851 1317 2936 adspirare,
1343 2852 1387 2916 ibi
1406 2869 1556 2925 concauam,

333 2954 407 3038 quid
436 2953 550 3018 debeat
571 2975 661 3017 mens
683 2952 752 3016 Deo
781 2953 938 3037 placitura
964 2975 1177 3037 praesumere.
1223 2952 1355 3028 Quoties
1383 2949 1559 3027 univcrsun‘l

333 3056 436 3140 poscit
457 3055 623 3140 religionis
647 3076 741 3119 causa
765 3054 949 3136 concilium,
980 3058 1013 3118 te
1035 3055 1143 3119 cuncti
1165 3055 1282 3119 fratres
1309 3060 1458 3121 evocante
1482 3072 1560 3118 onore

333 3158 441 3222 aiant:
470 3157 550 3221 etsi
576 3179 654 3242 quos
684 3178 791 3221 eorum
814 3157 962 3240 specialis
990 3156 1114 3241 negotii
1141 3155 1249 3239 pulsat
1276 3158 1461 3242 intentio⁹)‚
1482 3153 1562 3240 jurgia

333 3260 493 3324 intereos
516 3260 628 3324 oborta
652 3280 826 3344 compesce,
851 3258 993 3323 discussa
1015 3259 1114 3322 sacris
1137 3259 1263 3343 legibus
1279 3258 1565 3324 determinandoccr·

333 3362 465 3462 tamina,
503 3360 661 3446 Quidquid
684 3363 791 3425 autem
813 3359 927 3445 illiel‘l)
949 3381 1007 3444 pro
1028 3360 1091 3425 fide
1113 3364 1145 3424 ct
1167 3361 1329 3425 veteribus
1352 3361 1522 3427 constitutis
1533 3355 1568 3423 vel

398 3551 419 3617 ²)
437 3549 481 3602 Ita
497 3547 554 3602 Ji².
585 3548 627 3601 Al.
647 3549 690 3601 ed.
709 3559 734 3602 te
755 3560 847 3616 sponte
864 3553 993 3615 amplecti,
1018 3548 1050 3601 0¹
1071 3558 1095 3601 te
1112 3560 1202 3616 sponte
1220 3554 1339 3616 operari.
1362 3549 1392 3601 J²
1410 3562 1435 3604 te
1450 3561 1531 3618 sponte
1547 3552 1573 3599 li-

330 3640 448 3694 dirimam
466 3633 643 3702 corriguntur
660 3648 694 3686 ex
710 3633 818 3702 probae
835 3634 919 3686 notae
937 3649 998 3685 mss.
1020 3634 1036 3702 β
1051 3637 1081 3699 Γ,
1099 3632 1200 3701 quibus
1218 3633 1335 3702 vulgata
1352 3633 1391 3687 ad
1409 3653 1429 3688 s.
1446 3634 1578 3704 Remigium

333 3718 453 3787 epistola
469 3718 648 3786 suffragatur.

399 3807 419 3871 ³)
437 3804 481 3857 lta
498 3803 514 3856 J
527 3805 543 3873 β
559 3807 584 3856 Γ
599 3803 628 3856 et
645 3801 678 3867 il,
703 3801 755 3855 nisi
777 3803 851 3870 quod
872 3803 892 3855 i²
911 3814 934 3856 ct
957 3808 1026 3857 laec.
1064 3802 1106 3855 Al.
1125 3802 1167 3856 ed.
1191 3809 1301 3858 diuinam
1323 3813 1480 3860 clementiani
1502 3818 1586 3859 urta

331 3898 355 3941 ct
374 3893 436 3941 lraec
453 3894 603 3944 anteludia:
621 3886 735 3955 quidam
753 3904 815 3941 mss.
834 3887 929 3954 (etiam
947 3887 985 3953 J²)
1004 3899 1031 3941 et
1047 3892 1094 3940 lwc
1111 3894 1147 3941 art
1162 3894 1254 3943 studia.

399 3975 419 4040 ⁴)
437 3972 458 4024 i²
478 3977 681 4041 Lusitaniamque
697 3978 860 4038 prouinciam.
896 3972 960 4026 Mox
973 3990 1008 4026 cc
1025 3979 1157 4041 praesenti
1173 3977 1219 4027 tibi
1235 3982 1407 4033 arctarirate.

400 4062 420 4125 Ι’1
438 4058 481 4111 lta
497 4057 591 4126 plures
608 4073 673 4110 mss.
692 4056 749 4109 Jil.
779 4057 807 4108 J²
820 4074 856 4110 cc
874 4078 944 4125 qiam
956 4063 1013 4123 jam
1085 4078 1198 4111 rernm-e.

398 4146 419 4209 6)
437 4142 464 4193 J²
477 4158 511 4194 cc
528 4148 552 4194 si
569 4148 658 4194 iterum
676 4153 768 4194 trames
786 4148 929 4195 ostenditur
946 4154 971 4194 et
988 4145 1083 4196 laboris
1102 4142 1139 4207 1.Ιῖ
1156 4146 1325 4212 laboratoris)
1345 4153 1479 4213 injunctio
1496 4157 1601 4220 ruperim

328 4233 440 4294 larinate
458 4237 620 4281 neaustratnr.
656 4225 847 4279 Emendantur
865 4243 898 4279 ex
917 4226 1008 4295 (il'Jl
1023 4224 1056 4291 i²,
1075 4228 1185 4280 favente
1203 4227 1286 4297 epist.
1305 4230 1344 4283 1111
1365 4233 1480 4305 Remlg.

398 4312 419 4383 7)
438 4313 482 4365 lta
500 4310 600 4380 tlt'J1,
619 4312 672 4364 lav.
692 4326 734 4379 ep.
754 4310 791 4364 ad
808 4310 916 4379 Itemig.
952 4310 1028 4364 Editi
1046 4330 1092 4363 nec
1108 4322 1222 4371 saraciae.
1253 4313 1349 4367 Porro
1362 4321 1523 4374 obstaculum
1539 4325 1602 4376 :eeu

331 4416 396 4451 casu
414 4397 540 4462 euenor,
559 4395 638 4464 quasi
656 4394 762 4448 diceret
778 4395 940 4449 Hormisda:
972 4400 1069 4449 Nullam
1081 4402 1201 4465 relinquit
1213 4404 1308 4465 calpae
1325 4408 1424 4465 locun,
1443 4412 1489 4474 qui
1505 4422 1602 4461 unet·

331 4487 530 4537 attenuationem
548 4488 572 4535 ei
590 4487 703 4549 opponit.

398 4571 418 4634 8)
437 4584 472 4621 cc
490 4567 519 4620 et
535 4566 628 4635 plures
646 4583 708 4619 mss.
728 4565 823 4632 (etiam
837 4566 874 4634 11)
893 4573 1042 4622 anniversalis
1064 4574 1147 4636 poscit
1165 4573 1302 4636 retiptonts
1319 4591 1408 4628 carrea
1427 4582 1465 4631 aet
1482 4584 1602 4632 mnan

330 4652 471 4706 laudatos
490 4651 630 4719 sequimur
649 4652 665 4720 β
680 4651 739 4704 Γ.1Ι
754 4652 787 4711 it,
806 4651 924 4721 epistola
942 4651 978 4705 ad
995 4651 1103 4721 ltemig.
1124 4652 1162 4705 eis
1180 4653 1393 4712 consentiente.

397 4741 418 4804 ⁹)
436 4735 512 4789 Editi
530 4743 664 4791 contentio.
701 4738 738 4789 at
755 4755 817 4791 mss.
837 4754 939 4806 magno
958 4752 1092 4791 consensu
1110 4744 1227 4799 intentio,
1249 4741 1330 4807 quod
1351 4751 1400 4798 est
1418 4752 1451 4799 lis
1470 4753 1574 4802 intenta

400 4825 430 4891 10)
449 4821 494 4875 Sic
511 4821 531 4878 i²
550 4839 610 4875 cum
633 4821 793 4876 melioribus
816 4840 878 4876 mss.
903 4821 997 4890 (etiam
1015 4823 1061 4891 ll).
1104 4821 1264 4889 Attalium
1288 4827 1386 4891 ‚1²qu
1408 4838 1475 4891 ara,
1499 4838 1528 4887 et
1549 4835 1602 4887 intr.

328 4912 451 4973 formabis
466 4922 519 4977 pro
533 4912 656 4974 firurabis.
