3412 5664
434 340 578 390 nosram
602 341 712 393 uersa.
736 342 810 391 noa
831 335 1001 392 assarna.
1025 344 1058 390 a.
1076 344 1255 392 arra-xx.
1416 330 1480 396 283

244 500 346 586 praed
363 502 505 560 Thalaslum
520 502 651 560 scriberet
665 458 725 579 lep.
746 504 804 578 16),
825 506 852 561 h.
870 522 895 560 e.
911 504 955 561 clia
972 506 987 561 1
1005 504 1064 577 llaji
1080 507 1141 562 anai
1157 503 1228 569 490,
1245 506 1365 563 noadurrr
1380 509 1492 571 certior¹

246 597 305 653 lactus
316 586 409 647 iuerat.
430 586 505 646 Unde
520 588 625 646 litteras
640 589 699 647 illas
714 607 769 647 nou
785 591 868 666 lenge
883 598 955 666 post,
972 589 1092 663 ejusdem
1109 594 1169 648 anni
1185 590 1248 651 490
1263 593 1349 655 Initio,
1365 594 1479 668 scriptas

181 678 185 711 ·'
248 674 365 737 menne
377 683 471 732 umere
486 674 652 750 colligimus.

790 786 895 854 XVII.

254 916 305 958 xmo
318 897 372 959 490
384 900 441 957 eod.
464 905 549 973 temp.
581 900 704 957 Zenonis
725 903 911 974 imperatoris
932 901 972 956 ad
990 899 1118 958 Felicem
1138 919 1248 974 papam
1268 903 1304 958 de
1327 904 1426 959 cadem
1445 919 1479 959 re

362 987 482 1043 litterae.

311 1086 465 1144 Pereosslem
480 1086 585 1163 legatos
601 1089 673 1144 mtsit
687 1088 759 1143 Zeno
781 1086 811 1142 ad
834 1086 950 1145 Felicem
972 1088 1076 1145 litteras
1096 1105 1172 1152 suas,
1195 1090 1221 1145 ia
1243 1088 1342 1164 quibus
1362 1091 1478 1164 primurn

181 1178 185 1281 ᾖ
256 1170 392 1247 pellebatur,
406 1189 468 1229 sese
484 1176 631 1248 rctiyionis
646 1191 747 1230 curam
763 1176 1009 1248 ecclesiarumque
1020 1192 1125 1247 pacem
1141 1179 1285 1232 arraiaersis
1299 1177 1479 1248 reipublicae

181 1294 189 1337 y
256 1262 339 1331 septis
349 1266 526 1331 anteponere,
547 1257 665 1332 ideoque
684 1257 735 1315 sibi
756 1257 846 1315 stadio
868 1257 966 1322 irrisse,
989 1267 1018 1316 ut
1040 1261 1062 1315 is
1079 1260 1411 1333 Constantinopolitanae
1431 1279 1477 1319 sa·

181 1362 186 1421 ³.
255 1358 429 1415 pernomunere
441 1351 635 1419 prosequente
645 1347 865 1418 praeficeretur
880 1349 1007 1416 antistes,
1032 1349 1083 1420 qui
1096 1353 1124 1403 et
1138 1365 1246 1403 ntorum
1259 1349 1406 1418 probitate
1418 1348 1478 1421 ful·

181 1428 183 1433 '
256 1437 310 1501 ytret
320 1438 416 1503 elprae
427 1432 556 1487 omnibus
567 1430 747 1488 orthodoxae
756 1432 826 1503 fidei
836 1432 961 1502 polleret
978 1434 1090 1503 (affectu
1106 1430 1172 1505 (Fal.
1186 1449 1228 1506 cp.
1245 1431 1322 1489 1511.
1339 1431 1375 1505 1).
1393 1432 1479 1488 SImul

257 1513 310 1571 stim
320 1517 362 1573 roti
373 1532 400 1573 se
414 1524 569 1591 compotem
586 1516 686 1573 lactura
702 1532 762 1572 csso
777 1515 971 1591 gratulabatur,
988 1516 1165 1592 addebatque,
1188 1520 1357 1575 dcsiricrure
1372 1534 1403 1576 se
1419 1519 1477 1576 Ec·

257 1600 330 1657 mine
340 1590 551 1672 causam,'sicut
565 1603 700 1660 diuinitus
713 1605 870 1659 institutum
886 1609 937 1673 est,
953 1605 1123 1676 pontificum
1139 1605 1319 1661 orciiuationc
1336 1609 1475 1677 componi.

257 1680 388 1744 humanm
401 1685 573 1763 presbyterio
599 1687 626 1744 h.
648 1704 672 1744 o.
695 1694 753 1743 toto
775 1687 849 1743 clero
870 1686 989 1744 Romano
1011 1689 1136 1744 recitatae
1157 1697 1221 1745 sunt
1237 1689 1285 1746 lrae
1300 1690 1407 1746 litterae
1423 1707 1477 1746 aoa

181 1476 184 1505 ι

181 1594 183 1665 l

181 1670 189 1951 ᾗ
255 1767 565 1933 ¹letgslnrrlgtmtium5)plausu.
589 1772 667 1845 cujus
683 1772 791 1847 quidem
807 1773 858 1848 ipsi
881 1774 960 1829 etiarn
977 1780 1061 1830 testes
1077 1772 1192 1837 lucrant,
1209 1776 1314 1849 quiens
1331 1775 1478 1833 attulerant

337 1875 376 1915 .c.
389 1876 416 1915 a.
466 1902 473 1915 .

181 2054 184 2105 l

181 2156 183 2185 ι

181 2364 185 2397 Ι

776 1970 897 2036 XVIII.

253 2076 436 2139 misceor.
451 2088 536 2155 temp.
568 2083 676 2155 Rufini,
693 2084 793 2139 lliiari
814 2099 850 2138 ac
874 2082 1004 2140 Thalassii
1024 2084 1321 2141 archimandritarum
1337 2084 1477 2142 Constan-

360 2171 612 2241 tinopolitanorum
638 2170 678 2224 ad
701 2170 825 2225 Felicem
849 2186 959 2240 papum
983 2171 1017 2225 de
1038 2175 1176 2226 contexta
1198 2171 1333 2228 Fluaitee
1350 2169 1477 2243 fallacia

361 2255 548 2310 adnuntiatio.
782 2300 799 2313 ,

309 2349 392 2411 lateres
406 2353 529 2419 linimus,
544 2355 659 2412 llilarius
674 2373 704 2412 ac
720 2355 868 2419 Thalasius,
884 2358 974 2431 regiae
990 2355 1063 2412 urbis
1080 2355 1312 2421 arclrImaadritae,
1335 2360 1420 2423 veriti,
1443 2375 1477 2416 ue
1596 2372 1602 2383 “

181 2422 185 2501 i
247 2420 302 2489 '0¹5¹
313 2434 410 2498 breue
435 2441 507 2498 dolis
527 2441 707 2516 dchperetrr,
730 2441 876 2498 nonnullos
898 2459 913 2497 e
934 2443 1071 2498 urenaclrls
1091 2444 1148 2499 suis
1170 2442 1279 2500 lloruara
1301 2444 1476 2500 ‹lostinarrdos

181 2516 183 2521 ’
244 2507 354 2580 inermi.
379 2524 411 2583 Et
426 2544 460 2584 eo
477 2526 584 2602 quidem
600 2528 643 2582 vix
657 2529 774 2602 ingressi
795 2536 871 2584 eruat
892 2526 1009 2583 Flavitae
1031 2528 1121 2603 legati,
1145 2545 1227 2602 quara
1244 2531 1389 2586 monachos
1404 2529 1475 2592 illos.

181 2618 183 2625 '
241 2590 371 2681 dltintcum
384 2609 437 2670 lide
451 2612 518 2669 nihil
534 2611 679 2676 dubitabat,
701 2611 774 2669 Felix
796 2612 936 2669 advenisse
952 2613 1061 2670 audivit.
1092 2612 1210 2670 Primum
1226 2631 1273 2671 eos
1295 2630 1350 2671 aon
1372 2614 1421 2671 alia
1444 2615 1477 2671 de

239 2692 305 2747 Μ
315 2697 403 2755 semme
417 2698 588 2762 existimavit,
610 2699 661 2754 uisi
685 2706 714 2754 ut
729 2698 916 2754 damnaturum
930 2700 948 2754 i.
966 2715 990 2754 e.
1007 2700 1095 2756 hereti
1111 2708 1139 2756 et
1153 2698 1226 2756 Petri
1242 2700 1413 2757 Alexandrini
1428 2718 1477 2757 ao·

235 2766 401 2840 'herrm
416 2782 551 2859 diptychis
568 2783 675 2841 tandem
690 2792 794 2840 remota
813 2801 873 2840 esse
893 2782 1113 2841 testificarentur.
1145 2785 1179 2841 ht
1199 2785 1238 2842 illi
1260 2787 1476 2859 praepositorum

231 2860 327 2921 ΝΜ
338 2869 460 2943 epistolas
475 2868 640 2932 deserebant,
658 2869 765 2944 quibus,
781 2877 811 2925 ut
827 2869 1006 2944 Theophanes
1022 2870 1110 2933 tradit,
1134 2869 1167 2926 de
1182 2871 1282 2927 litteris
1297 2873 1476 2928 communica·

229 2936 426 3012 &flamna
440 2954 474 3011 ad
489 2954 599 3012 Petrum
615 2955 822 3012 Alexandriana
844 2956 932 3011 missis
949 2954 1023 3011 Felix
1039 2955 1241 3012 admonebatur.
1271 2955 1347 3013 [lade
1368 2958 1391 3011 is
1408 2973 1477 3031 papa

346 3039 406 3097 ratri
426 3039 509 3113 hujus
530 3041 650 3116 episcopi
672 3042 788 3098 aularum
810 3042 938 3115 omnique
959 3039 1012 3097 irde
1038 3040 1180 3116 indignum
1200 3059 1260 3098 esso
1280 3042 1410 3116 cognorit
1429 3039 1476 3114 (ci.

220 3094 371 3197 temrpus.
389 3124 428 3183 14
443 3144 472 3183 n.
489 3125 529 3199 a).

796 3238 884 3303 XIX.

212 3338 362 3405 ”meliti
374 3350 400 3406 d.
419 3349 435 3405 1
455 3347 530 3423 Maj.
560 3350 669 3407 Felicis
684 3353 724 3407 ad
736 3352 829 3407 dictos
844 3351 1092 3407 archimandritas
1107 3353 1290 3424 rescriptam.

303 3442 393 3515 Talao,
405 3449 505 3508 llilario
520 3468 551 3508 ac
563 3452 695 3517 Thalasio,
711 3454 758 3527 qui
773 3454 823 3527 ipsi
834 3454 1005 3527 scripserant,
1022 3469 1102 3529 qaam
1113 3454 1229 3527 primum
1240 3453 1379 3528 rescripsit
1391 3451 1474 3510 Felix.

273 3540 329 3601 {tat
345 3534 425 3594 lectas
445 3535 565 3601 litteras,
592 3555 675 3613 quum
697 3538 820 3595 aonnilril
840 3538 1017 3610 adjicIendum
1039 3538 1170 3603 duxisset,
1191 3555 1286 3594 novam
1308 3540 1477 3596 concinnavit

208 3600 348 3678 witlam
360 3620 485 3680 Calendis
500 3621 573 3695 llajls
589 3625 651 3681 amri
666 3622 729 3683 490
744 3625 938 3700 consignatam,
960 3643 990 3681 ac
1007 3632 1152 3699 utramque
1173 3625 1303 3699 scriptum
1325 3624 1477 3700 praedicto·

208 3694 284 3749 '¹¹¹¹
296 3705 543 3766 mammarum
559 3710 697 3767 monachis
713 3709 832 3766 tradidit.
859 3715 893 3766 ht
909 3712 1033 3786 primum,
1050 3710 1123 3785 quod
1140 3710 1248 3782 majoris
1263 3712 1392 3768 momenti
1409 3721 1476 3777 erat,

210 3778 319 3853 “Q
330 3800 406 3870 atque
421 3792 455 3850 ad
470 3810 520 3852 uos
536 3797 658 3871 pervenit
673 3795 810 3853 dumtaxat
824 3805 993 3871 postremum
1008 3795 1099 3869 (Felic.
1117 3797 1196 3871 epist.
1212 3794 1271 3867 16).

804 3942 865 4008 XX

221 4038 358 4109 “Mallo
375 4066 474 4109 mense
488 4050 582 4125 blojo.
612 4053 768 4127 Euphemii
787 4053 1094 4125 Constantinopolituni
1113 4055 1153 4110 ad
1166 4055 1291 4112 Felicem
1311 4073 1420 4129 papam
1440 4058 1475 4113 de

355 4139 538 4194 ordinatione
552 4154 607 4195 sua
620 4140 737 4196 litterae
752 4141 914 4213 synodales.

300 4230 350 4308 lpse
369 4256 440 4297 sano
461 4236 533 4302 490,
555 4247 627 4297 teste
648 4240 812 4316 Theophane
831 4260 894 4317 pag.
917 4241 987 4304 209,
1014 4244 1170 4315 synodales
1191 4245 1343 4317 Euphemii
1361 4246 1475 4300 litteras

238 4296 428 4399 'dhaerepit
446 4322 546 4399 qulbus
562 4326 605 4383 hic
620 4343 682 4383 earu
697 4329 840 4384 certiorem
856 4327 976 4391 iaciebat,
992 4343 1022 4383 se
1033 4328 1061 4383 in
1073 4327 1189 4385 Flaritae
1201 4328 1289 4386 locum
1301 4331 1475 4386 successisse.

245 4384 282 4491 qb
290 4418 343 4465 tero
355 4412 423 4468 silas
437 4414 562 4485 accepit,
578 4413 666 4486 inquit
681 4413 752 4469 idern
767 4414 892 4487 scriptor,
909 4416 937 4470 ei
950 4420 981 4470 at
996 4414 1139 4472 catholico
1155 4405 1359 4473 communionis
1370 4419 1474 4487 imper-

244 4478 272 4537 l'l
281 4500 445 4568 cumrerum,
468 4497 550 4554 haud
569 4504 664 4554 tamen
681 4503 847 4571 episcopum
863 4503 985 4573 ayneeit,
1002 4501 1079 4573 qaod
1092 4500 1196 4558 Aeacii
1210 4509 1238 4558 et
1251 4502 1386 4557 Ftaoitae
1408 4502 1476 4572 ejas

241 4580 380 4639 Metuens
394 4598 497 4640 nemen
513 4598 529 4638 e
544 4583 688 4657 diptychis
704 4603 759 4641 nou
777 4589 965 4656 expunxerit.
995 4582 1144 4659 Euphemio
1160 4586 1275 4660 quidem,
1298 4587 1329 4648 si,
1351 4602 1419 4660 qaae
1440 4586 1474 4642 de

238 4652 350 4735 hurum
364 4666 544 4743 Theophanes
560 4677 617 4725 turn
633 4667 762 4745 Euagrius
779 4670 807 4733 3,
824 4669 864 4727 23
880 4679 908 4726 ct
920 4670 1011 4727 Victor
1022 4670 1193 4728 Tuauaeasis
1210 4680 1326 4733 narrant.
1344 4672 1476 4746 tantisper

230 4745 379 4815 malimus
395 4769 497 4829 negare
511 4770 567 4811 noa
582 4754 644 4811 licet
660 4755 785 4812 catholici
806 4772 914 4820 nornen,
935 4758 1016 4813 immo
1038 4773 1099 4813 earn
1120 4757 1347 4814 Calchedonensis
1368 4756 1475 4814 concilii

227 4834 361 4894 mimam
381 4837 554 4896 defensorem
568 4842 706 4897 exstitisse
727 4840 894 4917 largiendum
915 4851 966 4898 est.
997 4842 1096 4899 Verum
1117 4860 1147 4899 ea
1169 4844 1282 4905 ratione,
1310 4859 1362 4917 qua
1383 4842 1475 4918 prohi-

218 4920 281 4983 bitas
291 4920 384 4981 dicitur
399 4922 483 4989 Felix.
499 4942 534 4983 ae
548 4942 610 4983 eum
625 4928 784 5003 episcopam
798 4936 967 5003 agnosceret,
984 4928 1122 5005 prohiberi
1138 4929 1216 4987 etiam
1232 4927 1334 4993 debuit,
1349 4945 1384 4985 ae
1398 4944 1474 4987 suam
