3450 5678
685 350 855 400 ammona
879 341 909 398 9.
1313 373 1316 376 <
1368 331 1431 397 699

161 507 272 592 phum.
318 504 395 581 Quis
426 505 536 570 credat
562 504 696 569 militem
729 505 798 588 ejus
826 504 861 568 in
886 502 994 579 labore
1028 507 1060 567 et
1087 503 1283 588 perfectione
1311 502 1429 566 habere
1452 511 1528 579 (poet

162 609 292 694 quidem
313 605 496 692 superantis
519 605 670 691 gloriam,
708 604 763 671 sed
792 605 1024 670 continentiam
1047 604 1236 692 subjugati?
1279 602 1430 670 Consum-
1443 579 1548 645 wll

162 710 259 774 matis
282 707 561 794 congressionibus
584 707 622 772 de
644 708 711 772 irae
733 707 931 772 haereditate
952 707 999 772 nil
1014 710 1174 772 remanet:
1197 727 1262 771 uno
1276 708 1430 790 tempore,

162 833 242 897 quos
264 811 460 895 perniciosos
483 808 656 873 adversarii
684 803 838 893 ¹viderint,
872 808 1006 873 blandos
1037 810 1184 874 sentiunt
1210 807 1333 873 tributa
1354 828 1431 891 pen-

163 914 287 978 dentes.
332 910 377 976 Et
404 910 485 976 haec
511 911 638 996 quidem
662 910 791 976 coelesti
813 913 1047 996 praeparantur
1074 933 1132 996 pro
1160 909 1221 974 hae
1243 909 1432 993 repensione

162 1015 328 1100 suffragio,
352 1013 426 1099 quia
448 1013 527 1077 fides
548 1016 661 1077 nostra
683 1013 767 1097 apud
789 1035 871 1096 enm,
896 1035 1011 1099 quum
1032 1013 1118 1077 aliud
1140 1012 1209 1097 ipre
1223 1015 1374 1095 sectetur,
1397 1011 1432 1074 in

162 1107 259 1202 portu
282 1118 340 1180 est.
386 1114 545 1179 Mirabilis
566 1114 740 1199 patientia,
765 1115 892 1199 quando
914 1117 1012 1180 tenax
1034 1114 1189 1200 propositi
1212 1115 1277 1195 sui,
1306 1112 1433 1177 clarita-

161 1222 230 1284 tem
252 1240 318 1283 non
340 1216 510 1282 obumbrat
533 1216 644 1300 alieni,
668 1238 744 1280 nam
766 1219 799 1281 et
820 1216 1025 1281 ecclesiarum
1043 1220 1225 1282 nostrarum
1239 1215 1432 1300 patrimonia

162 1319 277 1404 relabi,
301 1319 363 1383 nisi
386 1321 480 1383 aucta
502 1317 633 1402 fuerint,
657 1318 851 1404 ingemiscit.
897 1317 949 1384 Sic
970 1319 1093 1383 factum
1117 1321 1175 1402 est,
1199 1320 1290 1382 utet
1312 1319 1430 1381 statum

162 1444 257 1488 suum
284 1420 458 1504 locupletes
486 1441 663 1504 pauperum
691 1419 925 1507 substantiae²)
952 1424 1101 1503 teneant,
1132 1423 1165 1485 et
1190 1418 1363 1484 mediocres
1392 1419 1431 1482 ad

162 1544 347 1608 supremam
368 1521 567 1606 opulentiam
590 1522 824 1587 convalescant.
873 1521 913 1586 ln
934 1521 1151 1587 sacerdotibus
1172 1522 1308 1586 virtutes
1331 1523 1364 1584 et
1384 1520 1432 1584 in-

162 1629 259 1692 natas
287 1623 415 1710 colit³),
451 1627 484 1688 et
505 1645 572 1688 non
593 1626 736 1708 repertas
763 1624 911 1708 inspirat.
961 1623 1023 1689 Sed
1051 1645 1107 1688 cur
1128 1623 1361 1688 beatitudinem
1382 1644 1432 1686 ve-

162 1731 265 1792 stram
288 1724 484 1811 praejudicio
506 1725 612 1789 diffusi
635 1728 790 1791 sermonis
813 1725 1010 1810 anticipem?
1053 1723 1214 1791 Continuo
1236 1723 1433 1809 experientia

162 1832 272 1894 vestra
295 1831 328 1892 et
349 1826 502 1911 spiritalis
525 1825 580 1890 illa
603 1827 758 1911 perfectio
777 1827 926 1912 jejunum
952 1848 1003 1891 me
1031 1826 1142 1914 fuisse,
1159 1825 1194 1891 in
1215 1825 1307 1913 filiu)
1335 1825 1433 1889 vestri

161 1929 313 1995 laudibus
329 1929 506 2011 accusabit,
534 1932 567 1993 et
580 1950 678 2012 quum
700 1929 825 1994 soleant
847 1928 1035 2014 amplificari
1057 1928 1145 1993 facta
1168 1926 1348 2012 colloquiis,
1372 1929 1433 1991 ste·

162 2031 258 2096 rilem
280 2053 330 2095 me
352 2029 522 2095 relatorem
544 2029 583 2094 de
605 2031 761 2095 uirtutum
784 2031 853 2114 ejus
874 2051 978 2095 messe
1001 2030 1195 2096 causabitur.
1229 2029 1304 2093 Jam
1326 2049 1433 2093 saecu-

162 2134 250 2198 lares
272 2132 395 2218 apices,
425 2131 549 2196 curules
572 2135 604 2197 et
625 2130 769 2215 trabeas,
799 2133 952 2216 patricias
980 2132 1077 2197 etiam
1099 2131 1274 2218 dignitates
1297 2130 1434 2216 qualiter

163 2237 222 2300 aut
244 2238 379 2300 naturae
400 2233 513 2297 reddat
536 2237 591 2298 aut
612 2233 768 2318 moribus,
798 2233 964 2299 domestici
992 2234 1162 2319 perlatoris
1185 2231 1434 2318 adstipulatione

163 2336 326 2423 vulgetur.
371 2334 456 2399 Nam
479 2339 512 2399 et
532 2340 655 2400 veteres
677 2335 712 2399 in
735 2336 868 2421 antiqua
890 2336 1018 2422 generis
1047 2336 1118 2401 lucc
1140 2335 1254 2400 durare
1276 2333 1373 2417 facit,
1402 2338 1435 2398 et

164 2460 265 2504 novos
287 2437 456 2522 splendore
478 2436 639 2520 inopinati
659 2437 796 2523 fulgoris
817 2436 962 2502 irradiat.
1001 2437 1140 2503 Facilius
1162 2437 1344 2522 respublica
1365 2437 1434 2521 ejus

164 2541 252 2605 bono
273 2537 521 2623 dispensationis
544 2538 579 2602 in
601 2539 760 2623 privatam
782 2538 903 2624 migrat
923 2539 1136 2624 opulentiam,
1160 2561 1256 2624 quam
1275 2537 1434 2603 famulan-

165 2642 248 2707 tium
272 2661 387 2705 census
408 2640 443 2705 in
465 2640 611 2724 palatina
632 2640 721 2705 lucra
744 2644 965 2706 commutetur.

251 2743 282 2808 3.
322 2740 418 2807 Nunc
446 2741 529 2826 quod
556 2746 716 2826 superest,
754 2763 844 2807 meae
872 2743 1011 2808 servitiis
1044 2743 1247 2808 salutationis
1282 2742 1433 2828 acceptis,

168 2845 359 2931 prospicite,
394 2848 431 2909 ut
453 2841 599 2910 Christus
620 2844 804 2929 redemptor
833 2848 942 2909 noster
970 2844 1107 2930 quaein
1128 2845 1275 2930 praefato
1298 2844 1434 2909 clemen·

169 2946 327 3033 tissimol’)
349 2967 426 3032 rege
449 2944 661 3010 servientibus
684 2945 745 3010 sibi
762 2946 907 3029 contulit,
931 2946 1029 3031 longa
1045 2949 1150 3011 aetate
1167 2949 1342 3012 conservet.
1371 2945 1436 3010 Det

171 3049 266 3114 etiam
296 3048 388 3134 regni
417 3047 455 3111 de
483 3047 551 3131 ejus
573 3047 718 3132 germine
741 3069 969 3113 successorem:
1003 3070 1043 3112 ne
1071 3048 1157 3113 bona
1184 3048 1270 3113 tanti
1297 3046 1435 3112 hominis

171 3150 202 3214 iu
223 3172 290 3215 una
312 3152 418 3214 aetate
440 3152 656 3230 veterescant,
696 3152 728 3212 et
756 3149 923 3233 antiquata
949 3149 1145 3232 temporibus
1173 3172 1231 3234 pro
1259 3150 1327 3214 sola
1348 3151 1433 3213 aurei
1474 3156 1483 3173 ‘

173 3250 289 3317 saeculi
313 3250 612 3315 commemoratione
634 3250 857 3315 nominentur!

235 3525 257 3591 ἵ)
275 3521 354 3588 Quod
373 3521 514 3576 Enuodius
531 3522 614 3591 paulo
633 3523 699 3577 ante
716 3528 869 3591 patrimonia
887 3529 1060 3584 ecclesiarum,
1079 3538 1152 3577 nunc
1168 3542 1308 3592 puerperam
1319 3526 1435 3585 substau-

174 3614 219 3663 u'as
236 3609 331 3674 vocat,
355 3607 420 3675 quia
440 3606 621 3661 ecelesiarum
639 3606 820 3661 facultatibus
842 3623 981 3677 pauperes
999 3608 1198 3663 sustentantur.
1233 3607 1435 3663 'theodoricum

174 3699 264 3748 autem
282 3691 391 3758 laudat,
414 3691 488 3759 quod
506 3691 610 3757 effecit,
633 3694 664 3745 ut
687 3695 715 3746 et
732 3692 885 3761 locupletes
903 3692 1036 3748 ecclesiae
1053 3691 1121 3747 nihil
1139 3693 1168 3746 in
1185 3692 1365 3748 facultatibus
1381 3693 1436 3747 suis

175 3776 331 3833 detrimenti
347 3776 523 3847 paterentur,
543 3779 572 3830 et
590 3775 733 3846 augmenti
749 3776 900 3847 plurimum
916 3777 1094 3848 perciperent
1110 3776 1273 3832 mediocres.

237 3861 366 3931 ⁸)Hujus
389 3860 474 3915 etiam
497 3860 536 3914 roi
558 3861 639 3916 testis
663 3863 705 3916 est
728 3860 882 3932 Cyprianus
905 3863 933 3916 in
954 3862 1013 3917 vita
1035 3860 1158 3916 Caesarii
1180 3861 1361 3927 Arelatensis,
1389 3862 1436 3916 ubi

174 3947 297 4002 amictum
312 3945 391 4001 illum
409 3943 563 4000 antistitem
582 3946 772 4000 commentitia
784 3945 975 4002 criminatione
993 3947 1030 4001 ad
1047 3964 1076 4001 se
1088 3946 1213 4002 delatum
1225 3947 1330 4014 quauta
1344 3947 1436 4002 obscr-

175 4031 266 4086 rantia
283 4032 313 4085 et
328 4029 507 4085 veneratione
526 4029 642 4086 coluerit
655 4030 843 4085 Theudoricus
856 4030 962 4100 insigni
974 4032 1033 4100 ejus
1045 4031 1148 4087 virtute
1160 4032 1317 4101 permotus,
1335 4048 1436 4087 memo·

174 4114 229 4172 riae
247 4115 460 4171 commendavit.

237 4203 259 4271 ⁴)
277 4201 383 4255 Notata
401 4200 515 4270 dignum
534 4204 588 4266 est,
606 4217 702 4271 regem
719 4201 748 4255 in
765 4201 875 4256 haeresi
892 4201 1000 4262 natum,
1024 4201 1150 4270 adeoque
1168 4200 1204 4255 ab
1223 4204 1285 4256 ortu
1297 4202 1436 4257 Ecclesiae

174 4287 322 4352 exsortem,
340 4285 460 4339 Romani
476 4284 614 4355 pontificis
628 4292 704 4351 filium
722 4285 823 4341 vocari.

238 4373 260 4438 ³)
277 4369 434 4438 nequibitis
452 4387 484 4424 ac
502 4370 700 4425 moderationis
718 4370 841 4437 laudem,
861 4387 944 4439 quam
957 4369 1037 4440 regni
1050 4369 1188 4441 principia
1200 4371 1373 4427 Theoderico
1391 4387 1435 4442 pc·

172 4456 314 4525 peterent,
333 4453 501 4524 posteriores
519 4455 579 4524 ejus
596 4454 662 4510 anni
680 4456 868 4511 obfuscarunt.
