3412 5664
303 312 365 376 940
690 314 693 321 '
740 324 768 372 s.
784 322 993 372 aoamsnsa
1014 321 1128 370 eman

173 498 208 561 (a.
220 495 290 563 520.)
301 503 357 547 vos
380 479 572 565 apostolicae
597 479 681 544 sedis
709 499 777 542 esse
804 478 977 562 primatum
1004 476 1145 542 sortitos.
1190 476 1280 542 Haeo
1307 478 1413 564 igitur,
1437 486 1520 571 quae⁴)

302 584 487 650 scribuntur
501 605 521 646 a
534 581 619 664 filiis,
643 580 759 645 affectu
774 582 909 665 paterno
919 579 1031 664 jubete
1047 580 1237 664 quantocius
1259 580 1423 665 adimpleri.
1451 582 1522 650 Scitis

301 707 450 771 namque,
473 707 569 770 quam
591 685 634 748 sit
656 682 852 747 admirabilis
874 681 988 766 gloria,
1012 684 1176 746 tantorum
1199 703 1320 747 errores
1342 705 1521 752 annorumve

303 789 361 854 stri
383 787 588 873 pontificatus
610 788 753 870 ternpore
775 784 921 869 stirpitus
944 782 1075 850 aboleri.

791 937 983 1075 Epistola
1008 971 1074 1056 128

913 1124 963 1162 seu

153 1187 253 1333 (altio
265 1229 300 1266 m.
517 1219 651 1276 Relatio
672 1218 838 1276 Dorothei
859 1218 1012 1288 episcopi
1033 1217 1354 1277 Thessalonicensis.

209 1285 267 1349 ug.)
560 1352 586 1402 Α
602 1351 733 1414 facinore,
751 1367 800 1417 quo
817 1351 1019 1412 insimulabatur,
1036 1366 1197 1417 purpureae
1215 1353 1313 1402 nititur.
1527 1360 1590 1427 'pm

456 1482 722 1549 sanctissimo
752 1504 794 1547 ac
815 1483 1048 1548 beatissimo
1071 1483 1180 1566 patri
1211 1505 1254 1548 ac
1282 1485 1528 1550 comministra-

548 1586 626 1650 tori
648 1583 881 1649 Hormisdae
902 1584 1125 1650 Dorotheus
1147 1586 1188 1649 in
1202 1584 1368 1652 Domino
1387 1588 1527 1652 salutem.

387 1705 547 1790 Propositi
568 1703 671 1769 nostri
694 1706 727 1767 et
748 1703 901 1768 orationis
930 1707 980 1768 est
1006 1726 1164 1769 summum
1192 1705 1347 1788 studium,
1377 1727 1428 1791 per
1451 1706 1528 1770 omnia

302 1807 486 1871 beatissime
508 1810 540 1871 et
561 1809 612 1870 ter
634 1805 726 1869 beate
747 1808 850 1890 pater,
875 1808 907 1871 et
929 1806 1067 1871 scribere
1089 1806 1277 1892 frequenter
1298 1808 1339 1872 ad
1360 1828 1412 1872 vos
1431 1807 1529 1872 smede-

303 1911 414 1993 simos,
444 1912 476 1974 et
497 1912 609 1973 mutua
630 1907 745 1972 mereri
768 1906 938 1992 colloquia;
966 1910 999 1973 et
1020 1908 1109 1973 nullo
1130 1911 1275 1993 tempore
1302 1912 1474 1994 exsortem)
1494 1931 1529 1973 me

304 2013 343 2077 ab
365 2011 546 2098 hujusmodi
568 2010 693 2075 laetitia
716 2030 784 2075 esse
807 2010 970 2075 condecet.
1015 2009 1173 2085 Quoniam
1195 2011 1299 2097 igitur
1323 2012 1476 2076 manifeste
1496 2033 1529 2075 co

303 2115 401 2201 gnavi
423 2114 576 2200 quosdam
597 2115 726 2178 sanctas
748 2135 840 2177 aures
862 2115 983 2178 vestras
998 2112 1196 2197 perturbare,
1222 2117 1255 2178 et
1268 2114 1336 2178 scio
1350 2112 1530 2198 proculdubio

302 2240 358 2282 vos
380 2217 412 2282 in
437 2216 584 2281 omnibus
606 2236 675 2280 esse
697 2214 865 2298 perfectos,
890 2218 923 2279 et
944 2214 1019 2299 quia
1040 2214 1122 2279 nihil
1143 2215 1214 2280 sine
1232 2214 1357 2301 judicio
1375 2215 1529 2300 eudhepos

302 2319 372 2384 sitis
404 2340 464 2383 nec
491 2317 549 2382 ulli
576 2317 705 2401 penitus
732 2319 873 2381 vestrum
901 2317 1044 2381 animum
1073 2317 1329 2382 accommodare:
1355 2321 1392 2382 ut
1416 2340 1471 2383 non
1487 2338 1530 2381 an·

302 2421 385 2506 plius
408 2442 465 2505 per
486 2419 742 2484 taciturnitatem
763 2419 877 2504 largiri
892 2422 1018 2505 tempus
1042 2419 1150 2484 videar
1164 2419 1239 2502 illis,
1263 2420 1318 2506 qui
1340 2417 1420 2485 nihil
1438 2417 1529 2505 quiden

303 2545 322 2587 a
344 2523 436 2587 uobis
458 2522 538 2586 laesi
559 2525 645 2605 sunt,
669 2521 725 2586 sed
747 2520 816 2586 sine
840 2543 935 2586 causa
958 2524 991 2585 et
1012 2521 1170 2606 superflue
1199 2523 1351 2588 adversus
1374 2544 1430 2588 uos
1448 2519 1529 2586 arnadi

303 2629 393 2708 sunt,
423 2623 490 2688 Deo
512 2627 621 2688 tamen
644 2627 677 2688 et
698 2626 822 2688 vestrae
844 2623 1010 2688 satisfacio
1031 2624 1215 2707 sanctitati,
1245 2625 1321 2710 quia
1342 2645 1400 2709 pro
1418 2623 1529 2690 Johanue

302 2728 369 2791 viro
391 2726 654 2791 reverendissimo
676 2726 835 2810 episcopo,
859 2726 912 2811 qui
934 2726 1030 2810 paulo
1053 2729 1128 2790 aute
1151 2749 1170 2790 a
1191 2730 1300 2791 vestra
1321 2725 1480 2792 venerabili
1497 2743 1529 2788 co

302 2852 381 2894 rona
404 2829 543 2894 directus
566 2832 625 2911 est,
648 2828 884 2913 praedestinavi
907 2849 958 2892 me
980 2828 1130 2912 periculis
1149 2833 1181 2894 et
1195 2833 1332 2894 mortem
1347 2828 1529 2911 sustinuilet

303 2954 406 2996 meam
428 2953 486 3015 pro
509 2931 577 3015 ejus
599 2931 666 2995 scio
687 2952 738 2994 me
760 2930 914 3042 objecispe
936 2930 1092 2996 animam:
1120 2935 1153 2996 et
1175 2931 1236 2997 hoc
1257 2931 1434 2996 ostenditur
1451 2928 1528 3014 geu,

303 3037 396 3098 etex
418 3032 483 3117 his,
513 3033 567 3118 qui
589 3054 779 3117 quamquam
801 3054 859 3116 per
881 3054 984 3096 meam
1012 3033 1192 3098 absentiam
1221 3033 1375 3098 acerrime
1403 3033 1530 3097 adeantur

303 3157 370 3200 esse
392 3135 525 3200 discussi
534 3135 570 3221 3).
615 3133 660 3198 Et
681 3133 755 3219 quid
782 3134 880 3220 longo
908 3156 1052 3200 sermone
1080 3156 1159 3220 opus
1187 3139 1236 3201 est
1262 3135 1327 3218 uti,
1357 3157 1446 3220 quum
1469 3131 1530 3197 vobis

302 3238 410 3301 omnia
432 3236 589 3301 Dominus
604 3235 690 3300 Deus
713 3239 823 3301 noster
842 3235 935 3301 Jesus
958 3235 1104 3303 Christus
1126 3238 1310 3323 patefacere
1332 3240 1365 3302 et
1385 3235 1530 3301 satisfacere

302 3340 418 3424 possit3
440 3340 515 3424 quia
536 3342 569 3403 et
590 3339 716 3424 quando
739 3338 952 3423 cognovivos
974 3341 1014 3404 ad
1037 3340 1231 3424 apostolicae
1253 3339 1337 3404 sedis
1354 3339 1531 3424 praesulatum

303 3442 467 3524 advocari,
497 3464 663 3506 commune
690 3440 842 3526 gaudium
870 3441 969 3506 totius
996 3443 1106 3507 mundi
1135 3464 1203 3507 esse
1226 3441 1380 3526 judicavi.
1427 3440 1473 3505 Ab
1494 3436 1532 3501 illo

189 3539 192 3543 ’
213 3574 255 3626 ep.
266 3564 289 3611 3.
304 3546 388 3609 enim
410 3547 553 3628 tempore
576 3544 635 3609 hoc
657 3544 758 3629 ipsum
782 3544 925 3608 scribens
948 3545 989 3608 ad
1013 3566 1075 3627 vos,
1099 3546 1256 3629 quantum
1279 3543 1320 3609 ad
1334 3565 1393 3626 me,
1415 3542 1496 3629 quidq
1512 3536 1532 3600 ‘d

302 3647 342 3710 ad
365 3646 517 3710 honorem
540 3649 573 3710 et
594 3646 846 3711 satisfactionem
868 3646 958 3710 vobis
973 3649 1006 3711 et
1021 3646 1215 3732 apostolicae
1230 3646 1299 3711 sedi
1313 3647 1457 3730 pertinet,
1476 3638 1533 3707 nidd

302 3749 503 3833 praetermisi
530 3748 585 3812 sed
612 3770 672 3813 nec
699 3748 930 3833 praetermitto.
981 3747 1081 3813 Paulo
1108 3752 1182 3833 post
1209 3751 1318 3813 autem
1344 3748 1460 3828 scietis,
1486 3763 1534 3829 per·

303 3892 353 3897 .-
525 3890 607 3898 ’.ι-...-

369 3953 391 4021 4)
409 3951 557 4031 hecquae
575 3972 592 4005 c
608 3956 680 4008 nobie
700 3957 845 4007 scribuntur
866 3952 911 4007 vel
932 3972 996 4022 quae
1017 3955 1162 4006 scribuntur
1179 3972 1196 4005 c
1214 3956 1286 4007 nobie
1304 3952 1405 4006 ommno
1422 3957 1484 4020 filiis,
1497 3959 1536 4017 qut

303 4037 388 4093 verbo
407 4040 478 4093 etse
495 4040 525 4092 et
540 4037 693 4103 lustinum,
712 4037 759 4106 qui
770 4036 871 4092 similia
882 4036 1006 4107 scripsit,
1024 4037 1196 4092 Justinianus
1207 4037 1350 4107 intelligit.
1380 4037 1476 4104 anue
1485 4033 1537 4086 aur

304 4124 390 4178 verba
407 4128 498 4188 utilite
515 4123 545 4177 et
561 4129 656 4193 affectu
673 4134 782 4191 paterno
799 4123 912 4194 elegans
924 4121 1069 4178 antithesis
1083 4123 1132 4176 aut
1142 4121 1237 4192 potius
1249 4139 1342 4192 aequa
1352 4121 1461 4187 relatio,
1475 4131 1538 4189 quan

303 4207 470 4279 primigenia
486 4207 569 4263 lectio
588 4207 742 4278 retinenda.
1487 4194 1492 4209 ’

304 4300 352 4349 128
389 4296 408 4362 ¹)
426 4293 493 4348 bcc
510 4304 640 4348 extorrem
712 4300 817 4348 aninum
836 4300 994 4349 commodare
1011 4304 1036 4347 et
1055 4303 1090 4346 ut.

369 4381 390 4447 2)
410 4381 436 4433 ε,ί
449 4383 581 4444 substinui,
598 4377 628 4433 id
640 4381 689 4445 est,
707 4378 836 4449 periculis
847 4396 891 4434 me
904 4380 1026 4450 exposui,
1043 4379 1117 4434 unde
1132 4379 1323 4450 exspectanda
1334 4378 1402 4434 mihi
1412 4395 1482 4434 mors
1491 4378 1542 4432 erat

371 4466 391 4532 ³)
410 4463 566 4518 Dorotheus
584 4463 663 4534 epist.
685 4470 733 4519 110
750 4464 851 4519 dicitur
869 4465 1034 4519 Heracleam
1051 4464 1161 4530 missus,
1185 4470 1267 4519 donec
1283 4485 1365 4519 ecura
1382 4470 1501 4520 maian
1514 4479 1545 4514 er

302 4555 407 4617 ciperet.
448 4549 531 4604 Forte
554 4549 599 4603 hic
620 4548 762 4618 inquisitio
784 4551 898 4604 notatur
920 4567 953 4604 ac
974 4549 1089 4604 testim
1110 4549 1296 4619 interrogatio
1320 4568 1372 4621 per
1392 4549 1423 4604 id
1438 4544 1548 4620 supas

225 4662 229 4669 ·
302 4635 385 4688 iacta.
415 4634 556 4688 lohannes
569 4636 662 4689 autem
675 4633 754 4704 epist.
771 4641 817 4688 102
830 4634 1029 4690 Thessalonica
1047 4632 1154 4700 scribit,
1173 4633 1343 4690 aDorothei
1355 4635 1551 4691 consedissem

304 4717 572 4788 Constantinopolim
593 4720 686 4774 tantas
705 4719 812 4774 delatas
830 4737 890 4776 esse
912 4720 1056 4791 pecunias,
1075 4731 1103 4774 ut
1121 4741 1171 4775 non
1187 4723 1300 4775 tanim
1318 4727 1369 4776 sed
1381 4728 1482 4792 puerine
1494 4737 1555 4788 ur

302 4811 339 4856 loe
362 4823 513 4859 excaecare.
557 4804 637 4860 Unde
660 4805 759 4859 initum
781 4822 836 4859 non
860 4808 914 4873 cst,
938 4807 1018 4875 gesta
1045 4808 1111 4862 tunc
1138 4807 1268 4861 coniecta
1294 4824 1372 4863 nunc
1395 4825 1414 4863 a
1435 4805 1559 4863 nonno

302 4887 448 4944 venditari.
