3450 5678
262 107 325 171 214
722 108 938 173 s5s1nr1ncn
960 112 1074 161 tuens

154 292 191 351 (a.
202 292 252 339 tos
264 276 363 359 fragii
387 274 583 339 detruneniu
598 272 666 335 Deo
689 273 819 335 erectore
834 289 899 333 non
915 268 1046 332 sentiat.
1081 266 1212 331 Talibus
1225 266 1345 333 ideirco
1358 266 1543 352 gloriantes

145 358 249 419 '⁴⁸³3
264 377 392 442 indiciis
417 398 593 459 contemtum
616 374 763 437 duximus
779 372 899 435 vicaria
914 369 998 434 sedis
1013 373 1142 434 nostroe
1157 372 1191 434 le
1204 368 1400 435 aurumne
1413 368 1543 435 fulciti:

266 481 356 561 citinas
381 479 490 563 vigore
512 477 667 558 inanitus,
693 474 886 559 aposlolicae
901 471 1114 536 institutionis
1135 472 1264 536 decreto
1285 470 1336 536 vel
1352 475 1544 537 sanctorum

266 581 456 665 icrntinos²)
481 584 609 664 pairmn
631 577 720 641 nullo
738 576 835 641 modo
856 575 1042 640 transcendi
1065 574 1248 659 permittam
1271 573 1423 659 quonium
1438 574 1544 660 digna

265 683 395 747 honoris
418 681 677 745 retatuneraiione
700 678 911 743 cunimundus
933 681 993 760 cst,
1023 699 1080 763 por
1105 698 1198 763 quem
1221 676 1255 740 in
1277 675 1328 740 liis
1350 676 1544 761 regionibus

264 786 391 848 divinus
415 805 555 847 cresccre
579 781 721 846 innotuit
742 781 857 845 cultus,
895 778 983 843 Deus
1006 784 1039 843 te
1061 776 1255 843 incolumem
1277 776 1452 863 custodiat,
1476 778 1544 843 iro·

265 892 315 951 ter
337 885 516 950 carissime!

797 1106 1001 1117 *n-——n—oe—

782 1277 1032 1351 Notitiae

300 1413 505 1484 epistolarum
522 1427 582 1467 non
602 1410 806 1478 exstantiam,
826 1423 905 1485 (poto
922 1410 960 1465 mi
978 1424 1005 1466 s.
1022 1408 1213 1478 Simplicium
1229 1422 1339 1479 popam
1356 1408 1510 1465 attinent.

887 1562 913 1629 I.

268 1699 294 1735 a.
308 1676 368 1734 474
385 1684 453 1735 artic
465 1676 629 1733 stenelus.
654 1675 798 1748 Simplicii
808 1690 907 1747 papae
923 1675 963 1730 ad
975 1673 1098 1731 Leonem
1109 1674 1267 1748 Aupusium
1280 1674 1387 1749 icpctio
1401 1676 1439 1733 dc
1452 1690 1545 1748 prcc-

419 1767 530 1833 sumpto
547 1760 880 1832 Consiuatioopoiitcncc
895 1760 971 1818 sedis
981 1760 1145 1833 privilepic.

358 1864 385 1919 1.
416 1862 477 1919 n'on
493 1863 552 1919 sine
568 1862 666 1919 litteris
682 1879 696 1915 a
712 1860 850 1935 Simplicio
866 1860 898 1915 ad
910 1859 1027 1916 Leonem
1043 1860 1232 1935 imperatorem
1248 1860 1381 1919 destinata
1396 1870 1442 1919 est
1461 1860 1546 1921 i'roid

268 1948 393 2005 Canusini
409 1949 528 2022 episcopi
544 1947 652 2021 legatio.
670 1945 747 2017 cnjus
763 1944 885 2002 Gelasius
901 1962 943 2020 ep.
953 1944 992 2002 26
1009 1960 1035 2000 n.
1047 1944 1087 2003 10
1101 1947 1232 2002 meminit.
1258 1944 1346 2019 liujus
1360 1954 1453 2004 tutent
1469 1946 1545 2023 lega·

269 2035 349 2091 tionis
365 2050 420 2089 non
436 2033 485 2088 alia
502 2032 607 2088 videtur
623 2032 706 2087 inisse
721 2048 808 2093 (utana,
830 2032 881 2086 nisi
898 2030 970 2104 quod
986 2029 1041 2085 Leo
1055 2048 1071 2085 a
1086 2028 1223 2105 Simplicio
1242 2030 1342 2088 iirmari
1357 2030 1450 2097 veliet,
1474 2048 1547 2109 qnae

267 2117 580 2191 Constantinopolitanae
596 2118 725 2175 ecclesiae
745 2117 773 2173 in
793 2115 899 2190 synodo
915 2114 1127 2173 calchedonensi
1147 2133 1276 2173 concessa
1298 2125 1376 2174 erant
1390 2116 1549 2195 privilegia.

270 2221 338 2279 quae
359 2204 402 2259 im:
421 2219 489 2277 papa
506 2211 560 2259 rata
578 2202 675 2259 itabere
691 2202 825 2259 noluerat.
857 2202 942 2257 Porro
958 2199 1062 2256 Probus
1069 2199 1227 2276 ,Garumnae
1240 2200 1370 2259 ecelesiae
1384 2204 1545 2279 episcopm.

269 2288 350 2359 imjns
367 2290 405 2343 rei
420 2288 506 2363 gratia
521 2295 586 2342 tunc
600 2286 759 2349 destinatus,
779 2286 834 2357 jam
851 2288 877 2341 in
895 2288 980 2361 gestis
996 2284 1106 2341 domatd
1122 2286 1228 2343 concilii
1244 2285 1295 2343 sub
1311 2286 1403 2343 lliiaro
1418 2304 1488 2363 papa
1502 2290 1547 2345 aui

269 2392 334 2449 erga
350 2372 516 2446 disciplinam
531 2372 737 2427 ecelesiasticam
755 2372 838 2427 studii
853 2390 882 2427 ac
901 2372 1002 2444 vigoris
1016 2369 1154 2444 specimen
1170 2368 1276 2427 dedisse
1292 2370 1394 2447 iegitur
1417 2370 1485 2447 (itti.
1501 2390 1542 2449 ep.

272 2460 311 2515 15
326 2454 400 2529 ni).
437 2454 485 2512 Uld
507 2459 578 2512 enim
599 2456 791 2512 Nundinarimn
810 2456 1046 2513 itarcinononsium
1069 2454 1226 2530 episcopum
1246 2472 1302 2513 noa
1321 2454 1413 2513 solnm
1433 2456 1541 2515 irenaeo

271 2545 377 2615 legasse
392 2558 448 2603 sua.
465 2541 608 2597 sedetiam
624 2542 746 2598 cutttdcm
768 2543 793 2597 in
811 2544 967 2616 episcopatu
983 2540 1034 2597 sili
1048 2540 1208 2619 «designasse
1227 2556 1417 2599 successorem
1431 2542 1540 2607 audivit.

270 2648 285 2684 e
300 2644 432 2685 consessu
445 2644 563 2701 surgens
578 2626 679 2683 dixisse
694 2627 795 2683 icatur:
818 2628 896 2685 iilud
909 2628 997 2696 licant,
1014 2626 1069 2683 dcc
1079 2644 1137 2683 aon
1147 2630 1231 2684 licuit
1236 2650 1246 2690 ‚·
1260 2642 1452 2685 mtcccaaom
1465 2626 1542 2687 itm

270 2716 338 2775 dot:
357 2714 425 2769 ituic
448 2715 493 2767 rei
512 2716 645 2783 resistite,
666 2713 704 2769 ait
723 2712 756 2767 ad
777 2730 885 2786 papam,
904 2728 961 2785 per
981 2714 1174 2783 apostolatum
1194 2718 1330 2771 oestrum.
1364 2711 1461 2787 decue
1480 2730 1542 2771 veto

270 2807 366 2873 postea
386 2797 649 2871 iioitstantinopolim
675 2796 845 2871 aSitnpiicio
872 2797 977 2872 legatus
1009 2796 1112 2853 minore
1138 2798 1231 2871 vigore
1257 2814 1287 2854 se
1311 2798 1410 2873 genet.
1445 2796 1543 2873 Geton

270 2885 370 2957 ‹ptippe
387 2883 542 2938 testimonio
563 2890 678 2941 constat.
700 2882 786 2954 ipsum
808 2899 865 2945 ..oa
887 2898 956 2954 (patae
977 2880 1030 2936 Leo
1053 2898 1120 2955 papa
1136 2892 1288 2955 negaverat.
1311 2880 1403 2941 Leone
1417 2884 1543 2959 iugitate

272 2979 337 3024 tunc
351 2975 460 3041 peteme
482 2976 634 3040 puramente,
650 2966 775 3022 ‹ioeuisse
791 2967 944 3023 ntdlatonus
960 2983 1042 3041 posse
1055 2968 1161 3030 tertiari,
1178 2984 1266 3041 sicque
1282 2968 1323 3024 itis
1338 2985 1454 3043 prorsus
1470 2986 1544 3043 prae·

271 3054 361 3108 baisse
377 3060 559 3108 coiiscnsttnt“
576 3052 696 3125 (tielep.
706 3052 745 3108 ud
762 3070 789 3109 n.
801 3051 859 3122 tc).
877 3050 964 3119 Ouum
978 3058 1069 3109 autem
1085 3068 1177 3108 mense
1191 3052 1318 3109 ianuario
1334 3052 1543 3111 minusculi

273 3138 351 3193 linem
368 3138 461 3193 iecerit
479 3136 532 3192 leo
549 3139 697 3211 :longus-tus,
720 3138 787 3193 irattc
802 3136 966 3211 legationem
988 3156 1011 3192 a.
1028 3136 1090 3194 1173
1112 3139 1293 3212 posteriorem
1309 3154 1365 3197 uon
1381 3138 1467 3197 inisse
1482 3140 1545 3197 inde

272 3221 423 3277 conficitur.

358 3308 385 3362 2.
417 3306 486 3373 Quin
508 3307 613 3363 ieiicem
638 3306 761 3363 incaluerit
781 3307 882 3364 exitum
902 3324 933 3363 uc
953 3306 1081 3380 deinceps
1101 3306 1134 3363 ad
1156 3309 1332 3365 imitationem
1350 3308 1478 3368 llarclaui
1491 3310 1547 3369 beo

274 3393 404 3464 petitione
420 3390 574 3461 imjnsmodi
589 3391 731 3455 abstiterit,
744 3391 817 3446 nulia
832 3391 938 3446 videtur
953 3390 1104 3465 aitddgendi
1119 3394 1198 3448 ratio.
1228 3394 1308 3449 Certe
1322 3395 1439 3451 Aeacius
1454 3398 1548 3473 regiae

275 3475 347 3531 uritis
371 3478 523 3550 episcopus.
545 3478 591 3551 qui
608 3476 678 3532 itattd
694 3475 774 3531 tiubie
788 3485 899 3533 anctore
918 3479 1081 3551 itnpetutore
1095 3492 1178 3551 supra
1192 3478 1290 3534 dictam
1304 3478 1467 3554 petitionem
1482 3484 1549 3539 coti·

273 3570 354 3623 serat,
369 3563 409 3617 sic
424 3561 521 3618 deinde
536 3580 638 3619 aaronem
654 3563 773 3635 gessisse
788 3563 861 3617 risus
878 3571 920 3619 est
934 3562 1064 3637 Simplicii
1081 3562 1222 3627 soitmtati,
1239 3572 1270 3621 ut
1284 3563 1361 3621 illum
1374 3566 1399 3621 ia
1413 3580 1486 3641 papa
1499 3584 1550 3625 soa

273 3649 357 3721 ipsias
373 3648 429 3702 ricc
444 3664 475 3702 ac
490 3646 627 3721 logatione
649 3646 718 3721 apud
735 3648 924 3719 imperatorem
941 3647 1018 3723 iuitgi
1030 3646 1144 3721 jusserit
1160 3648 1266 3725 (Simpl.
1282 3648 1362 3724 epi.
1378 3650 1408 3715 3.
1425 3651 1446 3709 5
1463 3660 1493 3709 et
1508 3652 1550 3727 ‘ll

274 3730 305 3787 Et
321 3730 353 3786 ait
369 3750 439 3787 atrito
461 3732 569 3805 quidem
584 3732 656 3794 475,
677 3732 741 3787 dnm
763 3742 918 3788 accensarent
934 3732 1155 3790 arcidmamiritae
1171 3752 1201 3789 ae
1215 3734 1339 3791 monachi
1354 3734 1554 3797 Constantino·

273 3819 384 3891 poiitani
400 3819 529 3872 antistitis
545 3819 586 3872 sui
602 3818 748 3879 silentium,
765 3835 819 3893 qno
836 3836 897 3873 teum
912 3826 939 3874 et
954 3818 1080 3874 Basilisco
1098 3828 1212 3891 tyrannm
1228 3837 1258 3875 ae
1273 3820 1417 3877 Timotheo
1430 3824 1555 3897 pseudo·

273 3905 400 3976 episcopo
418 3901 596 3958 ¹lietamirino
613 3902 700 3958 iacere
711 3902 924 3977 suspiudmntur,
941 3903 1093 3977 Simplicius
1108 3922 1201 3961 centur
1214 3906 1413 3963 recensitionem
1425 3911 1557 3987 accipere

274 3988 371 4052 noluit,
389 3996 573 4059 compertum,
589 3989 723 4062 inquiens.
746 3989 856 4045 luciacus
868 3992 953 4062 {idem
966 3992 1162 4061 probatissimi
1175 3993 1337 4049 sacerdotis
1351 3990 1463 4068 (simpl.
1480 3996 1558 4073 qud

273 4090 299 4128 n.
313 4072 353 4143 i).
384 4072 458 4127 istud
474 4082 562 4128 atatem
578 4090 625 4129 cos
641 4092 696 4130 non
711 4074 812 4131 irusttu
826 4076 977 4149 suspicatos
993 4092 1053 4131 csse
1067 4077 1155 4132 oritus
1169 4076 1273 4133 «lucidi.

358 4159 387 4213 u.
419 4156 518 4231 thnpe
541 4158 574 4211 de
591 4159 741 4233 prisiiegio,
764 4160 837 4233 ‹puod
853 4160 910 4216 scdi
925 4178 991 4215 suae
1002 4179 1019 4235 Ιει
1035 4160 1247 4219 Calciiedonensi
1261 4160 1369 4235 spitodo
1383 4164 1561 4229 amtbmom

273 4262 333 4301 csse
356 4242 545 4305 contendebat.
563 4262 625 4301 sese
640 4261 776 4318 statuquam
791 4262 824 4301 ea
840 4246 928 4302 auiino
943 4247 1058 4301 cessisse
1074 4262 1128 4302 uon
1143 4248 1180 4303 ita
1195 4246 1282 4305 molto
1296 4256 1361 4322 post
1371 4248 1466 4322 putant
1480 4252 1561 4315 ierit.

341 4512 362 4565 ²i
382 4509 427 4576 qni
447 4509 552 4563 scilieet
568 4510 668 4577 ostiique
679 4510 811 4565 ecciesiae
829 4528 847 4565 n
864 4511 1017 4577 majoribus
1033 4511 1098 4565 strat
1114 4511 1258 4579 attributi,
1276 4530 1328 4569 neo
1344 4513 1421 4569 ulitts
1440 4526 1567 4589 promul

274 4593 325 4645 sibi
345 4594 496 4662 quidquam
515 4596 629 4663 arroget
646 4593 674 4647 in
692 4595 806 4649 alterins
824 4595 973 4650 territorio.
1011 4600 1186 4666 Qtremquam
1203 4597 1290 4653 etium
1306 4604 1435 4658 tennione
1451 4618 1567 4675 poem

273 4678 302 4730 id
322 4678 404 4743 sotlec
423 4678 477 4731 diei
496 4680 577 4737 solet„
596 4679 672 4749 qnod
689 4682 784 4750 panes
802 4681 995 4737 cousi-imendo
1012 4683 1221 4751 praefinienmi.
