3412 5664
729 320 901 370 arrsrcnx
926 309 976 368 15.
1426 309 1487 374 271

219 464 427 538 annosorum
454 472 549 540 fidem
586 475 841 541 consentientem
878 473 1012 539 haberet
1040 496 1223 559 assensum,
1262 498 1324 560 quo
1351 478 1618 562 emphiteuseos.)

226 575 381 641 unanimis
402 577 597 661 redderetur,
622 577 766 662 expetiit.

312 678 340 744 ἱ).
384 679 584 745 Gratissimis
621 681 722 765 igitur
757 679 1008 764 professionibus
1046 679 1140 763 hujus
1174 684 1207 744 et
1241 681 1324 745 votis
1362 682 1490 767 copiosa

237 759 359 847 lectione
379 782 561 867 patefactis,
591 804 665 848 mox
687 786 723 847 ut
745 783 843 847 etiam
865 783 947 847 filios
969 804 1055 847 meos
1078 783 1182 847 sancti
1205 784 1360 869 propositi
1381 806 1507 867 mona,
1539 786 1552 801 ⁶

241 870 313 946 ellos
328 885 438 969 pariter
459 885 585 950 venisse
607 885 769 969 conspexi,
793 885 1000 949 difficultates
1018 906 1137 969 ornnes,
1161 907 1242 971 quae
1264 886 1413 970 primitus
1435 888 1489 951 ob·

189 970 197 981 ⁸
244 978 416 1071 strepebant,
445 986 507 1052 hac
530 987 648 1053 credidi
671 987 879 1072 dispositione
908 988 1072 1051 submotas
1080 989 1117 1073 ⁴),
1148 990 1252 1073 aeque,
1267 988 1338 1052 ideo
1360 989 1489 1054 venien-
1575 1036 1578 1047 .

244 1078 323 1152 tibus
338 1088 451 1154 clericis
473 1112 527 1154 eas
548 1092 677 1175 praeter
699 1089 963 1155 consuetudinem
985 1089 1122 1153 sociatas
1138 1110 1206 1153 esse
1222 1110 1384 1174 personas,
1408 1114 1489 1175 quae

243 1174 331 1255 Petro
346 1190 389 1255 vel
410 1192 531 1257 Acacio
553 1214 619 1258 non
649 1193 901 1258 communicasse
922 1191 1117 1275 viderentur,
1146 1195 1183 1255 ut
1204 1191 1331 1256 illorum
1352 1194 1489 1257 nomini-

210 1352 217 1363 .
243 1280 299 1355 bus
322 1294 524 1378 sequestratis,
553 1316 611 1380 per
638 1317 716 1380 quos
744 1294 931 1360 scandalum
960 1295 1150 1379 contigisset
1177 1293 1335 1376 ecclesiis,
1364 1295 1489 1359 sincera

240 1384 373 1479 deinceps
393 1397 511 1461 caritas
532 1398 727 1481 proveniret.
773 1397 895 1473 Quibus
918 1398 979 1461 rite
1001 1397 1178 1482 perpensis,
1202 1395 1284 1460 nihil
1307 1396 1393 1460 aliud
1410 1398 1489 1462 mihi

238 1501 389 1579 supererat
413 1499 604 1584 gratulanti,
634 1499 698 1564 nisi
726 1498 844 1583 uthis,
874 1501 929 1584 qui
951 1501 1083 1565 fuerant
1108 1499 1271 1581 destinati,
1295 1499 1488 1583 apostolicae
1516 1562 1519 1567 .

236 1595 320 1661 sedis
342 1601 512 1666 commuuio
538 1601 728 1666 traderetur.
780 1600 841 1667 Sed
876 1623 973 1686 quum
1000 1624 1059 1685 pro
1089 1601 1248 1666 catholiea
1274 1601 1336 1664 fide
1364 1603 1488 1666 ectitius

236 1696 433 1785 admonerem,
461 1706 499 1767 ut
519 1703 731 1788 suscipientes
757 1725 883 1768 samse
906 1726 926 1767 a
948 1703 1109 1769 consortio
1135 1703 1337 1768 retraherent
1359 1705 1488 1769 dauma-
1563 1691 1575 1703 ’

236 1802 346 1886 torum,
361 1826 424 1869 non
445 1805 508 1870 sibi
529 1805 591 1870 hoc
613 1805 801 1870 mandatum
823 1806 955 1873 omuino
978 1805 1136 1870 dixenmt.
1175 1805 1245 1880 Qua
1266 1827 1373 1870 rerum
1387 1807 1488 1871 diver-

239 1901 332 1967 sitate
346 1910 516 1990 permotum
538 1908 670 1972 anxium
691 1929 742 1971 me
769 1907 910 1973 haesisse
936 1909 1097 1993 profiteor,
1128 1930 1225 1992 quum
1254 1908 1339 1971 aliud
1361 1908 1488 1974 litterae

243 2003 352 2089 etipse
368 2029 470 2074 rerum
491 2010 576 2074 ratio
598 2009 841 2093 demonstraret,
870 2015 904 2075 et
929 2010 1015 2075 aliud
1038 2013 1286 2075 memoratorum
1309 2011 1488 2076 contineret

247 2109 368 2174 merso.
407 2110 588 2196 Puramque
615 2112 726 2177 volens
755 2135 826 2177 eum
849 2134 896 2195 ec,
926 2113 981 2197 qui
1003 2112 1149 2196 pontifex
1176 2114 1301 2177 creatus
1323 2114 1486 2197 asseritur,

252 2204 324 2271 inire
339 2214 538 2298 concordiam,
561 2214 684 2300 gloriae
706 2219 830 2280 vestrae
853 2236 1026 2299 suggerere
1048 2215 1227 2299 properavi,
1251 2219 1288 2279 ut
1310 2216 1392 2280 nihil
1413 2217 1488 2280 resi·

257 2305 316 2372 lere
337 2316 510 2399 patianuni,
546 2339 610 2402 ¹quo
638 2320 742 2382 denuo
776 2318 949 2402 quidquam
981 2316 1088 2380 valeat
1123 2317 1330 2381 dissensionis
1359 2319 1487 2384 oboriri.

261 2408 323 2483 cuis
342 2415 404 2482 dum
430 2440 488 2502 per
511 2419 666 2503 synodum
690 2418 992 2502 Calchedouensem,
1021 2441 1117 2503 quam
1139 2442 1173 2483 se
1196 2419 1314 2483 dudum
1336 2420 1487 2508 litteris⁵)

266 2508 401 2599 hmine
421 2524 478 2586 tna
501 2521 672 2585 elementia
693 2521 850 2605 venerari,
875 2520 1055 2605 Eutychem
1077 2526 1173 2606 atque
1195 2521 1383 2587 Dioscorum
1414 2546 1488 2589 con·

265 2614 313 2677 *let
330 2638 382 2685 esse
405 2621 590 2705 damnatos,
621 2626 653 2688 et
680 2645 789 2687 eorum
818 2627 992 2688 sectatores
1020 2624 1166 2708 plurimis
1194 2623 1322 2689 illarum
1348 2627 1488 2710 partium

247 2710 418 2788 temnas
432 2724 619 2790 Timotheus
641 2730 674 2790 et
688 2725 803 2790 Petrus
826 2726 986 2790 exstitisse
1008 2730 1237 2811 monstrentur,
1262 2732 1357 2812 atque
1379 2751 1488 2792 eorum

263 2825 475 2891 ammonem
498 2827 621 2891 etiamsi
645 2828 840 2912 prohibitam
855 2832 983 2893 secutus
995 2830 1143 2911 Aeneiae,
1168 2852 1245 2913 quos
1261 2829 1329 2912 ipse
1344 2830 1488 2912 epistolis

259 2918 483 3007 scismaticos
505 2929 630 2994 dixerat
658 2952 726 2995 esse
754 2930 938 2995 damnatos:
973 2931 1134 2994 sententia
1157 2930 1241 2993 illius
1264 2931 1392 2994 concilii
1415 2953 1488 2994 cou-

181 3016 184 3021 ’
255 3020 394 3093 mmm
413 3031 573 3116 adstringi
601 3036 634 3096 et
655 3032 690 3097 in
712 3032 853 3118 ipsorum
875 3055 1012 3117 poenam
1034 3033 1148 3096 merito
1170 3033 1331 3116 recidisse,
1355 3055 1488 3116 quorum

248 3122 356 3211 elegere
379 3134 581 3216 consortium,
611 3135 695 3199 sicut
719 3134 754 3199 in
777 3135 890 3200 ceteris
913 3135 1097 3200 haeresibus
1119 3135 1208 3199 sacta
1230 3134 1327 3198 semel
1349 3135 1488 3219 synodus

245 3226 351 3311 abiecti
368 3235 532 3319 cujuslibet
560 3238 675 3301 erroris
698 3241 830 3302 cunctos
852 3260 1002 3322 sequaces
1026 3242 1256 3322 consequenter
1277 3237 1423 3301 involvit.

323 3330 348 3397 3.
382 3335 503 3413 Quaeso
530 3338 640 3423 igitur,
670 3339 909 3424 gloriosissime,
939 3362 999 3405 nec
1026 3340 1062 3404 in
1088 3340 1322 3404 successoribus
1345 3341 1488 3405 refovere

232 3432 405 3523 judicemur,
427 3439 511 3525 quod
533 3440 739 3505 manifestum
762 3443 866 3507 estin
888 3442 1070 3507 auctoribus
1092 3443 1191 3506 fuisse
1206 3441 1404 3527 damnatum,
1428 3466 1487 3508 nee

233 3536 324 3607 Petn'
340 3544 459 3624 putetur
479 3530 626 3628 legitima
647 3541 831 3628 provenisse
853 3545 1013 3630 purgatiO,
1037 3567 1132 3630 quem
1154 3568 1218 3609 nou
1234 3545 1408 3609 secundum
1422 3568 1488 3609 mo·

228 3663 306 3709 rem
331 3646 462 3711 veterum
493 3646 669 3730 apostolica
695 3648 800 3730 sedes,
839 3670 920 3732 quae
948 3648 1073 3733 ligavit,
1109 3648 1255 3713 absolvit.
1307 3648 1375 3713 Scit
1402 3649 1488 3713 cuim

224 3742 407 3813 cursam
426 3752 605 3833 menstua,
634 3750 826 3815 venerabilis
848 3751 1031 3835 imperator,
1059 3753 1210 3835 quoniam
1231 3751 1349 3816 delicta
1370 3756 1488 3816 morta·

293 4038 315 4107 s,
331 4034 350 4091 i.
365 4054 389 4093 c.
405 4038 453 4095 ubi
474 4039 602 4108 clericos,
624 4040 672 4111 qui
689 4038 791 4097 haicio
815 4059 848 4097 ac
865 4042 949 4096 Petro
968 4041 1071 4111 Mongo
1089 4040 1223 4097 hacteuus
1241 4041 1440 4111 adhaeserant,
1458 4046 1486 4099 et

213 4122 384 4191 nomene,
400 4124 447 4195 qui
463 4142 493 4179 se
510 4125 547 4180 ab
564 4125 706 4194 utriusque
725 4128 917 4182 communione
935 4128 1131 4197 segregarant,
1149 4125 1255 4181 venisse
1268 4128 1411 4199 conspexi,
1430 4148 1486 4183 om·

211 4228 271 4269 nes
290 4226 346 4263 nno
362 4209 511 4279 eodemque
529 4210 621 4267 animo
640 4213 788 4268 accessisse
803 4212 945 4282 opinatus,
962 4215 1022 4266 tam
1035 4212 1135 4267 diversi
1149 4212 1233 4267 studii
1250 4230 1395 4282 personas,
1415 4232 1486 4283 quae

209 4292 321 4351 sociari
340 4296 420 4350 antea
435 4311 492 4351 non
508 4299 653 4366 poterant,
670 4297 731 4365 jam
749 4299 861 4367 praeter
880 4297 1107 4352 consuetudinem
1124 4297 1244 4352 sociatas
1263 4299 1381 4363 credidi,
1404 4299 1486 4353 adeo·

209 4396 276 4453 que
296 4396 406 4435 murum
428 4398 485 4451 quo
507 4383 711 4452 separabantur
733 4383 885 4451 sublatum,
908 4382 926 4436 i.
947 4400 970 4438 e.
996 4400 1014 4438 a
1036 4382 1122 4438 sacris
1141 4382 1281 4453 diptychis
1299 4387 1408 4439 remota
1425 4402 1485 4438 esse

208 4464 335 4523 nonina
351 4481 457 4534 sonim,
479 4483 531 4538 per
552 4486 622 4538 quos
639 4468 794 4523 schismatis
812 4468 974 4524 scandalum
992 4468 1159 4539 contigisset.
1197 4469 1262 4523 Mox
1278 4473 1373 4525 himen
1392 4486 1485 4524 mona·

207 4554 285 4607 elios
301 4566 360 4605 nen
377 4568 395 4605 a
410 4551 520 4608 l'lsvita
540 4555 590 4607 aut
610 4571 662 4623 pro
680 4553 789 4608 Plavita
811 4554 859 4608 sed
877 4553 1008 4615 adversus
1025 4542 1116 4624 ipsum
1135 4557 1164 4608 et
1181 4555 1217 4609 ad
1234 4555 1408 4625 prodendam
1426 4554 1485 4623 ejus

207 4636 360 4693 talheim
371 4636 468 4693 missos
485 4654 545 4693 esse
563 4639 707 4709 comperit,
726 4640 801 4709 quod
818 4642 916 4695 tamen
931 4640 984 4708 hic,
1003 4643 1034 4694 ut
1050 4640 1080 4694 in
1092 4641 1233 4710 superiore
1246 4640 1373 4709 epistola,
1391 4642 1485 4694 taccu·

206 4724 283 4779 dum
301 4720 381 4777 dixit.

283 4810 305 4875 ὓ)
327 4806 363 4861 lis
380 4809 498 4877 scilicet,
516 4827 585 4881 quas
602 4810 676 4866 Zeno
694 4811 796 4881 legatis
813 4810 899 4867 Vitali
918 4830 950 4867 ae
968 4812 1072 4868 Miseno
1090 4810 1329 4881 Constantinopoli
1348 4810 1484 4866 redeunti·

208 4896 266 4950 bus
284 4892 444 4950 tnadiderat
461 4898 506 4964 (cl.
524 4897 605 4951 notit.
624 4898 705 4968 epist.
726 4899 808 4953 Felie.
825 4900 848 4953 ll
868 4916 921 4953 non
941 4902 1058 4954 carebant.
1078 4917 1103 4954 a.
1117 4898 1200 4969 Vlll).
