3450 5678
343 328 407 395 536
817 338 844 385 a.
862 336 1002 383 onriasu
1026 335 1139 381 aaran

346 499 517 579 eademque
546 486 683 579 persona
711 491 841 555 Domini
870 491 971 553 nostri
1000 490 1079 553 Jesu
1102 489 1221 555 Christi
1249 491 1347 554 totius
1376 490 1437 554 Dei
1463 490 1616 572 hominis,

346 603 380 664 et
412 599 511 663 totius
546 596 684 660 hominis
719 593 777 657 Dei
812 593 889 656 duas
918 593 952 655 in
981 592 1046 655 suis
1075 592 1324 677 proprietatibus
1359 593 1618 657 incontaminata

347 700 555 787 generatione
579 696 730 780 prolatas,
760 698 793 757 et
821 695 947 758 easdem
975 695 1103 779 proprie
1130 699 1358 779 permanentes
1385 695 1420 758 in
1450 717 1618 759 eonversa-

346 804 434 868 tione
456 800 619 864 mundana
646 799 744 861 fuisse
773 798 971 880 manifestas,
996 797 1083 861 etin
1106 797 1263 879 omnihus,
1294 801 1330 860 ut
1357 820 1452 881 saepe
1476 797 1547 880 jam
1575 796 1618 859 di·

349 908 435 968 ctum
458 905 517 984 est,
541 901 610 964 sine
634 899 760 963 defectu
777 899 908 962 alterius
924 903 1091 983 utramque
1106 898 1291 983 persistere:
1315 901 1501 983 inutraque
1520 922 1619 962 unum

348 1005 554 1087 eumdemque
579 1002 750 1064 Dominum
778 1000 888 1063 desum
912 1000 1089 1084 Christum,
1125 1005 1229 1065 totum
1259 1001 1362 1064 Deum
1389 1000 1555 1065 hominem
1588 1005 1620 1065 et

346 1110 450 1170 totum
473 1104 634 1168 hominem
657 1103 771 1186 Deum,
795 1103 864 1166 sine
880 1104 927 1166 sui
946 1104 1142 1184 confusione,
1167 1104 1236 1167 sine
1251 1099 1499 1186 ulla'divisiene,
1524 1126 1619 1188 quam

348 1207 487 1271 conditio
514 1207 616 1291 possit
643 1227 850 1289 quaecunque
885 1205 1118 1288 perstringere,
1149 1205 1217 1269 sine
1249 1206 1430 1290 privatione
1459 1205 1512 1269 vel
1535 1206 1619 1270 dete-

349 1309 453 1373 ctione
483 1308 684 1391 cujusquam,
720 1330 757 1370 ex
786 1307 824 1369 iis
853 1307 981 1390 proprie
1010 1306 1059 1370 vel
1087 1307 1121 1370 in
1149 1307 1188 1370 iis
1221 1309 1377 1372 veraciter
1399 1330 1548 1385 manere,
1583 1330 1620 1371 ex

348 1412 463 1495 quibus
486 1410 536 1472 vel
558 1410 593 1472 in
615 1409 730 1492 quibus
752 1431 835 1472 uuus
858 1412 890 1471 et
912 1409 1073 1492 perfectus
1096 1413 1129 1472 et
1145 1431 1236 1473 verus
1253 1412 1302 1472 est
1318 1408 1476 1492 Christus,
1501 1412 1536 1473 et
1550 1410 1621 1472 sine

349 1514 462 1597 quibus
485 1511 535 1575 vel
558 1511 627 1574 sine
649 1511 791 1594 qualibet
813 1534 850 1573 ex
873 1511 928 1592 iis,
961 1511 993 1573 id
1022 1511 1161 1574 estsine
1184 1510 1385 1574 humanitate
1409 1533 1464 1574 seu
1487 1511 1621 1592 deitate,

348 1637 408 1679 nec
431 1614 592 1697 perfectus
615 1636 674 1677 nee
697 1636 779 1676 unus
802 1635 862 1676 uec
886 1634 977 1676 verus
1006 1618 1055 1676 est
1084 1612 1230 1676 Christus
1258 1615 1403 1696 tempore
1432 1616 1621 1696 conceptus.

196 1720 335 1784 Joh.1,14.
349 1715 480 1780 Dictum
503 1718 569 1778 est:
606 1721 733 1779 t'crburo
762 1737 836 1779 coro
856 1720 975 1792 lactum
999 1727 1052 1796 est,
1077 1726 1106 1776 ct
1127 1720 1307 1778 irrhubr'tavit
1329 1721 1359 1778 in
1390 1719 1482 1778 trahis.
1531 1714 1623 1778 Tem-

235 1786 335 1908 Mlatpp
350 1840 426 1901 pore
450 1839 523 1881 vero
545 1819 657 1901 partus
680 1818 832 1901 legimus:
857 1822 1036 1880 Emnraaucl
1057 1838 1119 1880 esse
1141 1828 1254 1879 narrem.
1301 1814 1353 1880 Sic
1382 1815 1517 1901 angelos
1545 1815 1624 1879 ceei-

273 1896 280 1920 ’
350 1922 435 1984 uisse
458 1918 594 2003 gloriam
616 1918 687 2001 Dei,
719 1919 765 1982 sio
794 1918 964 1982 nunciasse
992 1918 1173 2001 pastoribus
1195 1917 1312 1981 Filium
1335 1917 1394 1981 Dei
1422 1921 1550 2000 natum,
1579 1917 1624 1981 sic

349 2043 461 2105 magos
484 2022 524 2083 ab
548 2020 679 2083 Oriente
703 2019 889 2083 Bethlehem
913 2021 1044 2103 petiisse
1067 2020 1147 2103 epra)
1176 2042 1269 2104 quem
1298 2042 1380 2083 noro
1401 2019 1508 2084 sidere
1535 2020 1625 2105 geui-

350 2127 419 2186 tum
444 2126 679 2206 cognoverant,
709 2122 859 2203 adorare,
890 2125 1057 2185 attamen
1086 2123 1242 2186 veraciter
1270 2144 1401 2205 puerum
1428 2122 1553 2205 pannis
1580 2123 1626 2185 in-

351 2224 510 2306 volutum,
542 2225 706 2308 praesepio
741 2224 897 2307 positum.
934 2224 1090 2288 veraciter
1118 2228 1264 2288 materno
1285 2224 1419 2307 gremio
1447 2227 1625 2308 gestatum,

351 2348 449 2409 quum
474 2349 545 2390 cum
567 2327 655 2410 magi
678 2326 794 2390 oblatis
818 2326 1003 2390 muneribus
1026 2325 1208 2408 adorarent,
1238 2326 1398 2389 humanae
1421 2325 1628 2390 substantiae

352 2430 384 2490 et
406 2431 537 2491 nostrae
565 2432 700 2492 naturae
729 2429 922 2492 conditionis
948 2433 1093 2492 exortum
1100 2480 1108 2511 ,
1139 2429 1223 2492 sicut
1250 2427 1438 2512 evangelica
1467 2449 1548 2492 voce
1576 2426 1627 2492 de·

352 2529 518 2612 promitur,
543 2530 588 2593 sie
612 2529 776 2593 Ecclesiae
800 2531 976 2594 catholicae
991 2531 1187 2614 professione
1211 2530 1368 2593 eiectatur.
1398 2529 1450 2593 Ita
1472 2528 1628 2614 deinceps

352 2631 474 2713 pariter
501 2631 586 2695 huuc
610 2632 754 2695 eumdem
780 2633 953 2696 Dominum
976 2633 1088 2696 desum
1112 2632 1276 2698 Christum
1300 2635 1333 2695 et
1355 2630 1459 2695 Deum
1482 2631 1629 2717 explesse

353 2754 434 2814 quae
462 2732 602 2796 humana
632 2738 717 2815 sunt,
748 2738 780 2797 et
808 2733 970 2798 hominem
994 2735 1130 2819 gessisse
1159 2757 1239 2818 quae
1269 2734 1377 2797 divina
1411 2742 1500 2816 sunt,
1530 2740 1568 2799 ut
1595 2735 1627 2798 in

355 2837 488 2918 utroque
516 2835 602 2898 hune
626 2835 770 2898 euiudenr
801 2859 900 2900 rurum
923 2838 1078 2901 ueraciter
1106 2837 1313 2901 exsistentem
1341 2836 1445 2899 omnis
1468 2837 1631 2901 confessio

357 2935 542 3000 Christiana
571 2937 781 3001 concelebret.
828 2938 879 3003 Sic
909 2940 949 3003 ad
972 2939 1154 3022 passionem
1183 2939 1322 3019 venisse,
1352 2941 1389 3001 ut
1417 2941 1451 3001 et
1478 2936 1569 3001 Deus
1598 2946 1628 3001 et

252 3009 340 3141 ,Q
357 3037 450 3101 homo
472 3060 565 3101 verus
589 3040 631 3102 sit
665 3041 843 3122 crucifixus,
873 3047 904 3104 et
932 3042 966 3104 in
990 3064 1082 3105 cruce
1103 3041 1247 3125 pendens
1271 3039 1387 3103 latroni
1422 3039 1519 3103 homo
1543 3040 1630 3105 Deus

353 3160 445 3202 verus
468 3139 656 3222 patefecerit
679 3142 761 3204 atria
790 3143 941 3226 paradisi,
972 3148 1066 3228 atque
1090 3143 1246 3208 elementa
1274 3146 1389 3207 cuncta
1405 3144 1629 3207 commoverit:

355 3244 390 3304 ut
411 3240 514 3304 Deum
542 3247 689 3306 horatium
719 3266 827 3307 verum
856 3250 1032 3325 mortuum,
1064 3245 1241 3329 sepultum,
1276 3249 1313 3308 ut
1340 3245 1505 3308 hominem
1535 3251 1630 3310 Deam

234 3364 463 3453 101190ιιιιιιιιι
486 3366 519 3406 se
543 3345 648 3427 ipsum
670 3346 841 3410 suscitasse
863 3351 936 3430 post
959 3347 1116 3430 triduum3
1149 3350 1185 3409 ut
1206 3347 1368 3411 homiuem
1395 3352 1487 3410 [tcum
1512 3347 1632 3412 clausis

220 3434 460 3525 1'90t‘20fjanuis
484 3468 590 3509 eoram
618 3447 781 3530 discipulis
810 3450 1008 3530 constitisse,
1044 3453 1079 3512 ut
1102 3449 1205 3512 Deum
1232 3457 1378 3514 Jrornr‘aem
1408 3471 1526 3514 manus
1555 3472 1632 3515 suas

355 3547 388 3607 ct
409 3546 514 3629 pedeS,
540 3571 668 3612 earnem
691 3573 823 3634 ossaque
846 3555 1041 3615 monstrasse
1064 3551 1242 3634 discipulis,
1270 3555 1305 3616 ut
1325 3550 1428 3615 Deum
1451 3574 1556 3617 verum
1579 3559 1633 3618 bc

251 3623 462 3746 tsslpl‘miaeu
486 3651 702 3734 quadraginta
731 3653 841 3715 dietms
871 3654 917 3716 ita
940 3653 1104 3736 discipulis
1132 3654 1230 3717 fuisse
1254 3654 1478 3738 conspicuum,
1511 3658 1548 3718 ut
1575 3655 1633 3719 ho

203 3756 339 3825 Act.1,11.
354 3747 473 3812 minem
503 3756 593 3816 Oeam
617 3775 718 3818 rurum
747 3754 792 3817 sic
821 3756 856 3817 in
885 3755 971 3819 coelo
1000 3778 1068 3819 esse
1096 3755 1274 3838 sublatum,
1314 3755 1422 3839 sieque
1452 3755 1531 3820 inde
1560 3779 1636 3841 pro

204 3849 487 3928 Act.7,55.missum
511 3876 578 3917 esse
603 3858 771 3918 uenturum
795 3856 909 3921 Deum.
943 3858 994 3921 sie
1018 3857 1157 3921 huminis
1179 3857 1280 3921 filium
1303 3881 1321 3920 a
1343 3856 1464 3921 (lextris
1486 3862 1637 3925 stantem

357 3950 418 4016 Dei
440 3954 535 4018 beato
558 3956 723 4039 Stephano
746 3963 886 4042 martyre
909 3960 1104 4023 testificante
1122 3964 1337 4044 conspectum,
1362 3959 1407 4023 sic
1430 3960 1464 4023 in
1482 3961 1636 4028 coelesti·

222 4066 340 4133 Cetae
356 4053 414 4118 bus
439 4059 650 4121 coustitutum
682 4060 777 4124 beato
801 4061 899 4124 t‘uulo
927 4062 1133 4145 praedicante
1166 4062 1349 4144 monstrari,
1377 4084 1475 4146 quum
1501 4063 1566 4129 ait:
1599 4070 1638 4131 Ia

231 4203 331 4259 Matth·
356 4177 414 4234 quo
437 4162 553 4222 trabitur
575 4169 668 4223 orrrnr's
687 4169 847 4241 plenitudo
870 4171 1036 4227 craumers
1058 4171 1270 4244 corporaliter.
1299 4162 1350 4228 sie
1374 4163 1448 4227 iude
1471 4168 1641 4233 veraciter

227 4277 304 4335 16:27
317 4275 346 4327 et
356 4258 459 4321 Deum
482 4259 621 4324 hominis
644 4264 745 4326 fdium
768 4264 931 4328 sedentem
954 4266 989 4329 in
1011 4265 1150 4329 nubibus
1180 4266 1259 4330 coeli
1287 4271 1455 4331 venturum
1485 4268 1529 4333 ad
1547 4269 1641 4353 judi·

255 4346 344 4406 24’30·
358 4360 477 4423 candos
500 4361 587 4423 rivos
611 4368 640 4425 et
665 4370 816 4429 mortuos.
840 4366 961 4440 Quibus
984 4368 1131 4431 omnihus
1152 4369 1345 4432 testimoniis
1367 4369 1641 4437 manifestissime

357 4461 547 4539 declaratur,
578 4464 612 4528 in
637 4467 778 4547 utrisque
801 4468 935 4550 naturis,
967 4492 1003 4531 ex
1027 4470 1140 4546 quibus
1170 4470 1219 4532 vel
1241 4471 1275 4533 in
1299 4471 1411 4554 quibus
1441 4478 1640 4559 conceptus,

358 4562 471 4645 editus,
496 4565 638 4628 nutritus
662 4569 694 4629 et
717 4573 922 4632 conversatus
946 4571 980 4633 in
1002 4571 1121 4634 mundo
1144 4575 1192 4636 est
1215 4574 1247 4635 et
1270 4571 1412 4636 elevatus
1435 4572 1476 4636 ud
1494 4575 1640 4657 eoelum,

426 4802 457 4851 ’δι
475 4800 550 4854 Edit.
569 4802 655 4856 Puris.
676 4816 701 4856 ut
720 4825 798 4872 quera.
830 4806 1014 4861 Praeferimus
1028 4826 1090 4862 cum
1103 4808 1198 4863 Coton.
1212 4821 1237 4863 et
1250 4830 1329 4879 qaeu.
1359 4809 1587 4883 legendumque
1600 4814 1642 4871 ri·

358 4880 438 4937 detur
456 4887 555 4953 postea
573 4893 697 4942 (adorasse
716 4905 771 4942 nou
789 4895 910 4948 ara-me.
