3412 5664
315 306 378 372 924
754 319 782 369 s.
799 317 1006 368 noamsnsn
1027 317 1143 367 11111

207 493 301 545 1110.
315 477 445 563 quaml)
468 474 672 561 amplectitur
694 476 812 539 coetus.
848 472 1003 539 Divinum
1025 474 1111 540 enim
1132 494 1244 539 revera
1257 477 1404 539 sanctum
1423 478 1450 541 et
1467 478 1538 545 allso

317 581 427 645 datum
449 577 626 664 symbolum
648 579 864 642 trecentorum
886 576 995 642 decern
1022 579 1056 641 et
1081 579 1154 642 octo
1180 580 1366 643 sanctorum
1391 582 1539 663 patruniu

316 682 438 747 Nicaea
466 682 733 766 congregatorum
761 680 857 744 adoro
886 683 919 744 et
949 679 1114 765 praedico,
1144 683 1177 744 et
1202 677 1378 746 Christiani
1405 680 1540 765 splendoris

317 783 523 848 manifestum
541 782 698 867 judicium
721 803 789 847 esse
810 781 984 866 anmmti03
1007 784 1040 846 et
1061 780 1299 867 quinquafflnta
1312 783 1347 846 ct
1362 784 1478 847 eentmn
1492 806 1541 850 san·

318 889 441 951 ctorum
463 884 664 949 sacerdotum
685 885 720 949 in
743 884 802 948 hac
826 884 904 948 urbe
924 882 1015 968 regia
1034 882 1155 948 factam
1181 883 1398 949 venerabilem
1415 884 1542 970 synodum,

317 987 465 1052 similiter
487 989 521 1051 et
541 986 751 1051 ducentorimi
773 985 832 1051 Dei
857 988 1035 1049 amatorum
1057 988 1185 1070 patrum
1208 989 1402 1050 conventum
1420 986 1452 1051 in
1470 986 1543 1073 liple

318 1089 389 1154 sina
410 1087 548 1172 factum,
577 1088 715 1173 triginta
737 1090 770 1153 et
792 1090 1014 1153 sexcentorum
1041 1086 1377 1152 reverendissimorum
1403 1091 1508 1173 patrum
1521 1096 1544 1157 et

318 1190 517 1256 sacerdotum
540 1190 695 1275 synodum
717 1191 838 1255 factam
860 1189 1061 1271 Calchadone
1088 1191 1221 1275 unam⁶)
1244 1211 1314 1255 esse
1336 1194 1369 1255 et
1396 1192 1545 1257 convenien-

317 1295 442 1358 temet
470 1293 727 1378 compaginatam
753 1292 926 1377 praedictis
955 1292 1075 1357 sanctis
1103 1291 1264 1375 conciliis,
1292 1292 1362 1376 ipse
1389 1312 1445 1378 ego
1470 1293 1544 1377 didici,

318 1395 460 1480 aliosque
488 1394 600 1459 docere
629 1395 775 1479 cognovi.
825 1393 865 1459 ln
893 1393 943 1458 his
970 1414 1047 1478 ergo
1075 1397 1211 1478 quatuor
1242 1393 1374 1479 synodis
1400 1394 1501 1459 sanctis
1522 1400 1545 1462 et

318 1496 417 1562 sacris
438 1518 593 1581 magnum
613 1496 743 1580 pietatis
757 1495 977 1580 praedicatum
991 1495 1189 1580 mysterium,
1212 1498 1246 1560 et
1264 1497 1407 1561 omnium
1419 1495 1544 1562 hominnm

320 1603 368 1664 est
390 1598 530 1683 reposita
552 1598 648 1663 salus.
686 1598 752 1663 Eos
775 1600 871 1681 enim,
894 1598 948 1682 qui
970 1597 1103 1663 fuerunt
1123 1598 1174 1663 vel
1196 1601 1275 1663 sunt
1295 1598 1435 1683 ejusdem
1452 1602 1544 1664 senbn

318 1701 393 1784 tiae,
417 1703 451 1765 et
470 1700 609 1785 suscipio
632 1703 665 1765 et
679 1700 854 1786 amplector
873 1704 906 1765 et
920 1700 1012 1764 unire
1028 1721 1080 1765 me
1102 1699 1148 1764 eis
1162 1699 1273 1786 diligo.
1307 1699 1338 1765 Ε
1352 1704 1459 1765 contra
1469 1704 1544 1765 antem

319 1825 387 1886 eos,
416 1803 471 1887 qui
493 1806 622 1887 praeter
648 1803 727 1867 istae
756 1802 832 1887 quid
861 1803 1007 1868 sentiunt
1036 1804 1093 1867 aut
1120 1802 1310 1887 praedicant
1339 1801 1388 1867 rel
1412 1802 1544 1887 praeterito

318 1910 461 1990 tempore
490 1904 610 1990 aliquid
639 1905 747 1970 conati
774 1907 865 1988 sunt,
899 1927 918 1968 a
946 1908 1035 1969 coetu
1067 1903 1316 1969 orthodoxorum
1347 1907 1477 1970 extorres
1497 1924 1544 1969 me

319 2008 477 2074 existimo.
518 2007 672 2073 Similiter
692 2010 797 2072 rectas
819 2011 852 2071 et
872 2027 984 2071 revera
1005 2006 1261 2093 religiosissimas
1283 2005 1431 2090 epistolas
1449 2027 1543 2071 senua

318 2110 392 2176 bilis
403 2109 627 2195 papaeLeonis
637 2108 861 2194 prorectafide
873 2110 1072 2194 conscriptas
1084 2107 1382 2193 circumamplector
1392 2108 1542 2193 etsmcipio.

403 2213 434 2277 3.
467 2211 598 2277 Habeat
618 2212 719 2297 igitur
739 2210 825 2276 hanc
846 2212 1042 2277 sententiam
1064 2211 1149 2276 circa
1170 2232 1221 2275 me
1239 2213 1365 2275 vestrae
1378 2210 1544 2275 beatitudinis

314 2317 431 2391 ‚sancta
451 2313 650 2379 fraternitas.
692 2313 792 2380 Vobis
814 2315 901 2378 enim
921 2313 1128 2378 manifestum
1148 2312 1223 2403 feci,
1247 2315 1281 2377 et
1302 2312 1393 2398 subu
1414 2334 1459 2377 mc
1474 2311 1541 2377 eccle

319 2417 376 2482 siis
397 2415 476 2481 haec
498 2415 662 2500 praedico,
686 2416 843 2481 festinans
865 2416 1052 2500 peremnia
1073 2437 1126 2480 eas
1148 2413 1291 2500 mihique
1313 2417 1477 2479 1111111111
1492 2413 1543 2477 beo·

319 2518 449 2583 titudini
472 2517 602 2583 vinculo
625 2517 768 2584 caritatis
791 2518 935 2603 adunari,
959 2540 1038 2604 quas
1052 2518 1183 2583 omnino
1204 2519 1334 2602 oportet
1348 2537 1415 2582 esse
1427 2515 1544 2581 11111111

319 2619 528 2705 inviolabiles,
553 2623 586 2685 et
608 2642 721 2706 corpus
743 2643 843 2685 unum
858 2621 1034 2686 communis
1056 2619 1249 2706 apostolicae
1263 2618 1424 2685 Ecclesiae
1436 2618 1544 2701 idemque

192 2801 198 2815 .
319 2726 474 2809 perpetuo
497 2723 665 2788 custodire.
702 2722 848 2800 Quantus
870 2723 957 2788 enim
979 2724 1063 2788 circa
1085 2725 1224 2788 vestram
1245 2721 1452 2787 venerabilem
1463 2720 1545 2784 irater·

320 2826 456 2890 nitatem
478 2826 514 2891 in
535 2825 684 2891 omnibus
706 2826 749 2891 sit
770 2847 869 2910 amor,
889 2826 1001 2911 jubete
1015 2825 1211 2913 perpendere
1218 2824 1262 2910 ⁸):
1284 2824 1361 2911 quia
1380 2845 1453 2909 quos
1469 2824 1546 2886 vaes

387 3016 409 3083 Ι1)
425 3014 500 3069 Loco
517 3012 671 3084 particulae
689 3032 762 3083 quum
778 3012 914 3068 Batonius
930 3011 1074 3068 substituit
1091 3017 1224 3080 11111111,
1244 3010 1361 3082 ejusque
1378 3009 1505 3066 lectionum
1516 3022 1546 3061 u·

321 3099 466 3169 ripuerunt
487 3097 554 3153 edit.
577 3097 671 3153 concil
691 3096 816 3154 Ecclesia
836 3099 931 3154 tamen
948 3097 977 3152 in
995 3097 1109 3153 clericos
1127 3098 1157 3153 et
1173 3096 1272 3164 laicos,
1294 3112 1351 3152 non
1367 3096 1396 3151 11
1411 3093 1546 3151 saoerdotm

321 3185 350 3240 et
365 3184 501 3239 laicorum
518 3183 628 3238 coetum
645 3181 730 3236 dividi
751 3183 828 3237 solet.
868 3181 940 3238 Sane
957 3183 1102 3238 mallemus
1124 3194 1150 3238 ct
1168 3187 1274 3239 omium
1296 3184 1466 3238 aarum
1479 3182 1547 3248 nst·

320 3277 397 3324 cucur
414 3280 508 3324 werae.
543 3267 691 3322 Dioscorus
713 3266 792 3337 epist.
813 3273 859 3322 111
878 3267 1066 3339 Epiphaniam
1083 3266 1208 3339 episcopi
1224 3267 1267 3323 sui
1283 3266 1432 3337 syncellum
1446 3261 1549 3320 aab

321 3354 410 3409 docet.
439 3353 576 3408 Eumdem
592 3352 713 3422 synodus
726 3352 1033 3423 constantinopolitana
1050 3353 1129 3424 epist.
1144 3359 1192 3408 131
1209 3352 1347 3408 maximas
1357 3348 1480 3407 ecclesias
1493 3362 1550 3403 cass

320 3438 494 3508 sustinuisse,
512 3437 730 3508 nominatimque
747 3439 894 3508 paternam
912 3438 1100 3510 orphanorum
1117 3437 1334 3493 sollicitudinem
1350 3436 1461 3508 gessise
1470 3430 1550 3506 umeti-

321 3525 374 3580 eat.
414 3525 476 3594 Ipse
499 3540 573 3579 nunc
594 3541 624 3579 se
645 3522 833 3593 baptizandis,
859 3524 892 3578 ut
913 3539 961 3578 eos
986 3522 1051 3578 fidei
1073 3522 1201 3579 docmina
1222 3522 1375 3589 imbueret,
1396 3517 1552 3593 praepositis

320 3609 404 3663 fuisse
421 3607 525 3664 scribit.
556 3608 611 3664 Sed
627 3607 692 3663 hinc
708 3607 805 3662 inferri
821 3608 930 3678 nequit,
950 3609 1033 3664 rudes
1049 3606 1214 3663 instituendi
1225 3623 1275 3662 seu
1287 3605 1469 3663 catechizandi
1478 3618 1552 3658 111111

320 3693 434 3763 syncelli
452 3693 542 3749 officio
560 3692 644 3748 fuisse
665 3692 811 3763 illigatum.
847 3693 880 3748 Id
902 3710 987 3764 porro
1005 3693 1200 3765 episcoporum
1218 3693 1289 3748 erat.
1323 3690 1380 3762 Ipsi
1397 3706 1459 3746 vero
1473 3685 1553 3744 suis

320 3796 419 3832 munus
438 3794 486 3833 eos
503 3777 679 3849 potissimum
697 3777 869 3848 deligebant,
888 3779 937 3849 qui
954 3780 983 3835 et
998 3778 1102 3834 idonea
1112 3777 1229 3833 scientia
1240 3777 1270 3832 et
1281 3775 1433 3833 dinerendi
1448 3771 1554 3829 rusae

320 3863 465 3934 pollerent.
498 3862 569 3919 Eam
587 3863 622 3919 ob
641 3879 754 3918 causam
772 3863 873 3919 delecti
890 3865 966 3932 sunt,
984 3864 1033 3934 qui
1050 3879 1083 3919 eo
1100 3878 1216 3918 munere
1232 3859 1420 3918 Alexandriae
1434 3859 1553 3929 iungem-

321 3951 378 4015 tur,
396 3948 565 4016 Pantaenus,
585 3948 722 4015 Clemens,
740 3948 888 4019 Origenes,
905 3948 1038 4005 Heraclas
1055 3965 1089 4003 ac
1099 3947 1261 4017 Dionysius,
1279 3947 1313 4002 ut
1327 3945 1459 4001 Eusebius
1472 3937 1556 4001 nsi.

322 4040 362 4088 13.
381 4031 431 4099 VI,
449 4039 546 4100 3‚5,o,
561 4038 697 4096 111119
715 4033 809 4089 1111111.
846 4035 923 4089 idem
942 4049 1052 4103 quoqne
1069 4033 1098 4086 in
1116 4031 1232 4088 ecclesia
1249 4030 1340 4087 111111
1355 4030 1483 4086 usitatum
1496 4025 1558 4082 fun

321 4118 403 4174 docet
420 4117 602 4188 Augustinus,
620 4119 687 4174 dum
702 4119 806 4174 librum
823 4119 857 4175 de
876 4117 1079 4175 catechizandis
1095 4116 1211 4173 rudibus
1227 4117 1268 4173 sic
1285 4116 1440 4173 exorditum
1458 4118 1559 4169 cemus

321 4225 371 4270 rae,
390 4207 478 4271 (ruder
499 4207 668 4274 Deoqratiaa
691 4211 761 4276 qaod
781 4209 827 4259 tius
847 4211 904 4260 usai
924 4216 991 4261 esset
1012 4208 1156 4258 scriberem.
1201 4207 1302 4258 messe
1321 4208 1400 4269 eain,
1420 4204 1486 4272 quod
1502 4212 1562 4265 W

321 4294 393 4358 opud
408 4292 597 4359 Ceremiam,
620 4293 662 4343 aba·
683 4295 804 4345 diaconus
825 4310 866 4358 es,
889 4295 925 4344 sd
941 4301 966 4345 te
983 4295 1145 4344 adducamur
1167 4293 1211 4359 qui
1227 4293 1283 4358 Me
1306 4291 1453 4343 ceruum
1470 4289 1565 4355 ptiffl

321 4378 447 4430 imbuendi
462 4384 532 4441 runt,
549 4393 580 4430 co
598 4379 667 4444 quod
683 4381 837 4431 subtimeris
848 4379 941 4430 tudere
953 4378 1128 4429 cctsclts'zands'
1138 4376 1239 4430 adem
1254 4377 1419 4442 [aalma.
1434 4382 1461 4428 et
1470 4372 1568 4427 m

319 4465 382 4528 fidet
398 4470 424 4515 et
440 4465 564 4514 1111111111
580 4465 710 4515 sermonis.

388 4547 410 4615 ⁰)
427 4544 446 4599 b
464 4544 598 4614 praetulit
615 4564 711 4612 seruos,
731 4544 837 4614 rejecto
859 4546 896 4601 ad
913 4562 1001 4616 marg,
1020 4564 1110 4600 mum:
1133 4560 1189 4614 quo
1205 4543 1295 4599 verbo
1311 4542 1489 4616 Epipharu'm
1505 4556 1573 4598 unsa

322 4632 351 4685 et
369 4629 497 4685 eamdem
512 4630 595 4700 hujus
613 4629 721 4686 concilii
738 4632 822 4701 atque
839 4630 925 4686 trium
942 4629 1115 4702 superiorum
1131 4630 1216 4685 fldem
1233 4644 1294 4686 esse
1311 4629 1447 4686 scamma

389 4717 411 4784 7)
427 4714 472 4769 Ad
488 4713 612 4771 litteram
633 4732 765 4786 graecam
781 4722 846 4780 ταῖς
863 4711 920 4774 ὑπὸ
942 4718 999 4788 poi
1016 4711 1194 4787 insimulare,
1213 4714 1292 4786 quod
1312 4716 1371 4771 este
1393 4720 1517 4787 sabjectis
1536 4717 1582 4769 uu

322 4805 444 4855 ecelesiis.
479 4798 544 4855 Mox
562 4800 596 4856 G¹
610 4803 637 4857 δ’
656 4806 815 4871 eumdemque
832 4813 966 4872 perpetue.

389 4887 411 4954 ⁸)
429 4883 594 4941 Concinnius
610 4886 751 4957 legeretur
767 4893 862 4944 scinde
877 4892 1045 4959 perpendite,
1069 4903 1103 4944 ac
1119 4902 1195 4943 mox:
1218 4904 1271 4942 m
1287 4893 1407 4944 11111σί
1417 4894 1509 4960 susis.
1540 4887 1591 4945 llos
