3412 5664
211 342 272 389 xvr
647 310 845 387 rurrrnrro
869 337 1044 386 anrroms.

210 499 437 594 praebuerit,
465 498 587 573 sinon
611 498 688 592 ipse
714 496 898 569 asteriscis
924 496 1054 570 inclusi
1081 499 1120 569 et
1145 496 1342 591 praedictis
1365 497 1481 592 signis

210 619 355 706 notavi,
389 618 546 713 prudens
577 618 692 690 lector
725 639 769 688 ex
795 617 1004 689 recensione
1030 615 1213 704 codicum,
1247 639 1360 709 quam
1393 639 1481 689 mox

210 737 386 813 exhibebo
418 741 456 810 et
488 760 562 832 qua
588 736 748 830 cujusvis
781 735 941 808 auctoris
974 758 1084 808 curae
1111 735 1271 808 strictim
1297 736 1480 809 notabun-

209 861 283 945 tur,
311 855 388 951 ipse
415 859 599 952 agnoscet.
644 854 705 927 lta
730 854 878 947 quidem
901 854 1045 927 factum
1062 857 1163 949 puto,
1192 857 1235 925 ut
1261 859 1300 927 et
1326 854 1480 927 veritati

208 979 393 1069 quantum
418 998 484 1069 per
509 998 569 1047 me
595 977 714 1047 staret
731 973 967 1070 consulerem,
996 976 1035 1046 et
1053 973 1259 1067 impietatis
1278 978 1317 1046 et
1334 974 1480 1067 injusti·

210 1094 287 1170 tiae
314 1097 422 1168 notas
450 1095 658 1189 effugerem.
774 1179 777 1186 .

311 1215 345 1286 4.
380 1212 523 1303 Restat,
550 1217 595 1284 ut
620 1235 715 1307 quae
742 1212 819 1306 ipse
846 1211 886 1282 in
912 1211 1120 1284 recensione
1146 1215 1271 1285 textus
1299 1212 1481 1306 principia

209 1335 356 1407 secutus
370 1333 451 1421 sim,
468 1332 594 1426 paucis
608 1331 833 1426 adoperiam.
861 1327 1029 1402 Primum
1046 1329 1091 1403 de
1108 1330 1310 1404 codicum
1327 1334 1479 1404 aucto·

208 1452 368 1540 ritate,
395 1475 509 1546 quam
527 1453 595 1523 aut
612 1450 819 1546 generatim
836 1452 904 1522 aut
921 1450 960 1520 in
978 1449 1183 1544 unaquavis
1201 1451 1357 1544 epistola
1373 1475 1479 1545 prae-

208 1571 374 1659 trderim,
415 1571 555 1665 partim
586 1570 625 1641 in
657 1569 895 1662 subsequenti
926 1568 1072 1641 illomm
1104 1569 1312 1642 recensione
1338 1571 1479 1664 partim

209 1689 248 1762 in
279 1690 430 1762 monitis
462 1689 703 1785 epistolarum
740 1688 972 1783 singularum
1013 1687 1172 1781 praeviis
1205 1688 1347 1782 plenius
1380 1691 1479 1762 ratio

208 1808 392 1882 reddetur.
436 1807 481 1880 In
506 1808 635 1881 iisdem
661 1807 718 1879 his
744 1806 896 1879 monitis
922 1805 997 1879 alia
1023 1807 1139 1881 etiam
1157 1811 1348 1880 momenta
1365 1808 1477 1902 diplo-

209 1927 358 2016 matica,
388 1928 657 2022 inscriptiones,
686 1949 870 2014 summae,
899 1930 1010 1998 notae
1035 1925 1277 2020 marginales
1310 1930 1349 1999 et
1374 1928 1477 2021 quid-

208 2046 295 2141 quid
322 2070 387 2141 pro
414 2048 610 2120 authentia
637 2048 705 2118 aut
728 2045 942 2118 usucritico
961 2044 1061 2134 facit,
1089 2045 1200 2117 simul
1218 2049 1390 2118 accurate
1408 2047 1479 2118 dis·

208 2170 388 2239 serentur.
402 2165 606 2239 -Deinde
619 2166 658 2236 in
671 2165 809 2238 edendo
822 2168 929 2237 textu
946 2166 1025 2259 ipso
1042 2188 1127 2238 eum
1145 2165 1344 2237 venerabili
1361 2166 1479 2239 totius

209 2285 327 2380 operis
363 2289 518 2379 parente
549 2284 764 2358 (brrstantio
794 2284 1064 2378 religiosissime
1099 2307 1314 2356 summam
1350 2308 1478 2378 prae·

208 2404 603 2477 stantissimcrum
629 2403 831 2476 codicum
858 2403 996 2475 fidem
1030 2403 1353 2500 observandam
1377 2403 1476 2492 duxi,

209 2526 476 2616 contraquam
503 2523 684 2595 editorum
710 2522 937 2616 aliorumque
964 2545 1030 2595 nec
1057 2544 1233 2595 errores
1267 2546 1333 2594 nec
1359 2522 1478 2593 arbi·

209 2642 380 2715 trarias
408 2642 716 2716 correctiones
744 2641 886 2714 admisi.
922 2639 1141 2736 Saepissime
1162 2641 1477 2735 enimprimorum

209 2761 390 2834 editorum
408 2762 502 2834 meri
528 2784 667 2834 errores
694 2760 828 2833 calami
854 2760 901 2832 ab
919 2761 1088 2833 inauribus
1115 2759 1351 2853 sequentibus
1377 2784 1477 2855 repe·

209 2880 273 2954 titi
289 2883 387 2969 sunt,
415 2881 479 2973 qui
504 2880 536 2953 si
561 2881 619 2953 vel
645 2902 719 2951 uno
745 2878 866 2952 codice
893 2880 1120 2968 strinientur,
1149 2881 1193 2951 ut
1218 2880 1391 2953 lectiones
1410 2880 1478 2951 dif-

96 3090 100 3096 ῃ
209 2998 376 3073 ficiliores
392 2999 541 3072 indubie
559 2999 717 3072 veriores
736 3021 813 3071 esse
830 2998 1077 3071 crederentur.
1119 2997 1221 3071 Unde
1248 3022 1356 3072 nemo
1373 3023 1477 3093 prae·

209 3142 292 3212 ceps
319 3118 563 3212 suspicionem
589 3119 729 3191 malam
756 3118 967 3205 concitabit,
995 3119 1026 3189 si
1052 3143 1097 3191 ex
1115 3121 1291 3191 accurata
1310 3118 1477 3212 archety-

210 3259 339 3330 porum
366 3237 423 3310 vel
450 3238 642 3331 archetypi
667 3237 889 3309 lustratione
916 3238 1102 3331 permulta
1128 3237 1312 3310 editorum
1344 3236 1478 3308 menda

209 3359 354 3454 remota
380 3378 458 3429 esse
484 3356 705 3450 cognoverit.
759 3355 843 3427 Alia
869 3359 995 3428 autem
1024 3379 1068 3428 ex
1095 3359 1202 3451 parte
1229 3359 1273 3426 ut
1299 3355 1478 3448 ejusmodi

210 3477 335 3548 textus
361 3475 455 3548 vitia
481 3478 611 3548 contra
636 3474 801 3548 omnium
834 3474 999 3548 codicum
1031 3475 1295 3548 auctoritatem
1322 3475 1477 3569 conige-

209 3617 304 3681 rem,
340 3593 410 3666 etsi
444 3592 661 3687 praeiissent
693 3593 799 3684 editi,
836 3616 910 3665 non
942 3596 1009 3665 aut
1042 3594 1103 3666 vix
1135 3594 1278 3666 admisi.
1333 3593 1477 3666 Partim

210 3712 309 3786 enim
335 3736 409 3785 non
434 3712 661 3800 mumdum,
698 3713 729 3783 si
756 3736 840 3785 vere
873 3713 911 3785 in
937 3714 1302 3808 occupatissimomm
1331 3712 1476 3785 illomm

210 3831 426 3926 pontificum
459 3830 604 3923 scriptis
643 3832 789 3925 saepius
827 3832 993 3905 salebrae
1031 3833 1214 3926 quaedam
1257 3833 1476 3919 restiterint,

209 3974 324 4044 quum
358 3951 455 4024 inter
490 3973 636 4022 summa
663 3951 812 4046 negotia
845 3954 883 4023 et
916 3953 1096 4025 acerrima
1129 3951 1335 4024 certamina
1366 3951 1476 4025 limae

208 4069 313 4142 labor
339 4073 377 4142 et
402 4093 507 4142 mora
532 4069 594 4141 vix
620 4071 922 4164 exspectandum;
964 4072 1101 4165 partim
1135 4073 1262 4143 autem
1289 4071 1357 4143 sub
1383 4071 1476 4163 ejus·

209 4189 309 4261 modi
334 4189 516 4262 velamine
541 4189 641 4260 haud
667 4212 751 4262 raro
776 4192 902 4262 textus
921 4190 1055 4264 lacuna
1072 4190 1178 4279 latet,
1206 4212 1301 4283 quae
1319 4189 1476 4262 aliorum

210 4308 476 4403 exemplarium
502 4307 683 4381 medelam
709 4308 865 4402 flagitet,
893 4332 1077 4403 quamque
1103 4309 1249 4382 lectoris
1272 4310 1398 4382 oculos
1420 4333 1475 4382 ce-

208 4427 304 4500 lasse
336 4451 470 4520 parum
502 4429 651 4522 gratum
685 4428 789 4501 foret.
854 4426 954 4500 Unde
993 4428 1045 4500 ibi
1076 4428 1224 4521 quidem
1262 4428 1477 4522 plerumque

210 4546 355 4619 nonnisi
381 4546 429 4618 ad
445 4546 662 4639 marginem,
690 4569 803 4639 quam
821 4547 961 4641 putavi,
989 4547 1251 4620 correctionem
1269 4547 1408 4632 addidi;
1438 4549 1476 4619 in

211 4665 331 4758 ipsum
358 4669 504 4737 textum
531 4669 621 4736 tunc
647 4665 765 4737 solum
791 4665 946 4745 immisi.
979 4666 1010 4737 si
1045 4668 1112 4738 aut
1139 4667 1263 4761 palam
1290 4671 1477 4761 prostaret

210 4783 350 4856 librarii
376 4783 531 4878 legentis
559 4783 789 4856 audientisve
816 4808 926 4861 error.
955 4788 1023 4856 aut
1040 4789 1215 4858 mntextu
1234 4789 1301 4857 aut
1319 4786 1476 4858 aliorum

210 4903 373 4977 locorum
385 4903 627 4978 similitudine
640 4903 844 4978 necessario
858 4904 1034 4979 correctio
1041 4905 1251 4999 juberetur;
1268 4929 1334 4979 nec
1348 4908 1476 4980 tamen
