3450 5678
340 288 405 395 4Ϊο
630 349 633 353 ·
818 341 846 390 s.
863 338 1005 391 occasu
1026 338 1140 389 sassa

229 527 255 566 a.
269 515 328 567 aas.
342 501 450 567 essent
472 519 596 580 carnae,
620 517 704 562 nova
726 496 837 561 debuit
859 494 1077 561 ecclesiastiea
1098 495 1267 581 provenire
1288 494 1455 562 discussio.
1485 497 1541 563 An
1558 497 1618 584 qui

340 602 376 670 in
403 602 566 667 hominem
593 600 818 685 imperatorem
846 620 996 683 peccasse
1024 598 1230 683 dicebantur,
1259 599 1349 665 nulla
1376 599 1617 668 interveniente

341 705 462 791 synodo
485 703 579 787 dejici
602 701 792 785 debuerunt,
816 701 906 767 etin
928 701 1042 784 Deum,
1072 701 1127 789 qui
1149 723 1291 769 summus
1313 705 1347 768 et
1367 724 1461 769 verus
1483 705 1534 769 est
1555 703 1616 771 im·

340 810 479 895 perator,
503 805 659 872 Acacium
674 804 913 892 delinquentem
928 804 1148 890 sinceramque
1171 806 1428 873 communionem
1449 805 1549 873 duni
1563 829 1617 874 sa·

342 908 498 978 crementi
505 909 546 992 ⁸⁰)
569 908 752 973 studentem
767 907 900 975 miscere
917 929 989 974 cum
1002 907 1144 992 perfidis,
1167 908 1344 976 secundum
1358 908 1526 995 synodum,
1549 932 1617 997 qua

340 1014 421 1080 haec
442 1015 492 1079 est
506 1012 658 1078 damnata
673 1009 818 1096 perfidia,
842 1033 909 1078 non
930 1011 1100 1098 oportebat
1121 1010 1261 1097 expelli?
1282 1011 1366 1089 Quid
1381 1011 1420 1079 da
1435 1011 1617 1079 innumeris

338 1139 397 1204 per
417 1118 522 1182 totum
543 1113 709 1179 Orientem
732 1113 898 1181 catholicis
920 1114 1137 1181 sacerdotibus
1153 1115 1284 1201 propria
1306 1115 1380 1182 sede
1402 1114 1556 1201 depulsis,
1580 1120 1617 1185 et

338 1217 561 1287 indubitanter
581 1217 753 1284 haereticis
776 1216 993 1284 intromissis?
1024 1216 1136 1284 Novae
1159 1222 1266 1287 certae
1293 1221 1387 1285 erant
1414 1240 1551 1304 causae,
1581 1223 1617 1289 et

338 1323 389 1389 his
412 1323 643 1406 consequenter
664 1342 747 1387 nora
769 1321 909 1406 synodus
931 1320 1116 1387 debebatur.
1162 1321 1227 1413 Our
1253 1325 1333 1388 tunc
1359 1342 1426 1389 non
1456 1322 1551 1389 venit
1577 1323 1616 1391 in

337 1427 489 1508 mentem,
512 1424 605 1490 utin
626 1423 744 1490 talihrn
768 1424 871 1490 causis
894 1427 1056 1509 peteretur
1078 1447 1097 1489 a
1119 1424 1266 1509 principe
1290 1424 1406 1491 saltem
1427 1425 1615 1511 qualiscun-

316 1540 399 1615 'que
421 1527 560 1613 synodus
583 1527 789 1595 celebranda:
818 1530 853 1593 ut
875 1550 1063 1614 quocunque
1085 1528 1135 1592 vel
1159 1528 1300 1593 colorato
1318 1527 1441 1612 judicio
1462 1528 1615 1595 anditio-

339 1632 389 1697 nie
412 1630 648 1697 ecclesiastieae
674 1631 795 1716 passim
816 1631 984 1717 pontifices
1005 1631 1189 1696 viderentur
1210 1629 1394 1717 exeludi⁸¹),
1417 1653 1486 1697 non
1508 1633 1616 1701 solum

338 1755 597 1820 quarumcunque
629 1732 755 1798 urbium
783 1734 979 1818 sacerdotes,
1019 1733 1075 1799 sed
1107 1733 1348 1821 metropolitani
1380 1734 1616 1803 incunctanter

339 1836 525 1904 antistites?
568 1835 629 1902 His
651 1836 800 1903 omnibus
822 1859 920 1922 quum
941 1859 1008 1903 non
1030 1837 1151 1902 restitit
1172 1836 1379 1922 suggestione
1401 1858 1465 1921 qua
1494 1839 1613 1923 potuit,

340 1941 503 2007 consensit
525 1939 673 2020 Aeacius,
697 1939 961 2007 communicando
977 1942 1111 2025 eunctis,
1135 1941 1188 2027 qui
1208 1940 1244 2005 iu
1260 1939 1491 2005 catholicorum
1505 1939 1614 2011 locum

246 2043 325 2096 Rom
339 2043 493 2111 haeretici
521 2043 651 2109 fuerant
678 2043 854 2129 subrogati.
901 2044 1073 2129 Apostolus
1101 2047 1209 2110 autem
1230 2042 1319 2127 dicit,
1295 2046 1409 2111 taon
1436 2049 1534 2110 aalma
1561 2052 1618 2126 pai

256 2117 568 2226 1’32Ῑιιοίιιιιι,ιιά
599 2152 688 2211 etiam
726 2153 780 2227 qai
809 2154 999 2212 consentiunt
1033 2150 1240 2226 sementibus,
1280 2167 1352 2212 reos
1386 2145 1616 2215 indubitanter

339 2250 488 2317 adscribi.
531 2249 586 2317 An
608 2249 688 2316 haec
709 2250 801 2316 licmt
822 2249 979 2316 saeculari
1001 2224 1164 2366 potestati,
1188 2253 1221 2315 et
1243 2249 1325 2316 actis
1346 2248 1466 2314 talibus
1489 2249 1615 2317 Aeacio

339 2353 608 2439 consentiente⁸²)
631 2353 750 2439 absque
771 2353 837 2419 ulla
859 2353 990 2438 synoda,
1014 2374 1110 2437 quam
1132 2353 1202 2438 ipsa
1224 2374 1331 2418 rerum
1352 2352 1479 2417 novitas
1503 2352 1614 2439 exige

338 2457 405 2541 bat,
429 2456 548 2541 absque
570 2455 653 2521 sedis
676 2456 870 2542 apostolieae
894 2456 1127 2521 consultatione
1150 2455 1317 2539 perficere3
1340 2457 1374 2519 et
1394 2453 1462 2519 sedi
1484 2458 1616 2541 aposto-

274 2566 296 2595 ⁹
337 2560 419 2626 licae
441 2580 507 2624 non
529 2560 630 2644 licuit,
606 2559 833 2624 tseeundurn
855 2562 1001 2624 tenorem
1023 2557 1134 2644 synodi
1158 2556 1459 2623 calchedonensis
1450 2579 1486 2623 sn
1508 2560 1614 2625 veteri

337 2662 447 2751 utique
471 2685 565 2729 eausa
587 2667 620 2729 et
643 2663 742 2728 veteri
765 2662 884 2727 constit
870 2663 971 2746 tjuto
975 2659 1294 2726 uxtadefinitionem
1313 2658 1512 2744 damnata,
1502 2660 1613 2728 mimi·

339 2768 383 2834 eis
405 2768 519 2853 synodi
542 2765 811 2834 Calchedonensis
840 2765 995 2831 Acacium
1023 2764 1313 2831 communicantem
1340 2786 1361 2829 a
1389 2785 1447 2830 sua
1469 2784 1615 2832 commu·

337 2871 434 2937 niune
455 2868 637 2955 depellere?

426 2975 474 3038 13.
499 2973 561 3039 Sed
578 2972 742 3058 inquiunt:
766 2973 904 3038 Aeacius
919 2971 1058 3057 principi
1074 2970 1204 3035 obviare
1218 2992 1283 3036 non
1298 2969 1414 3055 potuit.
1438 2968 1505 3036 (tur
1519 2968 1614 3037 Basi-

337 3076 426 3159 liso0,
450 3077 525 3160 quia
547 3076 657 3159 voluit,
680 3074 844 3141 obviavit?
867 3075 931 3142 Cur
952 3074 1014 3158 ipsi
1031 3073 1163 3156 Zenoni,
1187 3095 1227 3138 ne
1251 3072 1358 3157 palam
1379 3071 1477 3137 Petro
1494 3072 1613 3139 Antio·

338 3180 450 3260 cheno,
475 3179 618 3264 quamvis
640 3177 825 3263 latenter⁸³)
848 3177 909 3241 hoc
931 3175 1056 3258 feeerit,
1087 3163 1321 3240 communicare
1342 3174 1515 3257 videretur,
1544 3198 1615 3243 non

338 3280 550 3345 commodavit
572 3280 760 3345 assensum?
790 3279 875 3344 Ecce
896 3277 1067 3343 resultanti
1090 3300 1155 3342 non
1177 3277 1298 3343 institit
1315 3277 1503 3362 imperator,
1536 3300 1614 3345 ecee

337 3384 401 3447 vim
425 3384 547 3446 nolenti
570 3405 636 3448 non
650 3383 771 3466 intulit,
796 3404 869 3446 eece
885 3380 1059 3466 refugienti
1076 3381 1228 3468 contagia
1242 3378 1417 3445 manifesta
1432 3382 1613 3448 concessit!

338 3484 502 3549 Postremo
526 3489 695 3550 curtante
717 3489 870 3568 tempore,
901 3507 998 3568 quum
1020 3484 1084 3549 ista
1106 3487 1295 3570 gererentur
1315 3481 1366 3548 vel
1391 3483 1539 3569 gerenda
1561 3508 1614 3551 eu

336 3590 517 3669 gnosceret,
552 3610 617 3651 non
646 3588 685 3652 ad
713 3587 819 3650 sedem
848 3586 1072 3670 apostolicam,
1107 3612 1126 3650 a
1153 3610 1216 3671 qua
1248 3586 1310 3651 sibi
1340 3606 1451 3653 euram
1479 3585 1614 3654 illerum

337 3688 503 3774 regionum
527 3692 661 3753 noverat
682 3689 873 3773 delegatam,
897 3687 1016 3753 referre
1039 3688 1236 3753 maturavit?
1268 3688 1329 3753 Sed
1348 3687 1437 3773 prius
1459 3686 1614 3755 laudator

336 3790 441 3855 factus
464 3794 513 3855 est
535 3792 602 3875 ipse
624 3795 797 3877 gestorum,
822 3812 917 3875 quarn
940 3790 988 3854 vel
1004 3794 1227 3875 praemoneret
1248 3790 1329 3857 talia
1351 3812 1420 3855 esse
1436 3792 1612 3877 tentanda,

336 3893 385 3956 vel
408 3917 449 3958 ne
472 3897 675 3958 tentarentur
697 3894 876 3977 obsisteret,
900 3893 984 3959 sient
1006 3894 1067 3958 sub
1090 3893 1245 3959 Basilisco
1262 3893 1331 3979 jam
1363 3893 1497 3959 fecerat.
1546 3894 1615 3963 Gur

336 3995 400 4060 illis
424 3997 538 4062 ceteris
562 3997 796 4062 communicare
819 3996 992 4080 consensit,
1021 3996 1074 4082 qui
1103 3997 1243 4082 depulsis
1265 3996 1433 4062 catholicis
1463 3997 1614 4065 sacerdo

335 4097 422 4164 tibus
460 4099 682 4163 indubitanter
717 4099 870 4164 haeretiei
904 4099 1041 4186 singulis
1079 4100 1211 4165 urbibus
1243 4100 1374 4165 fuerant
1409 4099 1615 4167 substituti?

403 4339 435 4405 ⁸⁰)
454 4336 596 4401 Quatenus
615 4335 744 4392 videlieet
764 4338 793 4392 in
815 4338 983 4395 sacramenti
1005 4357 1052 4394 scu
1071 4339 1196 4395 sacrificii
1219 4338 1304 4395 divim
1323 4338 1514 4396 celebratione
1531 4340 1613 4398 Patri

333 4420 433 4491 perfidi
450 4438 484 4475 ac
503 4421 627 4477 damnati
645 4439 745 4478 nomen
763 4422 875 4479 recitari
893 4423 995 4480 studet.
1031 4424 1095 4481 lior
1113 4424 1147 4491 Q·
1165 4446 1215 4495 per
1233 4429 1411 4482 cerasorum
1427 4428 1576 4481 enham.

401 4509 434 4573 Η)
453 4504 487 4571 Q¹
500 4506 535 4572 0¹
553 4515 658 4571 exclusi,
677 4509 751 4578 vulg.
772 4527 834 4564 eum
853 4510 886 4564 G¹
907 4516 1018 4566 secludi.

402 4594 435 4661 ⁸²)
453 4591 485 4657 Q¹
505 4598 679 4653 consultanti.
714 4594 779 4649 Mox
797 4595 831 4648 Β*
844 4596 882 4651 N³
894 4594 926 4663 ΩΙ
941 4595 975 4661 Q²
987 4602 1063 4664 justa
1080 4603 1225 4664 definitione
1242 4603 1385 4653 damnatius
1408 4595 1455 4664 (0¹
1467 4603 1548 4666 jaste
1567 4606 1613 4655 de·

330 4683 468 4744 aaronem
486 4680 626 4747 damnata).

401 4766 434 4831 ⁸³)
452 4763 523 4818 Illud
541 4771 651 4819 latenter
668 4765 787 4835 epistola
805 4784 922 4836 sequens
935 4786 960 4821 n.
974 4773 990 4821 6
1008 4767 1141 4838 explieat,
1160 4768 1226 4838 quia
1238 4767 1343 4824 scilicet
1353 4767 1473 4825 Aeacius
1483 4786 1544 4826 non
1556 4787 1612 4842 per

333 4866 363 4902 se
380 4848 483 4919 ipsum,
502 4850 550 4904 sed
568 4867 619 4921 per
636 4850 749 4906 Petrum
769 4853 984 4909 Alexandrinum
1002 4870 1065 4910 eum
1082 4853 1255 4912 Antiocheno
1274 4854 1508 4913 communicabat
1541 4857 1621 4914 lior·

335 4934 368 5001 Ψ
388 4955 437 4990 aon
455 4941 551 4991 resistit
569 4943 703 4993 resultanti
720 4944 866 5008 imperator.
