3450 5678
750 334 921 385 sorssors
945 327 995 387 10.
1419 286 1425 295 .
1450 327 1510 393 149

225 496 393 563 babitare.
411 489 617 576 prohibetur,
646 489 729 553 alter
751 489 976 576 respiciente⁴)
1005 512 1039 555 se
1062 490 1200 556 Domino
1226 515 1352 577 semper
1375 494 1509 578 junctus
1522 512 1615 561 aser.

230 595 401 676 asseritur,
425 591 516 675 cujus
540 590 759 656 consolatione
781 592 932 658 salvatur.
970 593 1108 658 Possent
1123 594 1352 660 venerabilium
1368 601 1634 675 veterumlseaa.

232 701 340 763 multa
365 694 524 780 replicari,
554 716 636 780 quae
660 694 756 777 juxta
784 693 952 759 veritatem
979 695 1066 760 dicte
1091 695 1362 781 demonstrantur,
1391 699 1445 763 sed
1469 701 1509 765 ab

237 800 350 865 eadem
372 818 477 881 causa,
501 818 583 882 quae
605 817 639 861 se
661 799 698 859 ut
719 795 920 880 loqueremur
941 797 1088 883 ingessit,
1112 798 1292 862 recentiora
1314 803 1390 864 sunt
1405 822 1509 866 exem·

238 899 280 982 ple
299 898 476 965 sumenda.
510 897 620 982 Non⁶)
642 897 836 983 dignitatem
852 897 1047 963 Viennensis
1070 898 1222 963 ecclesiae
1244 898 1421 966 Mamertus
1444 904 1507 986 epi·

238 1021 355 1086 scopus
367 1000 514 1066 meminit
523 999 725 1065 Arelatensis
741 1000 897 1065 antistitis
912 999 1073 1084 quondam
1088 1001 1344 1085 transgressione
1360 1004 1507 1087 crevisse,

236 1104 260 1165 et
274 1126 353 1188 pro
373 1102 580 1189 corrigendis,
603 1123 685 1186 quae
708 1123 875 1185 perperam
898 1102 1105 1187 gerebantur,
1128 1101 1307 1167 inviolabili
1330 1109 1441 1188 postea
1456 1107 1508 1171 de·

233 1201 384 1270 tutione
405 1205 626 1289 compositum,
649 1225 691 1267 ne
715 1202 797 1267 alter
811 1203 978 1288 inglorius,
1003 1202 1085 1286 alter
1100 1205 1135 1268 in
1153 1207 1257 1269 totum
1272 1206 1372 1269 veteri
1387 1206 1507 1273 honore

228 1326 273 1387 per
291 1307 428 1373 vitium
450 1305 663 1392 praecessoris
685 1305 878 1390 reperiretur
900 1305 1038 1369 exutus?

298 1410 355 1474 3.
396 1408 487 1475 Sicut
508 1430 586 1495 ergo
614 1411 647 1473 et
669 1409 794 1472 vestrae
822 1407 1003 1472 dilectionis
1025 1408 1139 1473 relatio
1162 1412 1195 1473 et
1215 1408 1326 1474 fratris
1349 1414 1382 1474 et
1404 1412 1506 1495 coepi-

220 1510 301 1594 scopi
354 1511 452 1577 uostri
475 1511 612 1576 Antonii
638 1509 816 1575 insinuatio
843 1511 1007 1592 reseravit,
1038 1510 1149 1593 claret,
1183 1512 1383 1596 praedictum
1411 1513 1506 1596 privi-

219 1610 299 1696 legia
344 1613 439 1679 certis
462 1611 613 1678 conclusa
634 1611 783 1677 terminis
804 1611 885 1676 velle
906 1612 1039 1696 perdere
1061 1612 1134 1698 plus
1149 1612 1294 1695 volendo,
1319 1614 1373 1697 qui
1389 1614 1506 1679 abusus

215 1712 345 1779 fratris
378 1718 411 1781 et
437 1714 674 1781 consacerdotis
700 1712 825 1778 Leontii
855 1714 1069 1797 moderantia,
1106 1714 1285 1779 Deensibus
1316 1718 1429 1779 contra
1457 1717 1507 1780 las

214 1810 429 1902 episcopum,
457 1815 585 1882 etiamsi
607 1818 657 1880 est
677 1815 820 1898 meritus,
851 1838 917 1879 non
939 1816 1049 1880 timuit
1071 1837 1268 1881 consecrare.
1313 1816 1352 1881 In
1375 1839 1437 1901 quo
1459 1819 1505 1882 fa-

213 1920 296 1983 ctum
354 1920 418 2003 ejus
450 1921 646 1986 convenerat
672 1916 719 1982 sic
746 1916 872 2000 resolvi,
902 1921 940 1982 ut
956 1917 1052 2002 juxta
1074 1939 1194 1999 eorum,
1218 1939 1299 2002 quae
1320 1923 1507 2002 perpetrata

212 2020 305 2100 sunt,
359 2022 546 2107 qualitatem
572 2042 638 2085 nou
661 2019 731 2083 sine
760 2019 890 2103 jactura
910 2019 1031 2104 proprii
1053 2019 1174 2084 ordinis
1182 2020 1208 2104 ὃ)
1238 2020 1335 2083 etiam
1363 2019 1506 2085 illum-a

213 2121 422 2190 sacerdotali
462 2122 623 2189 consortio
657 2121 837 2186 submoveri
875 2125 1036 2205 cerneret,
1074 2143 1167 2205 quem
1203 2121 1323 2186 creavit
1347 2121 1505 2205 indebite3

214 2226 425 2313 quemquel)
447 2223 672 2311 indignissime
694 2223 809 2288 fecisse
832 2224 1049 2307 convincitur,
1074 2225 1254 2308 correptum
1272 2222 1361 2306 justa
1383 2224 1505 2289 ultione

197 2321 379 2412 anerei,
401 2350 444 2393 ne
466 2330 642 2412 conceptae
664 2325 816 2390 audaciae
838 2325 1035 2411 incastigata
1057 2325 1222 2390 temeritas
1237 2325 1388 2390 licentiae
1402 2348 1435 2389 se
1450 2349 1504 2410 pe-

220 2425 358 2520 perisse
382 2432 511 2516 putaret
542 2427 732 2512 exemplum.
777 2426 899 2491 Verum
927 2428 967 2491 ad
995 2427 1201 2492 ecclesiarum
1230 2427 1370 2511 quietem
1392 2431 1504 2494 tautae

223 2531 500 2617 ansgradmis
522 2529 656 2595 vulnera
684 2551 839 2594 memores
858 2529 1060 2614 apostolicae
1089 2529 1268 2613 sapientiae
1291 2530 1395 2594 curari
1418 2531 1503 2595 volu·

229 2653 288 2703 nus
316 2638 402 2700 ante
423 2632 587 2716 fomentis,
610 2636 647 2697 ut
669 2631 811 2716 corporis
832 2632 935 2696 nostri
957 2632 1136 2696 membrum
1161 2632 1245 2696 forte
1267 2633 1446 2697 sanandum
1469 2633 1503 2698 in

233 2735 454 2817 integritatem
476 2735 648 2829 pristinam
670 2756 727 2820 per
748 2733 878 2801 mitiora
898 2734 1132 2799 medicamenta
1154 2736 1331 2816 revocetur,
1355 2756 1416 2798 nec
1438 2756 1503 2798 cre·

239 2839 326 2905 detur
354 2838 483 2926 negligi,
507 2837 590 2922 quod
612 2836 742 2902 interim
764 2859 830 2900 non
852 2839 1001 2901 monetur
1016 2835 1170 2900 abscindi.
1205 2835 1340 2899 Praevia
1354 2835 1502 2901 medendi

244 2952 372 3021 semper
389 2938 585 3007 austeritatis
607 2941 657 3003 est
677 2938 805 3021 lenitas,
836 2960 895 3002 nec
922 2937 1025 3001 omnis
1053 2937 1138 3001 ferro
1165 2937 1275 3001 statim
1301 2936 1398 3021 culpa
1420 2958 1503 3001 com·

249 3036 393 3127 pscium
422 3044 478 3107 aut
500 3040 701 3125 inexplorato
734 3040 783 3105 vel
812 3041 895 3125 quod
923 3039 1019 3103 facilc
1052 3039 1200 3123 prodesse
1226 3039 1329 3122 possit
1360 3040 1501 3104 offertur.

254 3139 337 3206 Nune
361 3145 438 3209 euim
459 3142 615 3228 temporis
638 3143 871 3229 opportunitas,
896 3164 983 3205 nunc
1006 3140 1191 3226 languentis
1207 3140 1391 3222 necessitas,
1416 3163 1502 3206 nnnc

261 3238 412 3311 medicinae
433 3234 533 3331 ipsius
556 3248 589 3310 et
610 3245 720 3308 modus
743 3248 792 3308 est
814 3244 1014 3328 quaerendus
1037 3246 1070 3307 ct
1091 3242 1245 3327 qualitas:
1269 3243 1305 3305 ut
1327 3243 1430 3306 omnis
1445 3265 1502 3326 per

265 3338 425 3423 sapientiem
446 3349 537 3413 facta
559 3348 592 3411 in
615 3345 739 3433 vitiisss)
762 3345 973 3431 reprimendis
996 3344 1175 3409 sollicitudo
1198 3345 1340 3409 curantis
1363 3345 1503 3429 gaudeat

270 3446 446 3533 ronanus,
470 3450 555 3536 quod
577 3448 691 3531 salvat,
715 3470 775 3512 nec
798 3451 906 3513 careat
927 3447 1155 3529 moderatione,
1178 3446 1261 3531 quod
1284 3449 1416 3510 resecat.

335 3544 362 3609 4·
401 3551 459 3616 His
492 3551 538 3637 igi
556 3572 594 3615 ur
625 3552 731 3614 vestra
765 3550 954 3614 fraterintas
986 3550 1129 3635 graviter
1167 3548 1404 3633 prudenterque
1432 3571 1501 3633 per-

276 3642 369 3730 imis,
391 3653 481 3739 alial)
504 3652 590 3738 apud
613 3674 670 3716 nos
699 3650 892 3716 dissimulari
915 3674 1007 3736 posse
1029 3673 1095 3716 non
1118 3649 1281 3732 aestimet,
1312 3650 1502 3733 inquorum

195 3796 201 3805 ·
278 3751 426 3820 ”issarius
448 3754 686 3837 contumeliam,
710 3754 763 3838 qui
787 3776 852 3819 non
874 3754 1034 3818 immerito
1057 3753 1213 3837 pulsatur,
1238 3752 1349 3816 erexit.
1395 3751 1501 3817 Fratri

279 3928 535 3959 κ-
560 3975 563 3981 ,
656 3927 661 3935 “

327 4029 343 4089 'l
356 4034 391 4095 tic
406 4046 431 4099 α’
445 4048 480 4110 c',
499 4043 551 4098 nisi
569 4043 644 4112 quod
662 4047 689 4097 c⁷
706 4049 763 4098 deo.
791 4043 823 4096 ld
841 4048 995 4112 suspiciente
1012 4061 1041 4095 se
1061 4046 1147 4101 Danao,
1166 4041 1184 4094 b
1203 4046 1363 4110 aresmpieate.
1399 4040 1463 4094 Mox
1477 4045 1503 4094 ο7

276 4115 420 4202 “dwtoae
442 4129 494 4184 Hic
512 4128 636 4183 alludere
654 4128 764 4183 videtur
776 4128 887 4181 Hilarus
904 4128 941 4180 ad
958 4126 1035 4180 illum
1055 4123 1143 4179 Isaiae
1155 4129 1224 4190 65st
1242 4124 1332 4178 locum
1351 4125 1500 4179 secundum

275 4194 386 4264 “illim
398 4213 553 4270 lectionem:
572 4219 609 4268 ad
619 4234 690 4283 quera
701 4219 836 4282 respiciam
855 4219 904 4266 nisi
920 4218 956 4266 ad
969 4216 1080 4265 tramitem
1093 4221 1118 4263 et
1130 4215 1255 4278 quiessem?
1278 4209 1385 4276 (autad
1398 4208 1499 4262 Psalm.

276 4282 547 4366 mamam

327 4365 343 4429 'l
356 4372 391 4433 lle
403 4400 463 4438 mss.
482 4384 511 4438 et
528 4383 610 4447 bc¹';
628 4385 655 4437 c⁵
666 4399 741 4451 seqq.
762 4387 827 4437 Num
844 4370 999 4450 (diffitentem,
1018 4381 1120 4434 omisso
1139 4379 1255 4434 subinde
1272 4385 1386 4435 aremius.

326 4451 344 4509 ‘l
357 4456 413 4524 Quia
427 4466 571 4534 nimirum,
589 4472 620 4521 ut
636 4467 693 4521 Leo
712 4466 856 4536 spirtius
874 4485 899 4519 n.
915 4472 930 4520 3
948 4464 1078 4532 loquitur,
1096 4472 1206 4535 propria
1223 4471 1312 4534 perdit
1329 4469 1372 4531 qai
1389 4465 1501 4515 indebita

274 4547 400 4630 Wlffli-
432 4552 579 4623 Illegitimc
597 4551 755 4605 ordinatum
774 4551 865 4620 gradu
883 4569 932 4605 suo
951 4550 1088 4604 mulctant
1105 4568 1164 4619 syn.
1179 4550 1291 4610 Taurin.
1311 4566 1333 4601 c.
1348 4555 1363 4601 3
1380 4548 1410 4599 et
1427 4544 1500 4600 Zosi-

171 4692 174 4705 2
275 4632 869 4704 fflfflmepistonsen.a‚rn.aetsn.1.

328 4706 383 4772 'ib'
395 4706 459 4791 quem
477 4743 557 4793 aeque
575 4727 728 4792 dionissium,
746 4738 865 4790 moxque
883 4721 917 4774 Id
928 4720 991 4773 L⁴b
1009 4740 1055 4775 aee
1072 4729 1220 4789 conceptae.

328 4793 346 4857 ε)
358 4797 383 4853 b*
396 4813 494 4875 injuriis
509 4813 687 4877 reprimendis.

329 4876 421 4946 ilat
438 4893 657 4964 suffragantibus
675 4910 740 4946 mss.
761 4893 799 4957 (α’
814 4891 866 4960 12⁴).
904 4890 958 4948 Alii
977 4897 1048 4949 talia.
