3412 5664
214 288 257 353 46
581 305 715 354 uonrrn
739 305 890 352 russum
913 305 950 352 ru
972 303 1113 354 osunen

215 474 343 539 quantum
359 465 464 522 Gelasio
479 466 554 522 cordi
571 466 660 529 luerit,
676 482 764 536 nemo,
782 467 832 522 nisi
848 467 894 540 qui
907 467 934 520 iu
950 465 1008 537 eJus
1020 466 1129 539 scriptis
1138 466 1176 521 sit
1185 467 1295 522 omuino
1307 467 1482 541 peregrinus,

215 553 333 625 ignorat.
356 551 410 607 llac
425 553 505 606 etiam
520 550 680 607 damnantur
694 550 817 614 lormula,
833 552 866 606 iis
878 550 1020 621 adjunctis,
1036 566 1105 625 quae
1119 567 1214 625 papam
1230 550 1353 607 eumdem
1366 567 1484 625 prorsus

214 637 325 709 sapiant.
357 635 432 692 Unde
446 638 545 692 sensim
561 635 711 698 conlichur,
733 637 785 692 hoc
800 635 938 692 decretum
959 651 1012 692 nou
1034 635 1116 691 modo
1137 634 1239 691 lsisloro
1254 635 1399 693 llercatori
1419 652 1485 710 per·

214 737 304 799 peram
318 720 407 784 tribui,
423 719 471 777 sed
486 738 536 778 uec
550 721 582 776 nd
595 722 733 777 Damasum
749 721 843 777 reierri
860 727 945 777 totum
962 736 1051 795 posse.
1074 719 1143 775 Huic
1154 721 1225 776 enim
1241 737 1325 795 papae
1336 723 1484 795 scriptum.

212 802 240 862 iu
254 822 308 879 quo
320 806 393 862 Petri
406 806 584 870 Alexandrini,
599 806 673 863 Petri
687 806 847 863 Antiocheni
859 814 886 862 et
902 806 989 862 Aeacii
1004 800 1296 880 Constantinopolitsui
1308 807 1413 863 mentio
1425 804 1484 868 liat.

214 891 329 947 adscribi
344 889 546 966 perabsurdum.
578 894 618 948 hu
634 909 698 948 vero
716 891 811 947 saltem
826 890 885 961 ejus
900 908 962 964 pars
977 892 1005 947 iu
1022 907 1082 946 euru
1098 891 1248 953 conveniat,
1264 889 1461 966 expendamus.

298 976 327 1032 4.
359 975 511 1050 Stephanus
528 975 649 1033 baluzius
665 978 737 1034 uotis
758 977 784 1031 iu
802 976 957 1032 Gratianum
977 993 1040 1050 pag.
1056 974 1118 1031 444
1141 992 1156 1030 a
1174 976 1305 1032 sevisum
1320 992 1381 1032 esse
1397 984 1484 1032 testa·

215 1069 259 1117 tur
275 1062 484 1118 vetustissimum
500 1060 668 1118 collectionis
684 1061 858 1134 dionysianae
873 1061 1016 1135 exemplar,
1039 1062 1066 1116 iu
1083 1076 1138 1135 quo
1154 1059 1330 1117 exhibebatur
1344 1059 1418 1117 idem
1434 1060 1484 1117 de·

214 1155 316 1202 cretum
338 1147 414 1221 quasi
434 1146 574 1202 allamaso
595 1164 663 1221 papa
683 1146 795 1202 editum.
827 1145 885 1202 lloc
904 1145 1048 1220 exemplar,
1070 1144 1144 1220 quod
1164 1147 1191 1201 in
1212 1143 1375 1202 bibliotheca
1395 1144 1483 1220 Regia

213 1240 271 1288 not.
288 1230 380 1295 3887,
394 1231 413 1288 3
428 1247 501 1288 0000
515 1241 676 1296 asservatur,
693 1230 806 1287 vidimus
822 1237 849 1286 et
864 1231 915 1304 ipsi
931 1239 958 1288 et
973 1232 1149 1287 excussimus.
1186 1229 1272 1288 hledio
1288 1229 1398 1287 saeculo
1412 1228 1481 1295 vttt

214 1319 253 1372 uti
264 1316 319 1388 jam
335 1316 543 1378 observavimus,
560 1324 695 1372 exaratum
711 1333 778 1378 esse,
795 1332 878 1391 quum
894 1333 926 1372 ex
941 1317 1104 1378 charactere,
1121 1323 1177 1371 tom
1193 1331 1226 1371 ex
1241 1315 1481 1390 Andegarcnsium

213 1403 402 1476 episcoporum
425 1402 549 1476 catalogo
571 1401 603 1457 ad
624 1401 683 1472 ejus
704 1401 801 1457 calcem
823 1399 959 1474 adscripto
980 1409 1099 1475 apparet.
1136 1399 1174 1455 Eo
1195 1399 1303 1471 majoris
1325 1408 1368 1456 est
1388 1403 1482 1475 pretii.

213 1486 285 1560 quod
301 1489 432 1543 sinceram
448 1486 565 1560 Dionysii
580 1484 675 1562 Exigui
691 1486 880 1542 collectionem
901 1493 1021 1542 asservat
1041 1487 1068 1542 in
1084 1486 1216 1542 Anastasii
1232 1485 1253 1540 11
1273 1485 1389 1560 epistola
1406 1485 1482 1542 desi·

212 1581 321 1628 nentem
336 1590 367 1628 ac
381 1572 480 1628 nullam
496 1570 637 1628 habentem
653 1587 743 1626 aarum
760 1570 943 1645 epistolarum,
961 1570 1057 1645 quibus
1067 1579 1144 1626 aucta
1155 1569 1322 1645 temporibus
1333 1568 1482 1628 lladriauil

212 1655 363 1732 legebatur.
394 1657 424 1713 ln
441 1658 492 1713 hoc
507 1674 590 1730 porro
606 1656 750 1730 exemplari
765 1657 896 1712 Anastasii
912 1656 935 1711 ll
949 1672 1032 1730 papae
1048 1654 1164 1712 decretis
1179 1650 1480 1729 proxime‘subjicitur:

213 1743 320 1815 Incipit
335 1746 487 1799 conciliem
501 1744 582 1799 urhis
597 1743 707 1799 Romae
721 1742 774 1798 suh
790 1742 918 1798 Ilamaso
937 1758 1018 1813 papa
1039 1743 1074 1798 de
1091 1743 1299 1813 sapienatione
1318 1742 1395 1812 fidei.
1428 1741 1480 1797 Ili·

202 1835 289 1884 ·ctnm
310 1835 368 1884 est:
387 1828 476 1885 Prius
496 1828 637 1901 apendum
653 1835 695 1883 est
709 1829 743 1883 de
759 1830 862 1898 spiritu
877 1826 1039 1899 septiformi
1052 1835 1115 1889 etc..
1138 1835 1168 1882 ut
1189 1826 1216 1882 in
1238 1824 1367 1895 subiectis
1388 1828 1479 1900 gestis

212 1911 244 1967 ab
260 1914 337 1968 initio
352 1911 384 1968 ad
400 1913 464 1968 haec
479 1910 557 1968 rerba
572 1930 600 1968 0.
615 1914 632 1969 o
647 1913 720 1968 ltem
736 1911 879 1969 Chronica
896 1913 1014 1968 Ensehii
1027 1912 1235 1968 Caesariensis.
1266 1910 1334 1965 lum
1350 1912 1480 1984 sequitur

213 1997 405 2053 Gallicanarum
421 1998 617 2071 provinciarum
633 1998 736 2060 notitia.
757 1997 800 2052 cui
816 1996 922 2053 demum
939 1997 1170 2072 tnoegavenstnm
1192 1997 1384 2070 episcoporum
1404 2004 1480 2052 cata·

212 2082 292 2156 logos
311 2082 476 2156 adjungitur.
507 2081 561 2139 Nec
582 2091 683 2139 temero
703 2083 879 2155 suspicamur,
901 2082 1055 2157 iragmento
1069 2082 1133 2138 huic
1147 2080 1234 2138 simile
1249 2082 1385 2137 exstitisse
1399 2079 1478 2143 illud.

212 2167 285 2241 quod
300 2166 384 2224 Lucas
400 2167 556 2224 llolsteoius
578 2167 653 2242 (coll.
672 2166 748 2224 Rom.
765 2167 784 2230 l,
803 2166 874 2239 178)
894 2172 923 2225 in
940 2171 1130 2225 uetustissima
1146 2184 1289 2224 canonum
1304 2167 1479 2223 collectione

212 2254 398 2310 bibliothecae
426 2254 586 2310 Vaticanae
605 2262 712 2309 nactum
733 2269 762 2309 se
783 2254 833 2314 ait.
862 2253 933 2309 unde
955 2263 982 2309 et
1002 2254 1114 2327 primam
1135 2251 1238 2309 decreti
1258 2250 1339 2322 hujus
1359 2259 1477 2326 partem,

212 2355 291 2412 quam
306 2356 356 2394 nos
372 2356 399 2395 0.
418 2339 433 2394 1
450 2346 479 2394 et
495 2339 513 2395 2
529 2338 621 2394 recudi
636 2340 794 2403 curavimus,
817 2339 877 2411 quia
892 2338 950 2395 sola
965 2338 1086 2394 noudum
1101 2337 1208 2412 vulgata
1224 2345 1290 2400 erat,
1313 2335 1394 2393 edere
1409 2339 1478 2394 satu

213 2422 313 2480 halurit.
329 2417 350 2495 ¹)
381 2422 438 2480 Hoc
452 2431 526 2480 certe
541 2423 633 2499 prodit
648 2423 753 2487 titulus,
769 2440 849 2497 quem
865 2440 897 2478 ex
909 2424 1056 2497 archetypo
1071 2439 1122 2479 suo
1138 2424 1273 2497 expressit
1285 2423 1313 2478 in
1329 2422 1403 2477 hunc
1418 2438 1478 2480 mo·

212 2508 290 2563 dum:
321 2510 371 2564 Eae
391 2511 511 2567 concilio
533 2510 612 2566 urbis
627 2509 736 2567 Romae
756 2510 809 2565 sub
825 2510 951 2566 llamaso
966 2509 1052 2581 Papa
1067 2511 1102 2565 de
1118 2510 1326 2580 explanatione
1339 2509 1418 2580 fidei,
1437 2506 1478 2563 id·

212 2609 300 2667 eoque
320 2593 470 2657 coulirmat,
491 2594 564 2668 quod
586 2594 714 2649 baronius
736 2611 768 2649 ex
793 2593 889 2650 eodem
910 2594 1003 2650 codice
1023 2595 1050 2650 iu
1073 2592 1212 2650 annalibus
1232 2593 1377 2667 excerpsit.
1408 2591 1478 2649 Eum

211 2679 282 2734 enim
302 2680 398 2752 ipsum,
420 2679 499 2735 simul
521 2688 548 2736 et
568 2680 681 2735 alterum
702 2679 824 2743 similem,
845 2695 929 2753 penes
950 2679 1085 2736 eruditum
1105 2678 1181 2735 illum
1204 2677 1366 2734 cardinalem
1380 2677 1476 2739 rause.

211 2764 342 2838 largietur
357 2763 438 2829 ultro,
455 2765 500 2838 qui
516 2764 588 2839 quod
604 2764 692 2820 illaad
708 2781 793 2820 anuos
809 2764 870 2821 447
886 2771 914 2820 et
929 2764 989 2822 867
1003 2763 1118 2837 Spiritus
1133 2766 1217 2820 saucti
1234 2779 1265 2818 ex
1275 2761 1356 2818 Patre
1368 2761 1477 2820 etliilio

211 2851 411 2923 processionem
427 2848 590 2924 probaturus
605 2866 638 2904 ox
658 2848 796 2905 codicibus
811 2850 867 2906 suis
883 2850 996 2923 prolert,
1017 2865 1078 2905 com
1094 2865 1126 2904 co
1143 2847 1297 2909 contulerit,
1320 2847 1393 2922 quod
1410 2846 1478 2904 liol-

210 2935 314 2990 stenius
330 2951 345 2990 c
361 2935 495 2997 Vaticano,
516 2953 567 2991 nos
588 2933 703 3008 cliegio
724 2936 852 2991 eruimus.
890 2934 956 2990 item
976 2937 1004 2990 in
1019 2933 1175 2991 Baronianis
1195 2933 1248 2990 illis
1268 2931 1477 3007 exemplaribus,

210 3019 331 3094 adeoque
346 3022 373 3076 in
386 3019 570 3082 llolstcuiauo,
585 3037 641 3076 000
655 3020 743 3075 miuus
759 3019 875 3094 amplum
890 3036 970 3094 quam
985 3021 1012 3076 iu
1023 3017 1109 3094 hegio
1124 3018 1227 3075 decreti
1243 3017 1323 3089 lrxrjus
1338 3017 1478 3091 fragmen·

211 3114 266 3160 tom
282 3107 417 3162 exstitisse
432 3121 590 3179 persuasum
606 3104 721 3168 habebit,
738 3106 861 3178 quisquis
877 3104 910 3160 de
921 3106 1107 3180 praerogativa
1122 3104 1227 3161 sedium
1240 3104 1428 3160 testimonium
1443 3102 1477 3160 ab

210 3190 305 3245 codem
326 3190 451 3246 cardinali
467 3191 499 3247 ad
515 3207 599 3247 arrnos
616 3191 655 3248 69
671 3198 698 3245 et
714 3190 774 3247 382
796 3207 810 3245 c
825 3189 961 3246 codicibus
977 3190 1077 3263 eisdem
1098 3191 1263 3263 exscriptum
1284 3188 1317 3244 ad
1339 3188 1477 3262 fragmen·

211 3284 267 3329 tum
282 3277 309 3330 iu
325 3275 409 3349 Regio
430 3277 574 3350 ‹exeruplari
594 3283 758 3331 asservatum
779 3277 908 3349 exegerit.
940 3274 1014 3331 llndc
1037 3291 1120 3349 quum
1143 3291 1198 3331 uon
1218 3275 1271 3331 alio
1288 3272 1475 3336 fundamento,
1518 3276 1521 3281 '

211 3361 260 3414 uisi
277 3361 467 3433 exemplarium
480 3361 598 3422 illorum,
614 3377 682 3434 quac
698 3360 883 3435 iragmcntom-
895 3358 1049 3430 hujusmodi
1065 3360 1176 3416 haruaso
1191 3361 1352 3434 inscriptum
1367 3376 1434 3433 prae
1444 3375 1476 3415 se

209 3444 309 3507 lerunt,
326 3446 426 3500 nitatur
446 3446 547 3519 opinio,
569 3462 638 3519 quae
659 3445 760 3501 decreti
774 3445 855 3516 hujus
870 3453 973 3518 partem
990 3445 1099 3502 Damaso
1114 3444 1244 3507 attribuit,
1260 3444 1328 3502 nihil
1348 3443 1476 3519 prolecto

209 3537 251 3584 est
267 3529 378 3592 facilius,
395 3546 474 3603 quam
490 3539 520 3585 ut
535 3547 566 3586 ea
581 3546 613 3585 ex
628 3532 720 3586 animis
728 3526 909 3587 'convellatun
935 3529 1013 3598 Quod
1024 3532 1181 3605 priusquam
1193 3529 1393 3605 aggrediamur,
1409 3547 1475 3606 ope·

210 3630 255 3668 rae
270 3615 387 3688 pretium
403 3623 453 3679 cst,
471 3632 552 3671 uuuxn
568 3623 613 3671 aut
629 3616 743 3671 alterum
759 3614 846 3672 obiter
861 3614 1014 3672 observare.

296 3699 323 3755 5.
355 3700 445 3756 Primo
461 3700 578 3773 quidem,
600 3702 623 3756 si
640 3709 693 3756 tam
708 3709 812 3757 certum
827 3709 908 3762 esset,
930 3702 956 3757 io
972 3699 1097 3758 Romanis
1112 3699 1259 3764 codicibus.
1280 3718 1351 3774 quos
1366 3700 1477 3759 uonn-

211 3785 272 3839 nius
289 3793 316 3839 rt
338 3784 466 3840 llarouius
488 3785 606 3847 laudaut,
629 3802 683 3842 non
705 3786 780 3842 aliam
804 3779 894 3842 haberi
916 3803 1049 3843 canonum
1071 3787 1268 3851 collectionem,
1292 3787 1343 3842 uisi
1360 3789 1475 3860 quaein

211 3867 296 3944 llegio
311 3870 455 3944 exeruplari
471 3880 632 3935 asservatur,
649 3888 727 3945 quam
743 3879 846 3928 certum
863 3879 913 3935 est,
929 3881 956 3928 ot
972 3871 1125 3929 collectioni
1141 3873 1169 3927 in
1185 3871 1237 3928 illis
1253 3880 1404 3928 asservatae
1420 3888 1475 3929 uon

279 4117 297 4184 ¹)
316 4116 376 4171 Hoc
393 4116 504 4185 quddam
522 4135 608 4173 secus.
632 4118 708 4173 ‘Nam
720 4118 857 4174 Holstcuii
874 4119 1170 4185 concreatricem,
1188 4119 1217 4172 in
1229 4135 1284 4188 quo
1296 4120 1338 4174 ita
1348 4119 1475 4177 inscribi·

209 4187 266 4237 tur:
290 4189 425 4240 Concilium
447 4191 516 4240 urbis
534 4192 627 4242 Romae
648 4191 694 4242 sad
711 4193 824 4243 llarnaso
848 4193 880 4241 de
902 4194 1084 4258 explanatione
1097 4194 1169 4254 fidei.
1203 4193 1304 4242 Dionem
1325 4200 1378 4243 est:
1399 4196 1476 4258 00000

207 4258 330 4321 rependum
348 4265 396 4311 etc.
415 4285 447 4294 -
465 4260 622 4309 annuntiabit
639 4259 718 4311 vodis.
748 4260 813 4310 Item
831 4261 992 4311 dictumest:
1012 4260 1084 4310 Nunc
1100 4276 1160 4310 oero
1179 4261 1365 4325 descriptoris
1382 4262 1476 4313 divim

208 4326 331 4398 spendens
348 4334 398 4383 est,
422 4328 483 4393 quid
499 4329 648 4377 uniuersalis
670 4329 762 4392 recipit
779 4329 899 4386 ecclesio,
923 4336 948 4378 et
971 4330 1033 4393 quid
1052 4329 1129 4378 vilari
1150 4327 1250 4378 debeat.
1288 4325 1329 4377 Ae
1346 4324 1474 4393 subjecto

208 4391 407 4458 scripturorum
429 4408 569 4445 sacrorum
593 4390 722 4459 catalogo
744 4391 933 4460 prosequitur:
960 4397 1025 4446 Item
1047 4398 1139 4446 dietam
1161 4404 1216 4446 est:
1242 4397 1306 4447 Post
1322 4397 1370 4448 has
1387 4413 1476 4448 onnes

206 4462 371 4526 propheticas
389 4469 413 4511 et
431 4467 590 4528 eannpeliras
607 4471 632 4513 et
643 4467 807 4529 apostolicas,
825 4479 888 4528 prras
899 4466 1017 4528 superius
1029 4466 1237 4528 deprompsimus,
1254 4466 1401 4530 scripturas
1419 4464 1473 4517 etc.

208 4557 240 4565 -
256 4533 362 4594 primum
380 4548 466 4582 nomen
485 4533 678 4581 christianornm
696 4535 808 4582 novellae
824 4535 907 4596 gentis
924 4539 1041 4582 emortum
1058 4540 1104 4582 est.
1133 4530 1174 4582 Ac
1191 4528 1299 4596 aliquot
1315 4528 1474 4597 interjectis
1519 4568 1521 4573 -

207 4593 280 4647 idern
299 4594 384 4648 codex
403 4595 442 4648 sic
460 4597 545 4649 rcsorl
564 4595 620 4661 (fol.
634 4602 683 4649 279
696 4595 738 4663 b):
759 4600 855 4664 Incipit
872 4602 1009 4650 decretatis
1026 4602 1058 4650 ale
1071 4602 1225 4665 recipiendis
1242 4607 1267 4650 et
1284 4617 1334 4650 000
1345 4604 1473 4667 recipien-

207 4668 247 4716 rlis
265 4667 348 4724 libris,
367 4670 411 4732 qui
426 4670 539 4732 scriptus
557 4676 595 4716 est
612 4685 628 4716 a
648 4668 749 4717 Gelasio
766 4685 837 4732 popo
855 4684 909 4716 cum
928 4669 1005 4717 LXX
1027 4671 1089 4718 airis
1106 4671 1282 4719 erarditissimis
1299 4671 1430 4735 episcopis
1446 4671 1473 4720 in
1519 4696 1521 4703 ·

205 4737 268 4785 sede
286 4738 428 4799 apostolico
445 4736 515 4785 urbis
528 4735 628 4786 donuae.
662 4735 725 4784 I’ost
742 4736 907 4800 prophetissas
925 4743 949 4785 ct
967 4739 1125 4798 eoanpeliens
1141 4740 1293 4802 scripturas,
1350 4738 1401 4787 ’dus
1419 4737 1472 4789 ete.

207 4798 322 4919 Ppwxmff
340 4799 465 4919 ejlpsdpur
484 4802 589 4920 ibrpplae
608 4801 754 4865 uirruuquo
773 4800 915 4854 decretum
935 4800 1164 4855 lrolrcuillnrouii
1184 4801 1292 4856 codices
1330 4802 1472 4857 0004303

208 4882 222 4917 0
269 4866 476 4920 'aicc...l›.
529 4872 563 4920 3.
