3450 5678
229 103 290 169 lm
576 114 711 164 montes
733 113 886 162 Putavit
909 114 946 161 IN
968 112 1151 163 sauuacm

226 282 304 339 lisera
319 298 392 337 nnnc
406 286 534 342 asservat,
552 273 637 356 [sicut
651 278 678 333 in
685 275 856 333 Vstttcellano
873 269 957 352 G99]
974 282 1037 349 post
1051 272 1222 332 consularem
1233 280 1327 331 notant
1338 270 1376 329 tie
1385 273 1532 349 aarum

225 369 360 442 repetitur
385 365 540 439 inscriptio:
570 364 758 420 Dilectissimo
772 362 868 435 fratri
888 362 1025 419 Caesario
1049 360 1240 435 Symmachus
1246 383 1257 425 ,·
1277 367 1336 417 tam
1355 358 1525 435 mutu:

228 454 352 510 Caritati
365 459 433 509 luae
446 466 503 524 per
517 465 613 506 omnes
629 449 798 506 Gallicanas
813 450 945 522 repiones
961 448 1059 503 utendi
1070 448 1162 519 pallia
1183 448 1382 503 concessimus
1397 442 1508 519 factri—

226 545 323 596 tatem.
354 538 527 609 Exemplum
545 536 633 591 liielti
649 552 679 605 p.
711 533 792 591 Sicut
813 552 831 589 a
849 548 977 606 persona
998 533 1075 588 henli
1095 534 1218 604 apostoli
1236 538 1303 602 stc,
1325 536 1359 587 ut
1373 528 1448 587 inira
1467 528 1514 587 all

226 623 336 680 calcem.
373 622 441 677 Hinc
460 621 589 693 (inceptus
610 619 739 674 Batonius
760 619 826 675 duas
842 617 992 693 Symmachi
1013 616 1045 673 ad
1060 615 1213 673 Caesarium
1228 616 1262 673 de
1277 632 1333 673 una
1347 614 1504 691 meamus

226 726 256 765 re
271 708 401 783 epistolas
416 704 621 780 distinguendas
638 721 697 761 esse
712 703 857 761 arbitratus
873 711 929 760 est:
951 720 1031 759 unam
1046 719 1152 765 cusam,
1169 718 1238 777 quae
1252 701 1366 776 incipiat
1380 701 1426 759 his
1441 718 1503 759 rer·

226 794 280 850 his:
297 796 442 851 Hortatur
455 808 509 849 tros
523 794 657 864 aequitas
671 797 737 854 etc.,·
752 789 863 846 alteram
878 788 992 845 necdum
1008 805 1113 850 cusam.
1135 786 1214 860 cnjus
1230 788 1354 844 initium:
1375 786 1503 845 Cornuti

226 887 294 936 tuae
309 888 374 948 etc,
391 894 470 952 qaam
486 877 546 932 laice
561 875 670 951 dignam
682 874 806 946 judicans
822 875 854 931 ad
869 892 968 932 annum
984 873 1044 932 502
1061 872 1154 929 edidit.
1181 872 1229 930 Ubi
1245 871 1326 929 verita
1341 872 1496 948 Symmachi

227 982 303 1020 usum
319 964 392 1039 pallii
403 956 580 1019 'concedentis
595 962 763 1034 Caesariiqne
779 958 899 1017 libellum
914 961 954 1015 sio
969 959 1121 1024 confundit,
1137 960 1214 1032 quasi
1229 958 1402 1015 haecomnia
1417 958 1496 1015 unias

225 1050 376 1125 Symmachi
390 1056 491 1104 essent.
513 1045 643 1115 Quocirca
659 1055 686 1102 et
696 1046 809 1102 Caesarii
823 1045 1059 1107 consultationem,
1076 1042 1108 1099 ad
1124 1060 1203 1117 quarn
1215 1042 1393 1119 Symmachus
1408 1040 1499 1111 serbis,

224 1138 360 1193 hortatur
374 1150 427 1191 nos
442 1136 575 1206 aequitas
590 1131 751 1205 respondet,
773 1130 836 1187 licet
857 1132 881 1186 ei
897 1130 1027 1204 epistolae
1042 1131 1112 1205 parti
1126 1128 1275 1194 secandae,
1297 1146 1380 1204 quarn
1393 1129 1494 1205 ipsein

223 1222 312 1278 lucem
327 1218 476 1280 emittebat.
491 1226 549 1274 tota
565 1225 637 1273 esset
652 1218 767 1279 inserta.
783 1216 871 1272 adhuc
886 1214 1088 1271 desiderandam
1103 1216 1273 1272 existimavit.

308 1332 337 1387 3.
367 1328 541 1386 Postmodum
562 1327 616 1384 lac.
631 1327 788 1383 Sirmondns
804 1328 951 1401 praemisso
968 1324 1081 1382 Caesarii
1100 1323 1193 1382 libello
1208 1324 1362 1401 Symmachi
1376 1324 1494 1398 subiecit

223 1417 378 1493 epistolant.
396 1432 474 1490 quam
490 1421 554 1470 nota
568 1414 702 1469 consulari
719 1413 827 1469 claudit.
849 1411 881 1468 Et
897 1429 928 1468 ea
943 1411 1051 1486 quidem
1067 1411 1211 1485 dispositio
1226 1412 1316 1486 aptior
1331 1410 1443 1469 utetur
1455 1420 1496 1470 at-

224 1522 276 1578 que
292 1502 469 1559 commodior.
486 1498 539 1555 Sed
551 1500 643 1561 altera,
660 1514 738 1572 quam
755 1516 786 1554 es
802 1500 966 1572 optimorum
982 1490 1493 1575 exemplarinmiiegii[etvalliceiiani]

224 1588 275 1644 lule
291 1588 467 1647 restituimus.
483 1593 511 1640 et
526 1585 658 1640 sincerior
672 1591 714 1639 est
731 1591 759 1638 et
773 1584 915 1658 integrior.
946 1582 1083 1639 Sincerior
1098 1581 1214 1655 quidem,
1231 1590 1289 1638 turn
1304 1584 1366 1657 quia
1381 1580 1494 1671 utrumn

222 1674 385 1749 genuinum,
409 1687 489 1744 quern
504 1668 664 1725 Sirtnondus
686 1670 811 1731 mutant,
832 1667 948 1731 cullibet,
968 1675 1025 1722 tum
1041 1669 1102 1741 quia
1121 1664 1241 1724 libellum
1256 1668 1347 1742 ipsum
1363 1667 1426 1725 loco
1441 1684 1494 1725 suo

222 1757 321 1814 reddit.
352 1753 509 1811 Sirmondus
525 1756 625 1828 quippe
640 1770 689 1827 pro
705 1754 819 1828 simplici
835 1753 929 1810 titulo:
946 1755 1118 1833 Exemplum
1133 1754 1224 1810 libelli
1234 1770 1267 1827 p.
1283 1750 1348 1825 (hoc
1361 1760 1407 1810 eat
1418 1756 1495 1827 peti-

224 1841 300 1914 toris)
315 1840 468 1896 substituit:
486 1841 658 1911 Exemplum
671 1840 761 1895 lillelli
766 1839 936 1912 Symmacho
947 1854 1049 1911 papae
1060 1839 1151 1894 oblati
1160 1857 1178 1894 a
1188 1838 1327 1898 Caesario
1339 1841 1496 1915 spissam

223 1936 251 1983 et
266 1927 357 1982 omisit
371 1926 487 1982 litteram
502 1941 550 1980 sen
567 1932 658 1981 notam
662 1942 693 1996 p.
705 1933 812 1999 praeter
828 1925 1071 1999 manuscriptorum
1087 1922 1176 1987 iidem,
1191 1924 1262 1980 sicut
1276 1931 1385 1999 praeter
1395 1922 1496 1983 Roma·

224 2029 320 2068 norum
336 2012 486 2067 antistitum
501 2027 612 2072 morem.
629 2027 683 2084 quo
699 2010 842 2084 petitorios
859 2008 1013 2081 hujusmodi
1028 2007 1136 2066 libellos
1148 2010 1272 2084 epistolis
1284 2011 1342 2067 suis
1356 2008 1496 2083 sutjtoere

223 2115 277 2153 sion
293 2098 466 2172 praemittere
481 2096 585 2159 solent,
601 2096 670 2151 lsattc
684 2095 816 2169 epistulae
831 2096 976 2169 praemisit.
1009 2093 1045 2150 Es
1061 2095 1210 2151 innumeris
1225 2094 1369 2170 exemplis.
1391 2094 1495 2171 qrsihna

223 2184 295 2239 hune
310 2199 412 2239 morem
428 2181 541 2256 probare
556 2180 634 2237 nohis
649 2181 757 2244 liceret,
775 2198 856 2236 unum
872 2179 906 2236 ob
922 2180 1017 2237 oeulos
1032 2196 1134 2254 ponere
1146 2182 1211 2237 satis
1225 2182 1261 2238 sit
1276 2178 1422 2257 uaganti
1436 2182 1497 2257 epi·

222 2267 380 2329 stolar.ll,5
397 2266 442 2340 (al.
459 2264 801 2342 manlianensis)
823 2265 855 2320 ad
870 2265 986 2322 Felicem
1001 2267 1158 2340 episcopum
1174 2265 1388 2331 suanensem,
1410 2282 1495 2343 quatu

221 2355 261 2410 sic
275 2354 382 2428 incipit:
411 2354 575 2409 Ianuarius
594 2353 789 2408 subdiaconus
811 2355 953 2408 ccclesiae
969 2352 1167 2408 lllcssunensis
1184 2355 1324 2425 petitoria
1338 2352 1424 2411 nohis
1436 2356 1495 2411 ita·

222 2443 431 2497 sinuatione
447 2441 600 2512 suppessit,
624 2452 700 2510 quac
720 2438 845 2492 iradetur
858 2441 887 2493 in
903 2437 994 2493 subd
1000 2441 1011 2493 i
1016 2441 1071 2494 tis.
1102 2437 1181 2512 Apud
1196 2437 1360 2513 Gregorium
1373 2438 1450 2497 enim
1464 2438 1496 2497 id

220 2536 263 2581 est
281 2528 417 2596 petitoria
438 2527 607 2594 insinuatio,
629 2522 701 2597 qnod
723 2521 794 2596 apud
816 2521 1004 2595 Symmachum
1023 2524 1137 2580 libellus
1152 2526 1317 2595 petitorias.
1353 2522 1497 2601 integrior

222 2627 331 2685 quoque
347 2617 389 2666 est
403 2608 546 2684 dispositio
562 2616 669 2671 nostra.
684 2624 739 2664 non
755 2606 843 2663 solum
859 2606 893 2663 oh
908 2608 1028 2664 notulam
1040 2627 1073 2681 p.
1087 2609 1249 2673 restitutam,
1266 2608 1315 2667 sed
1330 2610 1413 2667 etlam
1428 2610 1496 2686 qnia

221 2696 301 2752 verba
316 2694 424 2752 eslsilsel
439 2713 454 2750 a
468 2694 612 2752 Sirmondo
634 2695 835 2769 praetermissa,
858 2692 955 2768 quibus
976 2693 1150 2767 Symmachus
1171 2693 1294 2753 Caesario
1313 2693 1389 2770 palii!
1410 2712 1495 2755 matt

221 2781 345 2856 largitur.

304 2892 334 2948 4.
365 2891 458 2966 Neque
474 2909 537 2949 vero
553 2892 620 2949 ande
635 2900 725 2948 assuta
741 2891 823 2948 sideri
838 2890 938 2948 dehent
953 2892 1019 2949 haec
1035 2890 1126 2955 verita,
1150 2892 1212 2966 qaia
1232 2901 1297 2966 post
1316 2892 1494 2953 consularem

220 2987 311 3034 tantam
328 2977 528 3052 atljungantur;
552 2995 634 3052 qnam
656 2994 688 3034 eo
710 2978 762 3034 loci
778 2976 914 3052 quidpiam
930 2976 1045 3048 adjicere
1060 2977 1219 3052 Symmacho
1234 2978 1355 3035 insoleus
1370 2995 1430 3037 non
1443 2980 1494 3047 sit.

220 3066 260 3120 uti
276 3061 355 3119 fidem
371 3062 434 3119 lacit
448 3065 573 3138 superior
588 3062 742 3136 epistola3‚
764 3071 827 3137 post
847 3061 924 3133 cttjus
946 3063 1098 3120 chronicam
1113 3070 1206 3120 noum
1225 3062 1306 3121 simili
1320 3064 1428 3123 radone
1443 3056 1495 3123 a'd·

215 3147 356 3222 jungitur:
377 3148 557 3205 Dominicum
571 3149 689 3205 Paselsa
709 3149 782 3204 Vlll
795 3149 947 3204 Kalendas
962 3150 1081 3221 Aprilis.
1125 3147 1178 3205 Sed
1197 3157 1225 3206 et
1246 3146 1354 3207 aliunde
1373 3149 1494 3224 pallium

218 3233 341 3288 Caesario
357 3232 537 3306 aSymmacho
553 3249 712 3290 concessum
729 3250 789 3289 esse
804 3232 1043 3292 indubitatumest.
1058 3233 1206 3309 Cyprianus
1218 3232 1493 3309 nempe'ioioncnais

219 3321 288 3375 vitae
303 3319 387 3392 ipsius
403 3316 517 3373 Caesarii
531 3318 660 3391 scriptor,
677 3317 750 3373 istud
765 3318 844 3391 {sisne
860 3326 976 3374 testatur
991 3320 1033 3375 his
1049 3318 1150 3375 verbis:
1185 3320 1308 3379 Veniens
1319 3318 1492 3397 (Caesarina)

218 3406 338 3462 Remum
354 3405 436 3460 lcato
453 3403 622 3477 Symmacho
644 3410 712 3459 tunc
729 3419 829 3476 papae
855 3421 892 3459 ac
918 3406 1019 3461 deinde
1046 3406 1229 3463 senatoribus
1247 3413 1276 3463 et
1290 3407 1492 3467 senatricibus

215 3497 481 3563 praesentatum...
521 3490 614 3562 lpitur
629 3492 720 3545 uirum
735 3491 922 3562 apostaticum
937 3509 994 3548 stan
1002 3493 1070 3563 jam
1080 3492 1165 3563 frama
1190 3494 1325 3567 rnlpame
1344 3492 1400 3549 seri
1418 3509 1490 3552 aar·

213 3580 314 3649 parali
326 3579 495 3649 praesentia
511 3574 714 3646 comprobante
729 3578 861 3631 certatim
881 3577 1000 3650 dilipere
1021 3593 1058 3633 ac
1074 3580 1212 3634 uenerari
1224 3584 1393 3651 coeperunt.
1424 3578 1490 3639 Pru

217 3681 274 3736 qua
290 3679 324 3718 re
338 3665 423 3718 ctiam
436 3679 517 3733 papa
530 3660 725 3742 Symmachus,
742 3665 907 3718 meritorum
922 3664 989 3735 ejus
1002 3664 1139 3736 niquitate
1150 3669 1308 3736 permotus,
1323 3680 1381 3720 non
1391 3666 1489 3723 solun

217 3752 363 3804 verissime
378 3763 440 3803 etsta
455 3748 694 3817 metropolitanae
708 3749 816 3804 tortore
831 3752 971 3820 suspexit,
989 3749 1041 3805 scd
1050 3756 1079 3805 et
1091 3765 1229 3806 concesso
1238 3750 1324 3824 pallii
1332 3750 1490 3809 decorant

214 3836 372 3906 priuilrpio.
417 3831 605 3888 Concessionis
625 3830 707 3903 liujus
722 3840 861 3906 praeterea
876 3834 996 3891 meminit
1011 3833 1124 3909 vigilius
1139 3851 1207 3909 papa
1222 3835 1330 3910 apisci
1344 3832 1378 3893 ad
1393 3835 1489 3893 Ana&

216 3920 290 3973 sainna
306 3917 416 3979 narni,
434 3917 476 3973 uhi
492 3934 557 3974 sane
572 3917 654 3992 longe
670 3917 741 3974 alind
756 3927 835 3975 sorsat
847 3922 932 3993 pallii
945 3937 1052 3984 nomen,
1070 3937 1148 3994 qnam
1165 3919 1316 3978 inEnnodii
1329 3919 1363 3977 ad
1377 3920 1487 3997 ipsum·

216 4011 271 4059 met
286 4002 436 4059 Caesarium
458 4004 537 4077 epist.
551 4002 592 4066 tx,
615 4003 664 4067 33.
686 4005 712 4059 in
729 4021 780 4078 qua
795 4013 916 4061 sanctum
932 4005 1007 4062 illum
1022 4006 1174 4081 praesulem
1189 4024 1204 4061 a
1218 4006 1388 4063 Theoderico
1402 4022 1485 4085 rege,

214 4090 261 4164 qni
276 4105 337 4144 eum
352 4087 384 4143 ad
400 4105 430 4142 se
446 4096 474 4143 ut
489 4105 565 4143 renna
580 4090 750 4153 accersierat,
772 4089 903 4165 singulari
926 4090 1094 4148 observantia
1114 4090 1217 4149 cultum
1232 4108 1292 4149 esse
1308 4098 1421 4158 notans,
1442 4094 1485 4151 ita

214 4176 348 4249 loquitur:
372 4174 426 4242 Qui
439 4174 582 4230 hominum
597 4176 766 4233 nobilissimo
781 4176 933 4233 in-Cltristi
944 4181 1082 4236 servitute
1094 4181 1228 4252 pontifici
1241 4185 1377 4237 terrenas
1390 4179 1484 4237 douai·

214 4266 346 4320 nationes
368 4262 479 4315 nesciat
501 4275 563 4315 csse
579 4262 742 4333 subjectas,
771 4270 798 4318 et
818 4265 957 4320 minacem
977 4268 1037 4321 reis
1053 4268 1212 4338 potentiam
1231 4267 1416 4323 innocentiae
1430 4266 1484 4325 ot·

206 4352 337 4420 jectione
351 4349 509 4418 superarit
524 4346 645 4414 Quando
656 4350 831 4420 principalis
841 4366 979 4422 purpura
996 4358 1046 4407 cut
1069 4352 1164 4407 cilicia
1180 4352 1314 4424 despexit
1328 4356 1381 4408 aut
1391 4354 1483 4425 pcl-

212 4436 316 4491 tium?
358 4431 417 4501 Quo
439 4429 521 4487 verim
541 4430 691 4487 Caesarium
712 4432 756 4489 vili
776 4441 803 4489 et
824 4434 918 4491 lramili
945 4434 1037 4492 habitu
1058 4437 1183 4493 amictam
1204 4438 1232 4494 in
1252 4436 1383 4511 praedicti
1402 4438 1483 4513 ragis

212 4527 389 4595 conspectum
405 4518 514 4597 venissex
524 4517 589 4572 satis
605 4524 697 4591 aperte
712 4520 810 4575 innuit.
840 4519 915 4577 Unde
931 4529 959 4577 el
972 4523 1094 4596 proxime
1109 4521 1237 4593 subjecit:
1253 4522 1374 4593 Quando
1387 4524 1482 4581 iiber-

213 4610 259 4661 tas
273 4609 322 4663 illa
336 4607 484 4678 potissima
501 4603 621 4659 credidit
635 4604 690 4660 sibi
703 4611 770 4661 ante
786 4606 975 4664 christianam
985 4608 1170 4666 humilitatem
1181 4612 1271 4666 licere
1282 4609 1361 4685 quod
1369 4610 1484 4667 adsit?

211 4686 353 4749 Praeterea
368 4694 446 4749 etiam
462 4688 493 4744 ah
508 4698 605 4746 orssatu
620 4687 680 4754 illo,
703 4707 757 4765 quo
778 4689 921 4749 decoratus
942 4704 984 4751 est
1003 4692 1192 4768 aSymmacho
1208 4695 1359 4761 Caesarius,
1379 4694 1483 4753 distin·
