3412 5664
682 344 979 404 nrrsronasi-ss.
1422 339 1462 406 bi

248 519 335 576 ,ivellum
350 517 395 572 luit
405 509 432 588 ¹),
449 517 669 590 recognovimus.
700 514 764 587 Ejus
781 524 920 591 practerea
935 515 989 572 cluo
1005 515 1162 592 fragmenta,
1186 532 1254 590 quae
1269 516 1353 573 codex
1366 516 1463 573 Gorbe-

243 605 301 676 jemis
312 601 405 659 Nicolao
421 599 574 676 lpontihce
591 609 716 658 exaratus
731 609 858 665 asservat,
879 602 1052 658 contulimus.
1084 600 1124 656 hh
1140 601 1198 673 ejus
1214 602 1325 658 exordio
1341 601 1461 659 Gelasius

243 690 291 747 bn
302 686 401 744 scribere
417 704 446 742 se
461 684 630 750 testificatur,
651 690 700 744 nbi
711 691 835 760 primam
856 692 1007 760 respirare
1019 688 1071 761 sos
1086 694 1128 744 est
1144 706 1162 743 o
1178 690 1377 744 continuorum
1396 695 1462 744 tem·

240 780 319 848 pestate
335 774 486 829 bellorum:
507 770 629 846 adeoque
650 781 678 828 et
698 781 762 847 post
778 771 906 846 epistolas
922 771 941 827 4
957 780 984 828 et
1001 772 1028 836 6,
1045 775 1071 829 iu
1088 770 1184 846 quibus
1200 773 1332 847 respirare
1347 772 1462 829 necdum

240 859 275 915 sibi
287 859 374 915 licuisse
389 858 521 932 queritur.
544 859 728 919 concinnasse.
753 866 780 913 et
795 859 864 914 eirca
879 856 904 913 id
922 865 1037 931 tempus,
1061 873 1115 932 quo
1134 858 1302 932 superiorem
1318 859 1398 919 misit,
1420 866 1464 914 ut·

240 952 282 1019 pote
293 945 312 999 in
325 959 371 1017 qua
386 941 487 1016 pariter
502 943 666 999 barbaricis
682 944 825 999 hactenns
842 942 1007 1000 incursibus
1021 960 1051 998 se
1067 941 1196 998 niilictum
1208 942 1353 1017 praelatus.
1371 941 1463 998 barba-

239 1031 274 1085 rin
284 1028 317 1084 illa
329 1026 394 1083 bella
410 1043 505 1083 recens
521 1028 654 1100 quievisse
670 1028 769 1085 innuit.
798 1027 916 1084 Primum
932 1035 1021 1082 autem
1038 1044 1107 1083 anno
1123 1026 1194 1089 493.
1210 1044 1275 1101 pace
1290 1029 1360 1082 inter
1375 1027 1463 1083 'lireo-

239 1111 498 1169 doricnmliotthorum
519 1111 614 1168 ducem
637 1122 665 1169 et
686 1111 833 1169 Odoacrem
855 1111 1018 1169 Neruiorum
1040 1129 1132 1187 regem
1149 1110 1288 1169 Februarii
1309 1111 1351 1168 die
1373 1112 1462 1168 xxvtl

238 1200 347 1272 naposlta
360 1176 441 1272 aitque
458 1197 538 1268 hujus
554 1205 658 1271 septem
674 1207 737 1272 pust
751 1196 846 1254 diebus
861 1204 953 1253 secuta
969 1214 1043 1259 neec,
1060 1196 1131 1252 bella
1142 1196 1188 1254 illa
1202 1198 1370 1271 quieverunt.
1387 1197 1462 1253 Unde

238 1283 283 1339 lanc
293 1282 421 1357 epistolam
441 1282 475 1338 ad
496 1299 593 1338 annum
610 1281 671 1340 493
693 1284 829 1356 pertinere
850 1282 997 1358 colligitur.
1029 1280 1062 1337 Et
1084 1281 1111 1337 id
1133 1281 1240 1356 quidem
1262 1281 1383 1338 Gelasius
1404 1285 1462 1357 ipse

238 1367 283 1423 lnirr
293 1384 314 1423 n.
328 1367 345 1423 2
359 1366 509 1430 conlirmat,
530 1366 574 1423 ubi
591 1366 750 1443 Eutyclretis
766 1367 898 1423 haeresim
912 1371 979 1441 jam
994 1374 1061 1423 onte
1077 1383 1169 1424 annos
1185 1368 1253 1439 fere
1266 1369 1461 1442 qnadraginta

237 1456 326 1526 pninqne
344 1461 431 1508 natam
452 1451 542 1509 docet.
581 1454 657 1508 huno
679 1454 749 1509 enim
764 1451 826 1510 448
848 1461 909 1508 nata
930 1460 972 1508 est
992 1453 1057 1508 haec
1079 1452 1206 1508 haeresis.
1237 1451 1389 1508 Notandum
1411 1460 1461 1514 est,

236 1536 283 1592 lanc
293 1537 421 1611 epistolam
437 1555 486 1612 per
505 1537 665 1594 Ursicinum
681 1542 846 1610 episcopum
863 1538 1045 1593 transmissuri
1061 1536 1112 1592 dici
1128 1536 1166 1609 (n.
1177 1534 1214 1609 1),
1234 1554 1267 1593 ne
1283 1553 1313 1592 ea
1328 1538 1386 1611 ipsa
1402 1554 1462 1593 csse

234 1623 372 1684 emanator,
393 1638 472 1695 quam
488 1622 630 1678 Dardaniae
653 1623 773 1697 episcopi
796 1622 912 1697 epistola
929 1623 966 1678 11
989 1621 1052 1678 nil
1078 1622 1233 1695 Tryphone
1254 1624 1313 1680 m'ro
1329 1625 1461 1695 relipr'oso

234 1706 347 1778 discente
363 1707 413 1763 sibi
435 1707 565 1763 redditam
573 1700 596 1780 ²)
611 1708 777 1764 renuntiant.
810 1702 966 1784 [Quumque
981 1708 1009 1763 in
1024 1706 1150 1763 Vaticano
1166 1706 1247 1765 4961
1270 1705 1318 1762 iol.
1337 1707 1376 1763 28
1398 1706 1457 1777 ejus
1471 1708 1542 1777 [Ed]

233 1791 364 1866 inruptioni
378 1792 446 1849 haec
459 1791 572 1847 addatur
587 1802 650 1848 nota
666 1797 742 1849 sient
757 1797 842 1848 etiam
857 1792 1127 1864 cunctissratrr'bas
1137 1808 1193 1864 per
1203 1793 1367 1848 Dalmatius
1377 1793 1460 1848 desti·

232 1883 282 1931 rata
298 1885 344 1947 est,
367 1893 423 1933 eam
446 1876 607 1951 encyclicam
629 1877 713 1933 luisse
739 1887 813 1934 recte
840 1876 1041 1934 concludemus.
1080 1875 1158 1946 Quod
1180 1876 1249 1934 idem
1271 1884 1298 1932 et
1318 1874 1378 1933 finis
1405 1878 1460 1951 epi·

231 1957 420 2038 intremebat]

444 2079 483 2141 In
504 2077 622 2140 Gelasii
643 2095 744 2156 popae
766 2079 930 2157 epistolam
951 2079 971 2138 8
994 2075 1209 2159 („(lrramvis“).

292 2199 314 2255 1.
346 2197 381 2255 En
402 2200 496 2257 codice
516 2201 676 2257 Veronensis
698 2200 807 2274 capituli
827 2203 935 2276 signato
957 2201 1003 2257 Nr.
1020 2200 1060 2258 46
1087 2202 1203 2274 primum
1229 2199 1329 2274 prodiit
1349 2203 1544 2272 curantem]

226 2281 339 2340 inncbco
351 2285 495 2343 blanchino
510 2288 537 2341 in
553 2285 672 2342 editione
689 2286 819 2341 Anastasii
838 2284 961 2342 biblioth.
979 2295 1043 2342 tom.
1058 2286 1091 2341 lll
1104 2285 1156 2342 col.
1166 2284 1215 2349 51,
1231 2285 1328 2342 deinde
1339 2303 1460 2342 recusae

224 2368 458 2440 amionellah'ejo
474 2370 595 2427 inColeti
610 2370 759 2426 colhcone.
770 2371 860 2426 tom.V
871 2371 924 2427 col.
935 2370 995 2429 206
1011 2373 1081 2428 sicut
1096 2372 1122 2427 in
1139 2371 1286 2444 appendice
1301 2371 1365 2427 hist.
1373 2371 1460 2428 theol.

223 2470 274 2527 pag.
286 2453 346 2511 ⁴335.
376 2455 469 2511 benuo
491 2455 522 2510 ad
545 2457 672 2511 trutinam
694 2455 757 2511 dicti
772 2455 872 2511 codicis
889 2458 991 2512 vocarit
1006 2466 1033 2513 et
1049 2455 1132 2513 edidit
1146 2456 1282 2529 losephus
1298 2455 1459 2512 blanchinus

223 2537 335 2595 irlacolri
355 2539 491 2596 Sirmoudi
519 2558 582 2616 opp.
604 2557 659 2596 var.
682 2541 799 2597 teneatis
818 2540 898 2598 1728
922 2550 986 2598 tom.
1004 2541 1037 2596 lV
1064 2560 1090 2615 p.
1108 2540 1179 2604 573,
1201 2540 1273 2596 unde
1293 2543 1461 2615 repetierunt

222 2621 316 2679 bosius
333 2624 437 2682 collect.
460 2643 537 2682 conc.
561 2636 580 2682 t.
591 2626 643 2688 Vll,
665 2625 745 2683 1096
767 2635 794 2681 ct
809 2625 899 2700 Nigue
919 2627 1055 2702 patrolog.
1078 2643 1149 2682 curs.
1172 2625 1299 2700 complet.
1323 2635 1387 2682 tom.
1405 2624 1460 2682 Llll

221 2708 267 2763 col.
278 2707 319 2764 il.
346 2710 465 2767 Titulum
488 2711 595 2785 quidem
612 2711 691 2782 hujus
706 2719 734 2767 et
749 2712 888 2784 sequentis
904 2712 1034 2785 epistolae
1050 2713 1130 2767 etiam
1145 2711 1191 2767 illa
1207 2709 1295 2766 tabula
1315 2711 1460 2768 documen-

220 2800 295 2849 torum
307 2797 492 2851 hcacianorum
508 2795 627 2871 praehet,
650 2813 730 2870 quam
750 2804 820 2852 leste
836 2796 963 2853 llinschio
986 2796 1004 2852 l.
1021 2814 1045 2852 c.
1065 2814 1127 2870 pag.
1142 2794 1232 2852 ntxll
1253 2798 1361 2870 corpori
1377 2796 1460 2852 colle·

219 2878 299 2934 ctionis
312 2878 585 2937 Pseudo-isidorianae
606 2883 782 2955 praemittunt
802 2882 909 2938 codices
929 2881 1085 2938 parisiensis
1101 2880 1185 2953 4280
1200 2884 1264 2944 hh..
1286 2880 1459 2938 Pistoriensis

220 2979 245 3016 ι
259 2961 291 3025 N
308 2963 429 3022 lucensis
453 2985 479 3022 u.
499 2965 558 3023 123
576 2974 604 3021 et
618 2964 822 3040 bambergensis
838 2966 865 3021 C.
883 2966 933 3031 47,
958 2968 1010 3023 hoc
1025 2966 1121 3022 modo:
1152 2967 1224 3023 Item
1246 2969 1368 3038 epistola
1384 2967 1461 3023 beati

218 3046 310 3104 Getard
332 3053 370 3108 ad
388 3051 562 3108 Succoninm
587 3055 755 3124 episcopam.
779 3053 903 3124 Affrnm.
935 3052 1007 3109 ltem
1033 3053 1164 3124 ejusdem
1189 3053 1229 3107 nd
1251 3051 1384 3107 Natalem
1410 3052 1459 3108 ab·

291 3218 314 3275 2.
341 3221 401 3277 llata
417 3221 468 3277 luit
482 3220 514 3276 ad
530 3221 648 3277 Natalem
664 3221 785 3294 alrbatem
801 3221 951 3296 quemdam,
976 3230 1005 3277 ut
1020 3222 1148 3296 suspicari
1164 3220 1236 3286 licet,
1254 3221 1398 3277 Dardaniae
1414 3230 1459 3277 aut

222 3303 435 3380 ‹Enaeregionis
453 3308 498 3381 qui
517 3307 621 3362 litteras
637 3307 750 3362 fervoris
766 3307 892 3363 catholici
914 3306 1007 3381 plenas
1023 3305 1054 3361 ad
1070 3305 1201 3362 Serenum
1216 3307 1374 3381 episcopum
1389 3306 1459 3363 dirc-

223 3397 283 3441 ncru
299 3391 379 3465 itaque
395 3391 492 3447 Gelasii
514 3393 631 3447 animum
654 3393 680 3447 in
703 3410 732 3448 se
754 3399 932 3448 converterat.
964 3390 1134 3466 Quapropter
1153 3391 1286 3448 sollicitus
1307 3409 1382 3467 papa,
1404 3409 1458 3467 quo

223 3474 291 3545 uagis
303 3475 353 3546 ejus
368 3477 454 3533 zelum
470 3477 628 3532 accenderet
645 3485 672 3532 et
688 3493 766 3552 opem
782 3479 809 3533 iu
825 3478 988 3552 gravissimis
1003 3477 1202 3533 dissensionum
1214 3477 1458 3534 concertationibus

223 3554 272 3610 ast
282 3561 429 3633 apostohcae
445 3561 616 3624 adscisceret,
634 3579 715 3635 quum
732 3564 771 3619 ad
784 3566 937 3635 episcopos
946 3579 1001 3635 per
1011 3563 1193 3619 Dardaniam
1205 3566 1373 3621 constitutos
1384 3581 1458 3620 com·

220 3648 324 3711 petratio
339 3651 448 3719 scripto
465 3647 549 3710 daret,
577 3664 641 3703 sarie
662 3647 756 3703 eodem
778 3647 901 3704 Ursicino
921 3648 1062 3704 deserente
1084 3650 1219 3723 propriam
1240 3648 1309 3704 hanc
1329 3648 1360 3703 ad
1383 3648 1458 3704 illum

223 3723 305 3785 rddidit
318 3732 454 3805 epistolam
474 3733 550 3805 quasi
573 3732 733 3806 encyclicam
755 3732 878 3788 omnibus
900 3732 1044 3789 Dardaniae
1064 3734 1218 3806 provinciae
1239 3734 1376 3790 monachis
1397 3734 1458 3790 red·

224 3806 313 3869 &Nam
325 3813 487 3889 (contna).
511 3816 585 3873 l'nde
601 3835 650 3875 nee
666 3816 827 3881 mirabimur,
845 3817 918 3892 quod
933 3819 991 3892 ipsa
1006 3818 1058 3874 illis
1074 3823 1192 3890 seriptis
1206 3825 1317 3892 apparet
1333 3826 1359 3874 et
1374 3836 1457 3875 sensu

224 3902 248 3947 tl
262 3897 327 3956 tabu
340 3901 481 3964 simillima,
506 3910 533 3957 et
553 3919 610 3958 eam
627 3919 739 3976 prorsus
757 3902 852 3959 eodem
869 3911 990 3977 tempore
1006 3904 1066 3958 anni
1083 3903 1144 3960 493
1165 3905 1292 3977 scriptam
1308 3921 1368 3960 esse
1384 3912 1458 3960 recte

223 3980 412 4051 coajoelabimus.
452 3987 570 4061 lienique
586 3987 709 4044 eumdem
726 3989 860 4045 Natalem
875 4005 943 4052 esse,
966 3987 999 4043 ad
1014 4005 1094 4062 quom
1110 3992 1274 4061 episcopum
1290 3990 1404 4063 epistola
1417 3989 1456 4046 29

221 4062 309 4133 directa,
322 4080 346 4128 et
356 4073 497 4130 Serenum
512 4073 587 4129 illum
604 4075 690 4147 ipsum
706 4090 766 4129 osse
782 4074 912 4129 Nolanum
927 4075 1094 4148 episcopum,
1107 4077 1153 4148 qui
1169 4083 1196 4130 et
1208 4074 1319 4148 synodis
1331 4073 1456 4131 Romanis

221 4152 346 4215 3119199
362 4167 387 4214 οι
405 4158 464 4214 501
481 4156 639 4233 subscripsit
655 4166 682 4214 et
697 4160 724 4215 in
741 4158 836 4215 Gelasii
859 4158 973 4233 epistola
990 4159 1029 4216 39
1053 4167 1080 4214 ct
1100 4160 1253 4235 fragmento
1272 4158 1310 4217 13
1327 4177 1457 4217 memora-

220 4240 266 4297 lw.
284 4239 341 4297 baud
357 4243 422 4299 loris
438 4245 556 4317 suspicio
572 4252 623 4299 est.

259 4369 516 4440 ι911ο11ὀ1ἰοιοιιο
537 4377 612 4428 4961.
652 4372 711 4426 Noc
732 4376 827 4426 tamen
848 4372 928 4426 nobis
954 4388 1026 4427 nova
1048 4373 1195 4428 collatione
1221 4393 1252 4428 su
1274 4374 1457 4429 ersedendnm

218 4440 264 4484 rau
278 4452 366 4516 somus,
384 4439 456 4493 unde
475 4458 572 4495 revera
589 4440 670 4509 plura
687 4441 796 4505 menda,
815 4458 886 4509 quse
904 4443 1076 4511 supererunt,
1094 4443 1234 4511 corrigere
1252 4393 1337 4496 licuit.
1364 4443 1438 4511 [En]

272 4505 290 4557 ‘l
305 4505 492 4561 Tillemontins
510 4511 612 4573 etitem,
631 4527 712 4576 quem
730 4509 854 4577 sequitur
865 4509 1003 4580 Josephns
1016 4509 1183 4566 Blnnehinns
1203 4511 1241 4578 (in
1254 4509 1392 4564 Sirmondi
1410 4527 1455 4579 op.

217 4567 313 4645 thp.
325 4581 391 4635 aar»,
414 4576 539 4630 crepidem
559 4581 676 4697 utroque
698 4577 759 4632 loeo
778 4576 924 4646 epistolam
942 4578 1045 4632 dictum
1069 4595 1126 4632 esse
1144 4581 1279 4633 aulnmnt.
1316 4578 1457 4633 Gelasium

214 4652 284 4699 mm.
298 4641 340 4708 uit,
358 4642 482 4697 Ursicino
501 4644 612 4712 quidem

214 4714 292 4761 amam
308 4728 389 4777 quum
411 4713 447 4764 oh
467 4712 573 4779 aliquot
591 4713 729 4767 rationum
752 4718 894 4768 momenta
916 4715 995 4768 nobis
1014 4713 1075 4791 jem
1096 4714 1105 4767 i
1127 4716 1194 4768 nota
1216 4714 1329 4783 exsequi
1353 4715 1456 4769 (lelnsii

631 4647 814 4699 ‹enrandasse
832 4663 930 4699 munus
948 4646 1120 4700 exhibendae
1138 4647 1210 4699 illins
1223 4647 1365 4715 epistolae,
1384 4647 1456 4701 hune

209 4789 276 4890 quasa
295 4795 345 4832 non
369 4781 517 4849 potuisset,
544 4781 686 4859 Tryphoni
710 4781 868 4859 tradidisse,
892 4782 938 4849 qui
962 4785 1056 4860 statum
1079 4800 1096 4836 a
1137 4783 1282 4861 Dundnnos
1304 4783 1454 4861 proiectus.

209 4844 617 4984 ffiesspprrretffiaqgumenlrmr
640 4868 731 4920 ipsum
755 4849 888 4919 epistolae
906 4857 934 4916 l,
956 4869 979 4904 si
998 4868 1059 4904 cum
1078 4850 1235 4921 Tryphonis
1260 4857 1314 4906 istu
1337 4852 1456 4920 epistola
