3412 5664
394 356 467 405 XXX
828 353 1026 404 PRAEFATIO
1050 354 1227 404 nmroms.

393 518 519 589 autern
554 515 734 588 momenti
767 537 833 609 pro
864 513 1094 587 documentis
1128 513 1338 586 schismatis
1368 512 1546 587 Aoaeiani
1577 518 1668 587 sunt

391 636 502 709 codex
528 635 723 729 capituli
749 631 1032 705 Veronensis
1061 630 1185 703 XXII
1212 632 1479 727 (ap.Balle1in.
1501 633 1665 725 Nastd),

394 778 478 828 mox
508 758 592 849 post
618 752 744 849 Vigilii
775 756 935 825 mortem
961 753 1142 847 originem
1168 753 1340 841 sortitus,
1375 777 1418 825 cx
1451 752 1666 846 6661166-

392 875 508 947 ciscus
535 876 575 946 et
598 872 779 966 Josephus
805 869 1014 945 Blanchinii
1040 895 1083 944 ac
1100 869 1264 944 Marchio
1282 869 1401 965 Scipio
1418 870 1597 965 Maffejus
1626 876 1667 945 61

394 991 709 1079 Virdunensis,
737 1013 782 1063 ex
807 1012 880 1083 quo
906 989 1067 1064 Jaoobus
1092 987 1305 1062 Sirmondus
1331 990 1369 1062 in
1396 993 1587 1082 appendice
1613 1016 1666 1063 66

391 1115 480 1184 dicis
511 1113 739 1183 Theodosium
773 1109 938 1200 (Parisiis
967 1111 1079 1201 1631)
1111 1109 1218 1203 plura
1243 1109 1466 1182 documenta
1494 1110 1665 1204 protulit.

391 1230 562 1303 ‘Pleniora
580 1229 625 1301 (16
651 1227 862 1322 hujusmodi
880 1227 1153 1301 collectionibus
1179 1229 1219 1301 61
1245 1229 1496 1301 monumentis
1513 1229 1665 1302 videan-

391 1352 454 1422 tur
480 1348 579 1444 apud
605 1347 823 1421 Ballerinios
849 1348 873 1419 l.
902 1371 932 1421 6.
959 1371 995 1442 p.
1022 1345 1059 1418 Π
1084 1370 1114 1420 6.
1146 1351 1203 1419 11.

342 1512 352 1532 .
496 1469 553 1540 15.
589 1463 640 1538 Ut
661 1467 744 1561 jam
770 1465 818 1538 ad
844 1466 1073 1540 collectiones
1099 1467 1197 1555 illas,
1225 1489 1320 1561 quae
1346 1467 1385 1538 16
1407 1465 1570 1542 Ecclesia
1597 1493 1663 1562 pu·

391 1588 527 1661 blicam
544 1586 747 1680 quamdam
764 1586 1030 1659 auctoritatem
1048 1586 1220 1674 sortitae,
1240 1590 1418 1676 revertar,
1437 1609 1526 1681 prae
1543 1588 1662 1660 omni-

389 1706 458 1777 bus
484 1703 857 1778 Pseudo-Isidoriana
874 1705 1043 1777 occurrit.
1088 1702 1143 1776 De
1160 1704 1264 1798 cujus
1282 1705 1428 1779 ratione
1454 1709 1494 1779 et
1519 1706 1662 1801 origine

389 1825 510 1898 nescio
543 1848 593 1897 an
625 1824 707 1918 plus
740 1844 857 1917 aequo
888 1822 1121 1918 disputatum
1148 1823 1213 1911 sit;
1249 1824 1312 1897 sed
1342 1827 1382 1897 61
1413 1824 1459 1897 (16
1484 1825 1564 1919 ejus
1589 1849 1662 1898 usu

390 1943 626 2038 diplomatico
653 1942 735 2036 jam
761 1942 900 2014 dudum
927 1943 1034 2036 justa
1067 1941 1248 2037 principia
1273 1942 1511 2017 Coustantius
1537 1943 1660 2017 Praei.

391 2063 453 2135 cit.
488 2087 524 2133 n.
556 2061 771 2150 153-162,
805 2061 996 2135 Ballerinii
1025 2062 1049 2134 l.
1077 2085 1107 2136 c.
1139 2086 1174 2157 p.
1202 2060 1255 2133 ΠΙ
1281 2086 1310 2135 6.
1340 2066 1361 2134 6
1388 2064 1410 2154 g
1440 2066 1456 2133 1
1487 2065 1525 2135 61
1553 2064 1593 2151 ⁶2,
1622 2066 1663 2135 et

390 2180 608 2276 praeprimis
634 2180 789 2252 ultimus
816 2181 979 2274 ejusdem
1005 2180 1124 2254 editor
1141 2181 1279 2254 Paulus
1305 2180 1502 2254 Hinschius
1526 2182 1661 2255 consti-

322 2312 326 2325 ·
390 2302 555 2372 tuerunt.
599 2299 669 2372 Hic
686 2300 785 2372 idem
802 2300 859 2372 vir
878 2300 1111 2373 doctissimus
1130 2300 1246 2373 etiam
1272 2300 1317 2372 de
1342 2299 1524 2374 codicibus
1550 2303 1663 2374 tanta

390 2418 554 2492 sollertia
579 2421 836 2512 perscrutatus
852 2422 926 2506 661,
955 2423 1038 2491 tam
1062 2420 1181 2514 perite
1198 2418 1389 2507 disseruit,
1416 2422 1461 2489 ut
1479 2418 1540 2490 vix
1556 2420 1661 2513 quid-

389 2560 504 2631 quam
528 2536 662 2610 addere
686 2537 818 2609 ausim.
863 2536 1002 2610 Vemm
1027 2537 1064 2609 id
1091 2538 1142 2610 ibi
1168 2559 1400 2631 summopere
1417 2537 1536 2627 doleo,
1563 2540 1661 2633 quod

390 2680 464 2729 non
496 2655 637 2750 pariter
670 2655 788 2728 eidem
820 2656 1018 2750 placuerit,
1053 2655 1215 2751 genuina
1246 2679 1388 2750 quoque
1416 2657 1581 2751 capitula
1613 2659 1661 2731 ad

391 2775 570 2849 amussim
602 2774 749 2847 illorum
780 2774 945 2848 codicum
978 2798 1109 2848 vocare
1142 2778 1181 2847 et
1211 2778 1501 2870 repraesentare.
1559 2775 1661 2861 Quae

389 2919 504 2990 quum
531 2893 650 2967 solum
677 2917 720 2967 ex
746 2893 818 2966 fide
844 2894 1001 2966 aliorum
1028 2895 1211 2967 editorum
1238 2895 1497 2989 (genuinarum
1520 2896 1661 2971 scilicet

390 3014 662 3100 collectionum,
691 3014 788 3086 unde
813 3012 979 3107 profecta
1005 3013 1192 3105 videntur)
1218 3015 1366 3101 reddat,
1395 3016 1483 3109 ipsis
1505 3017 1589 3110 jam
1615 3041 1661 3089 ex

390 3133 560 3206 omnibus
599 3132 671 3204 illis
710 3131 893 3205 codicibus
932 3131 1024 3205 nihil
1063 3132 1241 3205 utilitatis
1287 3132 1438 3206 criticae
1483 3136 1659 3209 adcrevit.

390 3256 510 3336 Quare
527 3274 660 3345 operae
678 3251 840 3345 pretium
859 3253 926 3337 est,
954 3250 1094 3324 codices
1112 3274 1309 3339 recensere,
1332 3253 1395 3346 qui
1413 3254 1505 3326 mihi
1532 3255 1574 3326 in
1590 3255 1662 3327 hac

390 3371 550 3443 editione
573 3372 641 3441 aut
658 3392 724 3464 per
740 3393 799 3442 me
817 3372 885 3441 aut
907 3392 973 3464 per
990 3369 1081 3442 alios
1098 3370 1256 3444 editores
1274 3373 1358 3444 usui
1382 3373 1545 3446 fuerunt.
1578 3373 1662 3469 lpse

390 3489 505 3585 igitur
530 3489 595 3560 hos
613 3488 753 3561 codices
771 3488 937 3561 adhibui:
972 3487 1246 3563 Vaticanum
1265 3493 1351 3564 630
1378 3491 1519 3564 (166666
1546 3493 1662 3566 tomis

390 3607 524 3702 (priore
556 3607 672 3679 folior.
700 3631 798 3680 max.
827 3608 968 3681 formae
997 3610 1161 3696 1-181,
1196 3609 1314 3682 altero
1341 3611 1400 3683 fol.
1432 3612 1661 3702 183—322)

389 3725 574 3820 scriptura
591 3726 884 3820 splendidissima
901 3731 1113 3815 exaratum,
1142 3728 1206 3801 sed
1231 3729 1302 3801 etsi
1320 3753 1343 3802 a
1360 3729 1568 3803 Balleriniis
1584 3731 1609 3803 l.
1629 3755 1661 3804 6.

391 3869 424 3938 p.
444 3843 542 3919 1116.
565 3848 585 3916 6
604 3846 666 3936 §b
693 3845 813 3939 primo
837 3847 915 3920 loco
941 3847 1121 3941 positum,
1148 3850 1277 3920 tamen
1294 3849 1522 3942 antiquitate
1548 3847 1660 3921 finem

390 3964 525 4038 saeculi
552 3961 604 4034 XI
629 3964 691 4044 vix
718 3965 972 4051 excedentem
1006 3964 1286 4039 Vaticanum
1317 3971 1447 4055 1346,
1475 3967 1662 4040 membra·

390 4106 547 4156 naccum
573 4083 710 4157 saeculi
727 4083 813 4172 XII,
841 4084 1011 4157 foliorum
1035 4109 1133 4157 max.
1153 4086 1293 4159 formae
1313 4089 1397 4159 396.
1441 4085 1662 4161 Merlinus

390 4202 429 4274 in
456 4202 615 4275 editione
641 4225 710 4275 sua
735 4203 929 4294 (1616661
949 4206 1171 4277 conciliorum
1193 4207 1408 4299 peperoli-am
1424 4215 1483 4279 616.
1511 4206 1663 4280 Parisiis

395 4322 507 4408 15233
536 4320 655 4394 denuo
681 4320 850 4395 Coloniae
880 4324 976 4396 1536
1002 4327 1041 4396 61
1066 4323 1217 4396 Parisiis
1248 4324 1376 4415 1535),
1403 4348 1518 4418 quam
1543 4349 1663 4420 nuper

391 4439 425 4513 J.
445 4439 484 4512 P.
512 4438 570 4512 Μ1
577 4464 660 4537 gne
686 4440 726 4511 in
753 4442 969 4535 Potrolopiac
995 4466 1099 4515 cursu-
1125 4444 1284 4535 conrpdelo
1310 4446 1400 4516 tom.
1420 4442 1550 4515 CXXX
1577 4444 1663 4534 (Pa-

391 4560 486 4633 risiis
508 4562 619 4650 1853)
636 4559 853 4654 simpliciter
870 4561 1035 4655 repetiit,
1064 4561 1225 4635 codicem
1251 4565 1296 4633 ut
1313 4562 1461 4635 videtur
1478 4560 1663 4637 Vaticano

396 4681 492 4750 1340
518 4701 666 4774 prorsus
691 4679 867 4770 similem,
896 4683 939 4752 ut
957 4681 1153 4753 Hinschius
1178 4681 1203 4753 l.
1223 4705 1252 4754 6.
1280 4682 1396 4776 praef.
1424 4705 1507 4777 pag.
1525 4681 1662 4755 LXXII

392 4798 513 4887 docet,
542 4798 1000 4872 Ρ66161666661Β.16.
1028 4823 1121 4872 saec.
1150 4798 1219 4870 XII
1244 4801 1301 4873 vel
1329 4799 1430 4889 Xl]]‚
1459 4824 1556 4874 nunc
1582 4803 1663 4897 qui·

392 4915 476 4991 dem
503 4917 541 4989 in
567 4916 790 4992 bibliotheca
814 4919 974 5015 corporis
1004 4919 1203 5015 legislativi
1230 4923 1478 5011 asservatum,
1511 4924 1663 4996 secutus
