3412 5664
317 299 380 365 874
455 372 458 378 ,
706 279 712 293 “
755 314 783 362 s,
800 315 1008 363 uonursonn
1030 312 1145 361 carna

206 499 230 536 a.
243 488 300 536 ola.
315 493 389 534 suae
411 468 551 553 faciens,
576 469 743 533 basilicam
765 472 949 533 sanctorum
973 468 1206 552 apostolorum,
1230 468 1351 554 inqua
1371 469 1540 540 desideratet

314 573 401 637 beat-i
424 572 591 636 Laurentii
613 572 762 655 martyris
785 571 936 655 reliquias
958 592 1038 654 esse,
1063 571 1247 655 eonstituit3
1271 574 1379 655 sperat
1399 594 1449 657 per
1465 578 1539 659 pani·

314 679 414 739 tatem
437 678 598 756 nostram,
632 677 669 737 ut
691 674 927 758 praedictorum
955 676 1140 737 sanctorum
1168 673 1320 758 reliquias
1343 673 1472 741 celeriter
1487 700 1540 745 eou-

316 778 446 842 ccdatis.
482 777 606 840 Habuit
628 775 756 860 quidem
777 777 891 860 petitio
914 776 1070 859 praedicti
1086 775 1146 840 riri
1162 776 1338 840 secundum
1352 799 1461 842 rnorem
1471 780 1540 845 Grae

316 903 440 962 eorum3
463 882 496 943 ct
517 901 576 943 nos
600 880 744 961 contra1)
769 878 1032 942 consuetudinem
1054 878 1138 942 sedis
1161 878 1357 963 apostolicae
1371 882 1539 964 exposuimus.

314 983 451 1066 Accepit
472 982 640 1045 rationem.
686 980 730 1044 Et
753 981 827 1065 quia
849 980 924 1044 talis
947 984 996 1044 est
1022 980 1128 1045 fervor
1149 980 1223 1045 fidei
1247 981 1332 1065 ejus,
1365 983 1415 1066 qui
1440 990 1541 1051 meretur

314 1084 467 1170 quidquid
495 1085 533 1147 de
563 1083 738 1167 apostolica
767 1083 841 1147 sede
869 1082 1105 1167 depoposcerit,
1144 1087 1177 1147 et
1203 1082 1278 1147 talis
1307 1091 1357 1148 est
1383 1085 1433 1169 qui
1454 1094 1541 1170 sperat,

314 1188 398 1251 unde
422 1191 455 1250 et
477 1186 562 1250 salus
585 1186 712 1249 animae
740 1189 772 1250 et
799 1185 873 1248 fidei
904 1186 1036 1249 affectus
1065 1188 1244 1267 accrescet,
1276 1184 1393 1248 talibus
1418 1186 1542 1253 desideriis

314 1290 478 1374 postulata
502 1288 654 1371 competit
677 1310 742 1351 non
764 1309 895 1373 negare.
930 1287 1024 1352 Unde
1046 1287 1073 1351 si
1096 1290 1129 1352 et
1150 1286 1346 1351 beatitudini
1360 1290 1542 1355 restraeride

315 1396 382 1473 tur,
407 1390 594 1455 sanctuaria
614 1390 780 1454 beatorum
803 1389 1019 1473 apostolorum
1041 1388 1130 1453 Petri
1152 1394 1185 1454 et
1207 1389 1301 1453 Pauli
1323 1390 1481 1455 secundum
1497 1414 1543 1456 mo

314 1516 380 1556 reru
404 1493 432 1556 ei
456 1492 566 1577 largiri
589 1493 779 1576 praecipit03
806 1495 838 1555 et
861 1492 887 1555 si
910 1492 978 1555 fieri
1002 1495 1108 1575 potest
1130 1490 1170 1555 ad
1192 1491 1367 1556 secundam
1388 1498 1545 1559 cataractam

313 1597 384 1679 ipsa
413 1594 630 1679 sanctuaria²)
656 1595 815 1677 deponere
822 1598 847 1674 ,“
869 1598 1010 1657 vestrum
1044 1599 1093 1657 est
1126 1593 1312 1658 deliberare.
1372 1594 1454 1660 Petit
1473 1600 1498 1660 et
1518 1598 1544 1660 le

315 1697 470 1778 eatenis3)
493 1700 676 1761 sauctorum
704 1695 936 1780 apostolorum,
971 1697 998 1759 si
1026 1695 1176 1780 possibile
1204 1700 1269 1779 est,
1305 1701 1338 1760 et
1364 1697 1402 1760 de
1428 1698 1545 1762 eraticula

313 1800 400 1864 beati
423 1798 588 1862 Laurentii
610 1799 770 1882 martyris.
819 1798 887 1863 lsta
909 1801 986 1863 sunt
1007 1799 1164 1863 desideria
1185 1798 1342 1882 praedicti
1364 1799 1436 1864 riri:
1458 1801 1487 1865 in
1503 1800 1545 1865 boe

314 2079 345 2127 77
383 2076 402 2136 ¹)
421 2073 454 2125 H.
469 2089 506 2126 e:
526 2073 554 2126 ct
571 2089 621 2124 nos
634 2070 804 2125 Graecorum
822 2087 940 2137 morem,
960 2088 1014 2138 quo
1033 2073 1191 2126 sanctormn
1211 2087 1271 2125 ossa
1291 2074 1456 2127 contrectare
1471 2090 1497 2126 ac
1510 2072 1547 2125 le

313 2158 424 2212 trahere
448 2157 549 2222 solent,
572 2155 832 2224 apostolicaesedis
855 2155 1047 2210 consuetudini
1066 2157 1236 2211 contrarium
1254 2174 1315 2211 esse
1333 2159 1502 2227 exposuimus.
1515 2157 1547 2210 ille

314 2259 379 2296 vcro
398 2241 552 2296 rationibus
569 2241 671 2295 nostris
690 2239 778 2294 cessit.
814 2241 968 2308 Utramque
987 2246 1081 2295 autem
1093 2242 1324 2296 cousuetudinem
1337 2242 1477 2311 Gregorius
1491 2243 1546 2296 litet

314 2327 410 2382 lndiet.
432 2333 463 2381 12
487 2325 568 2397 epist.
587 2332 620 2380 30
644 2326 680 2380 ad
699 2325 909 2379 Constantinam
926 2327 1083 2395 Augustam
1106 2326 1226 2397 explieat
1247 2327 1291 2381 his
1313 2327 1416 2382 verbis:
1438 2334 1549 2397 l'opnomr

313 2414 522 2482 lrurrrquillisrima
539 2417 652 2471 domina,
671 2418 730 2480 qrcio
742 2416 861 2464 Ilomuuie
879 2417 1033 2465 corranetudo
1052 2432 1101 2466 eron
1113 2425 1164 2475 est,
1183 2418 1285 2482 prrorulo
1301 2425 1441 2469 coactorum
1456 2419 1549 2483 reliprim

314 2504 388 2561 durae,
407 2509 433 2551 ut
452 2503 584 2566 quidquam
601 2507 766 2564 praecantant
785 2509 890 2565 inrupere
909 2502 941 2550 de
953 2518 1078 2566 corpore:
1095 2504 1143 2552 aed
1160 2505 1329 2553 leretururaodo
1347 2506 1373 2553 iu
1388 2505 1476 2568 pyxide
1491 2502 1547 2551 tem·

313 2590 384 2637 ‹Iercur
402 2588 519 2645 millitia,
539 2594 614 2650 utque
633 2587 669 2635 art
683 2587 859 2635 sacratissimo
871 2601 983 2650 corporo
1000 2589 1112 2650 ponitur.
1143 2588 1216 2646 (litori
1227 2590 1332 2637 leuatum
1344 2591 1370 2638 in
1382 2589 1488 2643 eeclesia,
1502 2604 1548 2653 puae

313 2681 351 2722 eol
369 2673 527 2732 derlieoada,
547 2671 634 2720 ‹lebito
651 2687 704 2719 corn
723 2673 885 2721 ueneratione
902 2672 1062 2729 reconditur,
1086 2680 1112 2721 et
1129 2679 1216 2721 tantae
1237 2690 1288 2736 per
1309 2674 1356 2723 loe
1373 2674 1456 2723 ibidem
1471 2676 1548 2722 ebulo

309 2760 384 2819 litaret,
408 2773 439 2806 oc
461 2759 484 2805 si
505 2759 563 2805 illuc
580 2772 666 2805 eorum
683 2771 795 2819 corporo
818 2757 970 2818 deseruntur
1044 2756 1076 2805 Ia
1095 2756 1215 2807 Romania
1233 2775 1338 2823 numque
1356 2761 1395 2808 ael
1416 2761 1483 2809 totius
1498 2756 1548 2805 (leri

312 2845 395 2892 clentis·
416 2841 533 2906 partitae
554 2843 652 2891 cannino
671 2839 830 2891 intolerabile
849 2848 887 2890 est
906 2849 982 2906 utque
1004 2844 1165 2905 sacrilepum,
1189 2845 1214 2892 st
1234 2850 1378 2894 sanctorum
1395 2860 1493 2907 corpora
1508 2850 1547 2890 lm·

311 2943 372 2990 pere
391 2928 520 2992 qnisquam
535 2926 650 2988 fortusse
668 2928 782 2975 uoluerit.
807 2924 919 2985 Quodsi
934 2929 1150 2992 praesumpserit,
1169 2936 1263 2977 certum
1282 2936 1331 2985 eet,
1351 2932 1409 2994 quio
1425 2929 1480 2978 laer
1493 2934 1547 2975 trae·

311 3015 378 3061 ritas
399 3014 521 3076 impunita
544 3013 610 3061 ouillo
628 3013 700 3061 modo
723 3011 870 3061 remanebit.
911 3012 965 3062 Pro
984 3028 1033 3078 qua
1051 3028 1079 3061 rc
1098 3013 1130 3061 de
1150 3012 1306 3063 Graecorum
1322 3015 1501 3071 consuetudine,
1516 3012 1548 3076 ert

243 3086 247 3099 ¹
312 3113 371 3146 cisso
390 3101 474 3146 lcomc
491 3104 635 3145 sanctornm
651 3113 679 3146 se
697 3105 826 3155 urrerem,
846 3097 1002 3147 uehementer
1019 3099 1138 3147 adratum·
1155 3104 1181 3147 et
1198 3100 1243 3147 utae
1261 3099 1394 3148 credituras.

380 3181 401 3239 ²]
420 3175 583 3231 Sanetuaria
601 3176 661 3241 illa,
680 3194 752 3245 quae
770 3182 885 3230 liroruleu
903 3178 964 3231 loeo
982 3194 1047 3231 mon
1065 3179 1177 3232 laudato
1196 3181 1281 3233 vocat
1291 3178 1440 3248 Gregorius
1450 3179 1546 3246 llamuu

311 3262 396 3332 panni
416 3264 506 3327 eraut,
526 3262 556 3314 ut
574 3261 695 3330 explicat
712 3261 889 3316 Mabillonius
906 3263 1005 3316 Annal.
1023 3264 1125 3317 Bened.
1145 3262 1193 3317 lib.
1213 3263 1251 3317 lV
1269 3281 1295 3317 n.
1317 3270 1357 3327 18,
1375 3266 1491 3318 contactu
1504 3260 1545 3315 reli-

312 3346 440 3415 quiarum
468 3348 627 3400 sanctorium
654 3347 847 3415 apostolorum
874 3347 984 3401 sacrati.
1031 3352 1184 3402 Cuteouclue
1211 3366 1277 3403 vero
1301 3349 1370 3403 nihil
1392 3348 1461 3403 aliud
1482 3356 1544 3401 eraul-

312 3450 396 3499 quam
414 3432 550 3484 fenestrae
569 3430 682 3485 clathris
701 3448 748 3485 scu
768 3432 896 3486 cancellis
915 3432 1009 3485 ferreis
1028 3433 1162 3495 numitao,
1187 3451 1237 3502 per
1255 3452 1325 3503 quas
1343 3434 1425 3504 parmi
1440 3434 1475 3486 illi
1487 3447 1545 3500 sup-r

312 3517 470 3569 salictorum
488 3515 620 3582 reliquias
638 3516 866 3570 demittcbantnr.
903 3518 939 3569 ut
955 3518 1008 3570 bac
1027 3517 1151 3586 duplices
1169 3520 1262 3572 erant:
1282 3518 1355 3573 aliae
1373 3513 1543 3579 catenensis

311 3600 393 3654 altari
411 3600 455 3654 vel
471 3600 646 3670 parviment0,
664 3601 715 3653 sub
734 3619 788 3669 quo
808 3601 936 3655 conditae
955 3605 1035 3657 erant
1052 3620 1146 3658 sacrae
1164 3603 1313 3671 reliquiae,
1339 3603 1409 3658 aliae
1425 3602 1543 3656 interiora.

310 3684 339 3737 in
356 3685 417 3755 ipsa
436 3703 520 3756 capsa
536 3702 584 3739 seu
603 3702 682 3749 area,
701 3703 756 3753 qua
774 3685 907 3753 reliquiae
926 3687 1136 3742 claudebantur.
1172 3688 1277 3741 Petunt
1294 3705 1362 3757 ergo
1379 3687 1471 3756 legati,
1484 3696 1506 3737 ut
1518 3680 1542 3735 nl

312 3770 461 3824 secundam
481 3771 632 3824 fenestram
655 3771 740 3839 pauni
765 3771 983 3839 deponerentur,
1007 3773 1083 3826 velut
1105 3772 1143 3826 ad
1159 3773 1381 3827 contrahendam
1398 3790 1430 3827 ex
1449 3768 1541 3842 proximu

311 3857 440 3908 contactu
462 3855 598 3924 maJorem
621 3855 759 3909 virtutem.
797 3856 949 3923 Gregorius
968 3857 1135 3911 Turonensis
1158 3857 1193 3911 dc
1211 3857 1282 3926 glor.
1302 3861 1384 3912 mart.
1402 3857 1426 3922 l,
1446 3864 1473 3909 a*
1487 3852 1540 3906 unia

311 3941 423 3992 tantum
441 3940 601 3993 fenestellae
620 3940 752 4009 parvulae
771 3940 908 4007 meminit,
926 3959 977 4010 per
990 3959 1086 4010 quam,
1105 3943 1128 3995 si
1141 3942 1188 4010 qui
1199 3942 1316 4007 vellent,
1335 3941 1450 3995 irnmisso
1461 3934 1540 4010 pallide

310 4041 357 4077 seu
376 4040 482 4092 ponne,
498 4024 589 4092 jejuni
606 4025 634 4076 in
652 4024 780 4093 precibus
798 4025 906 4093 vigilias
924 4027 959 4079 ad
978 4025 1134 4095 sepulerum
1152 4028 1343 4097 apostolorum
1363 4027 1479 4096 agebant
1503 4016 1538 4071 Sul

310 4108 401 4161 ibide
420 4109 565 4162 fenestella
584 4111 704 4175 tantum,
723 4126 795 4177 quac
814 4109 896 4177 vulgo
915 4111 1044 4179 patebat,
1063 4129 1118 4166 non
1136 4111 1171 4166 de
1190 4128 1224 4166 ea
1236 4129 1309 4181 quae
1322 4110 1450 4179 singulari
1460 4120 1537 4161 muner

309 4210 342 4246 ac
361 4192 494 4247 beneficio
513 4193 699 4263 aperiebatur,
718 4212 862 4248 sonnonem
880 4194 974 4249 habet.
1005 4196 1192 4262 Fenestellae,
1209 4213 1262 4266 per
1280 4214 1366 4265 quam
1378 4194 1461 4249 omria
1474 4190 1500 4245 sl
1512 4187 1536 4239 iu·

308 4277 414 4332 teriora
431 4278 493 4332 loca
510 4278 689 4346 reliquiarum
708 4300 727 4332 s.
746 4278 880 4348 Stephani
899 4280 1094 4347 mittebantur,
1112 4281 1217 4336 mentio
1236 4283 1280 4336 est
1298 4280 1374 4351 apud
1389 4274 1534 4350 simistrum

309 4362 429 4431 append.
448 4364 515 4416 tom.
535 4370 549 4416 7
572 4365 601 4415 in
619 4363 691 4417 libro
710 4363 806 4416 Evodii
824 4365 966 4419 Uzalcnsis
984 4366 1018 4418 de
1037 4365 1176 4420 miraculis
1194 4384 1214 4420 s.
1235 4366 1372 4437 Stephani
1390 4384 1410 4420 e.
1430 4370 1463 4419 12.
1488 4354 1534 4411 llll*

309 4450 338 4501 el.
360 4448 476 4515 ltregor.
497 4448 599 4501 Turon.
622 4448 656 4501 dc
679 4447 817 4503 ruiraeulis
840 4469 860 4503 s.
880 4450 992 4504 Martini
1015 4452 1039 4516 l,
1060 4457 1098 4505 ll.
1140 4448 1307 4506 Cataractae
1329 4450 1478 4506 uocabulum
1493 4455 1533 4496 ¹¹⁰¹

309 4532 436 4601 exposito
455 4531 598 4586 intellectu
617 4535 732 4601 usurpat
749 4535 778 4588 et
795 4533 913 4603 Vigilius
931 4536 1010 4605 epist.
1032 4542 1107 4590 1511.
1127 4543 1152 4590 ὅ.

376 4621 396 4681 ³)
415 4617 551 4686 Gregorio
569 4617 685 4686 Magno,
709 4618 749 4670 uti
767 4618 891 4673 videmus
914 4638 946 4673 ex
969 4620 1150 4690 epistolarum
1173 4622 1234 4690 ejus
1257 4621 1331 4676 libro
1350 4628 1363 4674 l
1382 4620 1452 4690 epist.
1466 4619 1495 4673 tt.
1507 4618 1532 4657 ³⁴⁸·

308 4708 338 4754 :n
354 4704 415 4765 ote,
434 4701 569 4755 familiare
587 4702 652 4768 suit,
671 4702 760 4756 clares
778 4702 878 4772 quibus
896 4706 1028 4761 nonnulla
1047 4708 1208 4761 catenarum
1225 4706 1304 4761 beati
1316 4705 1391 4761 Petri
1402 4690 1532 4775 porliimodl

308 4786 519 4852 infundebatur,
538 4788 683 4855 effingere,
702 4792 730 4840 et
748 4789 784 4840 ad
802 4788 905 4843 amieos
927 4790 1024 4858 magni
1042 4790 1163 4845 muneris
1182 4791 1244 4845 loco
1262 4792 1383 4846 mittere.
1412 4792 1449 4845 Au
1462 4784 1480 4839 il
1491 4794 1531 4831 me

309 4871 344 4924 ab
364 4871 527 4926 llormisdae
546 4889 614 4926 elevo
629 4872 690 4941 jam
708 4872 871 4928 obtinebat?
