3412 5664
551 330 747 379 arrsroann
770 321 915 379 31-36.
1303 317 1367 380 449

94 485 209 548 rabilis
229 484 263 548 in
288 505 323 547 re
345 482 483 564 Viviana
512 485 560 546 sui
580 484 662 566 juris
685 485 836 547 fundasse
859 483 1045 567 perhibetur
1066 484 1248 568 ecelesiam,
1273 507 1367 569 quam
1385 492 1481 555 (amaa

92 589 131 651 in
159 587 315 650 honorem
342 587 446 649 saneti
468 584 538 649 Viti
573 586 763 649 confessoris
797 587 865 668 ejus
897 587 1025 649 nomine
1060 587 1147 670 eupit
1178 588 1366 651 consecrari.
1382 566 1485 625 —euap

96 687 193 752 Hane
216 688 333 773 igitur,
362 687 464 750 frater
486 687 665 769 carissime,
693 689 720 750 si
750 688 789 750 ad
817 692 906 751 tuam
929 688 1097 751 dioecesim
1120 689 1281 772 pertinere
1304 711 1368 753 non

96 790 249 873 ambigis,
281 812 320 853 ex
342 810 429 853 more
452 791 603 853 convenit
625 789 775 870 dedicari,
806 789 923 852 collata
945 791 1093 873 primitus
1116 791 1288 868 donatione
1310 792 1369 854 sol·

96 892 209 974 lemni,
233 912 330 976 quam
352 891 509 955 ministris
532 892 686 955 ecelesiae
709 890 887 955 destinasse
909 914 942 955 se
963 893 1101 975 praefati
1117 893 1257 956 muneris
1273 897 1369 957 testa-

96 998 152 1056 tur
173 992 315 1056 oblator:
349 993 486 1056 sciturus
514 993 584 1056 sine
612 993 724 1077 dubie,
755 997 882 1076 praeter
904 993 1114 1077 processionis
1143 994 1280 1078 aditum,
1317 996 1370 1080 qui

96 1095 186 1175 omni
210 1094 395 1158 Christiano
417 1094 564 1179 debetur,
600 1096 682 1159 nihil
710 1095 828 1159 ibidem
856 1118 889 1159 se
918 1097 1038 1180 proprii
1062 1097 1145 1178 juris
1174 1096 1368 1159 habiturum.

99 1196 220 1278 Data²l
244 1194 324 1260 XllI
346 1195 505 1261 Calendas
529 1198 680 1281 Augusti.

605 1384 787 1486 Epistola
814 1385 872 1467 35.

166 1536 305 1641 (talant
329 1552 438 1619 papae
459 1535 502 1600 ad
527 1536 805 1602 Herculentium
828 1537 1032 1620 episcopum
1055 1536 1303 1602 Potentinum.
1385 1518 1481 1583 (³4⁰⁵

1385 1589 1489 1649 -map

10 1686 70 1734 Ml
122 1677 220 1725 Eadm
238 1677 382 1725 consitione
400 1677 549 1725 consecrari
565 1678 696 1725 ecelesiam
713 1678 739 1725 ia
756 1677 875 1726 honorem
893 1683 1036 1725 sauctorum
1054 1676 1189 1726 Michaelis
1210 1676 1357 1739 erchanpeli

298 1772 309 1803 Ι
511 1768 535 1809 ct
554 1760 641 1810 Murci
657 1762 814 1824 confessoris
829 1764 962 1826 peruritur.

258 1892 478 1975 Gelasius¹)
501 1891 767 1958 Herculentio
789 1894 975 1977 episcopo
998 1893 1224 1957 Potentino.

187 2012 383 2097 Trigetius²)
411 2010 507 2095 hujus
536 2013 679 2095 petitorii
707 2014 799 2077 nabis
821 2013 1038 2077 insinuatione
1068 2014 1246 2098 suggessit,
1277 2014 1311 2077 in
1339 2035 1374 2077 re.

98 2135 177 2196 sua,
206 2114 323 2198 quae³)
345 2112 543 2178 Sextilianus
566 2119 713 2198 vocatur,
746 2115 910 2179 basilicam
939 2138 972 2179 se
1001 2118 1185 2180 sanctorum
1207 2115 1374 2179 Michaelis

10 2294 18 2307 ²
99 2215 294 2301 archangeli
316 2219 348 2278 et
363 2214 464 2279 Marci
488 2216 677 2280 confessoris
700 2239 758 2301 pro
780 2240 838 2283 sua
860 2218 1028 2280 devotione
1043 2217 1204 2280 fundasse.
1233 2217 1278 2281 Et
1293 2217 1373 2300 ideo,

98 2318 205 2382 frater
239 2316 417 2399 carissime,
456 2319 483 2381 si
519 2319 558 2381 ad
591 2323 680 2382 tuam
714 2320 855 2403 pertinet
882 2319 1080 2403 paroeciam,
1119 2319 1374 2382 benedictionem

97 2441 201 2505 supra
235 2404 446 2485 memoratae
463 2419 612 2484 basilicae
646 2421 793 2484 sollemni
830 2422 1035 2486 veneratione
1072 2422 1225 2504 depende.
1284 2419 1374 2484 Nihil

97 2528 213 2592 tamen
237 2520 390 2585 fundator
413 2543 451 2585 ex
475 2520 535 2585 hae
558 2522 690 2586 basilica
720 2524 780 2586 sibi
804 2525 929 2587 noverit
952 2524 1189 2605 virulieandum,
1219 2522 1281 2585 nisi
1304 2543 1375 2605 pro-

96 2622 259 2689 cessionis
283 2623 414 2708 aditum,
438 2624 492 2707 qui
516 2623 708 2688 Christianis
731 2626 877 2689 omnibus
900 2626 934 2688 in
958 2648 1124 2689 commune
1147 2625 1288 2689 debetur.

607 2812 788 2915 Epistola
806 2814 873 2927 ⁸313.

344 2963 477 3032 aarum
503 2983 612 3049 papae
635 2941 679 3030 ad
701 2965 900 3031 ‚lehamnem
923 2966 1138 3049 episcopum.

10 3142 19 3167 ,‚
31 3124 74 3172 42,
163 3105 285 3155 Asellum
301 3104 515 3159 archidiaconum,
536 3107 579 3170 qni
595 3107 732 3167 interserto
750 3108 870 3170 episcopo
889 3107 1030 3154 inconsulta
1047 3107 1108 3154 aede
1126 3106 1267 3168 apostolica
1285 3120 1313 3152 sc

10 3193 15 3205 '
407 3192 546 3256 elipandum
563 3198 709 3247 crrrrrocrul,
728 3191 759 3238 ab
779 3192 863 3253 officio
881 3206 927 3240 auo
943 3190 1076 3239 submovet.

260 3321 445 3386 Gelasius
467 3322 643 3386 Johanni
668 3323 865 3407 episeopo,

187 3440 261 3506 Nos
284 3461 378 3504 ausus
407 3441 495 3525 impii
520 3463 716 3505 commovere
741 3442 857 3524 Aselli,
887 3442 940 3526 qui
964 3441 1242 3505 archidiaconatus
1264 3442 1377 3525 lunge-

86 3550 200 3612 batur
216 3543 336 3607 officio.
371 3542 455 3607 Nam
470 3566 567 3629 quum
583 3543 661 3607 duro
685 3566 759 3607 easu
782 3543 945 3608 lethaliter
967 3543 1111 3606 sauciato
1133 3544 1285 3626 pontifice
1302 3565 1378 3627 prae

84 3646 223 3715 ceteris
247 3644 414 3710 eeclesiam
437 3645 596 3709 custodire
619 3645 779 3728 debuerit,
809 3669 847 3710 ae
869 3667 909 3709 ne
931 3645 1007 3730 quid
1030 3646 1069 3709 de
1091 3644 1263 3729 episcopali
1286 3644 1379 3707 domo

83 3749 354 3831 subduceretur3
381 3756 415 3811 et
437 3748 542 3832 eum¹)
566 3748 670 3830 ipsum
692 3749 727 3811 in
749 3747 889 3810 tumultu
912 3747 1074 3831 praesenti
1097 3747 1243 3830 permisit
1265 3746 1377 3828 occidi,

145 3922 358 3933 --------.
372 3923 382 3929 .

83 4036 230 4095 mutavit
248 4034 277 4088 (1²
294 4039 375 4089 Iulias
390 4040 421 4088 V.
436 4041 471 4092 H.
490 4036 518 4103 (i.
534 4054 556 4089 e.
576 4040 798 4103 manseramus)
822 4043 846 4088 in
865 4056 894 4089 re
912 4017 1033 4095 dimitiam:
1059 4035 1078 4088 Z
1098 4057 1147 4105 qua
1164 4056 1193 4089 sc
1210 4041 1290 4090 Jrrlins
1308 4044 1333 4089 r'n
1352 4056 1380 4088 re

81 4130 211 4179 Iuliana
231 4119 278 4186 (al.
297 4122 441 4188 Juvenum,
462 4119 485 4185 Q
502 4124 636 4198 Viuiunq),·
658 4119 732 4173 unde
750 4138 805 4174 non
828 4120 1014 4174 dubitavimus
1034 4124 1156 4174 nostram
1175 4121 1321 4175 lectionem
1341 4139 1380 4173 re-

82 4210 236 4264 stituere.
255 4233 289 4243 -
305 4203 369 4258 Mox
387 4208 425 4260 e¹⁰
443 4205 533 4259 omitt.
553 4209 661 4260 oblator.

172 4294 197 4360 ¹)
218 4288 263 4342 lta
281 4288 313 4353 Q*
327 4290 361 4353 Q²
374 4289 422 4356 U',
440 4290 460 4343 Z
480 4290 585 4344 omittit
602 4291 675 4344 hane
693 4291 851 4344 chronicam
870 4294 973 4344 notam.

176 4378 199 4443 ⁸)
219 4373 264 4427 rm
282 4372 329 4439 x¹;
347 4374 394 4428 alii
412 4375 547 4430 omittunt
565 4375 782 4444 inscriptionem.

175 4462 199 4529 ²)
219 4457 265 4511 rm
281 4460 314 4522 Q¹
328 4458 370 4523 Q'.
406 4458 439 4512 X¹
457 4463 600 4529 Trypetiaa,
624 4461 695 4513 Zc'0
714 4465 866 4528 Frr'penu'us.
901 4459 1054 4528 hrrgnstino
1073 4459 1224 4528 discipulus
1243 4459 1381 4527 qrrondam

86 4548 156 4604 suit
177 4547 311 4612 Tripetim
322 4546 505 4614 nuncupatus,
524 4560 625 4612 exque
639 4544 734 4613 liquet,
753 4546 805 4599 hoe
823 4562 922 4598 nornen
942 4545 1016 4614 apud
1031 4545 1142 4597 Latinos
1162 4545 1293 4598 usitatum
1312 4561 1378 4597 ease.

87 4632 172 4688 lox
191 4628 231 4683 X'
249 4633 326 4696 hujus
340 4635 465 4700 petitura,
484 4629 532 4683 ubi
550 4629 597 4683 alii
615 4650 675 4683 aero
692 4637 822 4698 petitoria.

174 4717 200 4782 ⁸)
221 4713 243 4767 Ζ
261 4720 329 4784 qma
344 4718 513 4770 Sextilianum
531 4726 641 4773 vermer.
661 4730 781 4784 moxque
801 4719 910 4768 Martini
927 4720 1083 4782 confessoris
1101 4736 1148 4782 pro
1161 4736 1208 4767 sua
1221 4720 1382 4782 ‘lesensium

91 4799 257 4870 a-quimnr
274 4797 306 4862 0¹
321 4800 355 4864 0¹
367 4799 410 4854 X¹.

180 4888 202 4951 ¹)
222 4881 286 4936 Scil.
301 4884 441 4954 pontificis
459 4884 610 4938 occisorem
629 4886 658 4936 et
676 4885 862 4938 creditarium.

135 4987 304 5024 marem
317 4988 421 5027 aenan.
434 4988 553 5039 courir„
567 4973 589 5026 1.
1141 4979 1179 5034 29
