3412 5664
209 315 251 378 36
576 328 710 376 nonina
733 327 885 374 rnnnvm
909 326 945 374 ru
968 326 1108 376 cnunsrr

210 490 282 564 quod
298 491 324 544 in
340 488 445 545 duobus
461 505 524 544 mss.
542 488 766 545 Germanensibus
781 505 839 544 eam
854 487 1081 561 compilationem,
1098 503 1167 561 quae
1181 489 1233 562 ipsi
1248 486 1385 549 tribuitur,
1403 480 1488 543 eom?

210 573 390 650 plectentibus
406 572 452 629 lib.
463 572 500 628 12
517 574 624 647 captiti
641 583 697 630 tota
712 573 875 629 describitur
889 571 1020 634 diffusior,
1037 573 1155 647 exceptis
1172 571 1258 628 tribus
1273 571 1356 634 locis,
1374 574 1402 628 in
1418 575 1479 646 qui·

210 659 263 716 bus
278 659 406 735 quaedam
423 658 573 714 adsuuntur
588 668 615 715 et
630 668 756 733 aptantur
771 659 921 715 sententiae
937 674 970 714 ex
985 657 1101 713 breviori
1116 658 1257 732 repetitae.
1284 659 1388 714 Auctor
1403 656 1479 713 addi·

211 747 314 801 tionum
331 744 498 800 collectionis
515 743 689 818 Dionysiauac
706 752 733 799 ct
749 743 895 798 liodrianae
912 744 939 798 in
954 743 1081 798 Vaticano
1098 741 1181 800 5845
1203 750 1229 798 et
1247 742 1328 800 1353
1349 759 1380 799 ac
1396 742 1480 798 Valli·

209 829 313 886 cellano
333 829 387 885 Ad
408 828 462 884 duo
485 827 634 902 fragmenta
655 822 759 900 illius¹l
780 827 936 902 proterens,
963 826 1113 883 breviorem
1141 828 1254 883 formam
1281 836 1394 883 secutus
1424 834 1478 883 est.

209 914 285 971 Nunc
304 930 368 970 vero
389 930 421 969 ex
444 912 543 987 duplici
564 913 609 969 iila
630 913 716 969 torma
737 929 805 987 quae
825 914 918 986 potior
929 911 1072 983 judicanda
1088 928 1190 987 quaeve
1206 912 1283 968 alteri
1298 911 1481 987 praeferenda

208 1001 259 1064 sit,
276 998 474 1056 excutiendum.

294 1084 322 1139 2.
353 1082 528 1146 llillusiorem,
545 1099 577 1138 en
593 1085 686 1157 quain
704 1082 822 1140 Romana
837 1082 956 1138 editione
972 1082 1081 1156 prodiit,
1104 1082 1248 1144 anteferre,
1271 1089 1298 1138 et
1313 1081 1480 1144 breviorem,

209 1186 277 1244 quae
292 1168 367 1243 prius
383 1167 529 1232 obtinebat,
546 1170 714 1242 supprimere
726 1185 780 1224 non
793 1165 950 1223 dubitarunt
962 1167 1080 1223 editores
1094 1167 1289 1232 conciliorum
1305 1167 1375 1223 hauc
1386 1177 1482 1224 autem

210 1253 358 1310 breviorem
375 1270 389 1308 e
405 1253 505 1309 codicis
520 1254 562 1308 sui
578 1252 630 1309 tide
646 1271 774 1310 revocans
791 1252 949 1308 Paschasius
965 1251 1141 1319 Quesnelins,
1164 1269 1233 1327 quae
1255 1253 1412 1308 authentica
1433 1253 1482 1308 lra-

209 1338 294 1394 benda
309 1340 358 1402 sit,
381 1337 525 1394 decernere
548 1355 577 1394 se
598 1338 672 1394 nolle
694 1346 808 1394 testatus
825 1346 866 1392 est
882 1337 929 1393 sod
945 1338 998 1393 hoc
1013 1337 1071 1393 aliis
1087 1337 1292 1394 examinandum
1307 1337 1479 1412 relinquere.

209 1423 267 1479 Nun
283 1423 358 1479 siluit
373 1432 461 1479 tamen
476 1439 603 1497 prorsus,
626 1423 735 1496 quiden
752 1423 784 1479 dc
800 1441 829 1478 re
844 1424 969 1479 sentiret.
999 1423 1161 1479 Nominatim
1178 1439 1241 1478 vero
1258 1431 1351 1486 notat,
1374 1440 1406 1479 ea
1428 1439 1483 1478 nu-

208 1510 275 1564 meri
289 1508 318 1570 4,
334 1507 431 1582 quihus
447 1507 594 1564 Romanum
610 1508 745 1582 exemplar
759 1525 811 1564 suo
827 1509 930 1563 auctius
946 1515 1002 1570 est,
1025 1507 1066 1563 vel
1089 1508 1142 1563 lanc
1163 1507 1270 1564 aliunde
1291 1507 1412 1570 adscita,
1436 1507 1483 1564 vel

182 1587 187 1601 ’
209 1593 299 1649 forsan
323 1595 433 1649 omnino
454 1592 569 1649 conficta
591 1609 665 1656 csse,
692 1601 787 1668 utpote
809 1592 906 1666 quibus
928 1593 1057 1648 orationis
1080 1591 1155 1649 illum
1176 1600 1203 1648 et
1218 1610 1328 1649 sensum
1351 1593 1484 1667 intercipi

208 1677 361 1734 arbitratur.
392 1677 508 1734 Rursum
523 1686 551 1734 et
566 1678 623 1741 alia,
640 1677 737 1752 quibus
753 1679 857 1734 numeri
875 1678 914 1734 10
929 1685 956 1732 et
974 1679 1010 1733 11
1028 1679 1055 1732 in
1071 1677 1167 1734 eodem
1183 1677 1328 1751 exemplari
1345 1694 1411 1752 prae
1428 1694 1483 1733 suo

208 1763 352 1826 abundant,
380 1762 411 1817 ab
434 1763 519 1819 aliena
545 1780 624 1818 mauu
650 1763 738 1818 addita
759 1781 789 1818 se
810 1763 985 1818 veliementer
1007 1764 1137 1838 suspicari
1158 1762 1284 1818 admonet
1306 1762 1348 1818 liis
1368 1762 1483 1819 verbis:

209 1849 291 1918 Quod
299 1852 377 1905 'enim
393 1852 433 1903 ait
452 1866 476 1902 s.
489 1850 666 1904 Ambrosium
683 1849 838 1904 Theodosio
854 1851 1077 1904 communionem
1089 1849 1287 1920 suspendisse,
1305 1851 1485 1904 recentioris

208 1937 268 1990 stili
281 1950 344 1990 esse
358 1935 427 1989 milii
440 1936 560 1990 ridetur.
578 1933 659 2001 Quod
673 1952 690 1988 a
703 1934 798 1989 Leone
805 1950 889 2004 papa
905 1936 1011 1988 asserit
1025 1933 1211 1990 Theodosium
1223 1934 1370 2005 prcsino
1384 1937 1482 1989 tatro-

209 2022 284 2076 rinio
306 2020 492 2075 excedentem
513 2020 603 2074 tibere
625 2034 686 2074 esse
708 2025 887 2089 correptum,
905 2018 1096 2090 salsissimum
1117 2025 1169 2074 est.
1206 2018 1289 2086 Quod
1308 2020 1433 2092 denique
1449 2035 1484 2073 sc

208 2108 301 2176 ipsum
316 2107 357 2160 uit
375 2103 500 2160 Odoacri
513 2108 612 2177 iniqua
631 2107 826 2176 praecipienti
844 2121 901 2159 non
921 2107 1072 2175 paruisse,
1097 2121 1160 2160 cum
1183 2095 1341 2175 temporum
1363 2107 1483 2160 ratione

209 2191 363 2245 conciliari
375 2207 432 2244 raon
445 2195 548 2260 potest.
580 2188 627 2243 His
643 2187 758 2258 adjicere
773 2190 908 2262 potuisset
924 2189 964 2243 vir
978 2188 1111 2252 eruditus,
1128 2205 1184 2244 non
1199 2189 1287 2244 solum
1302 2186 1396 2263 plures
1412 2205 1481 2244 mss.

210 2273 321 2329 editioni
335 2290 399 2329 suae
415 2273 569 2348 suflragari,
592 2273 639 2329 scd
664 2283 690 2328 et
713 2275 781 2329 banc
802 2273 944 2346 epistolam
962 2290 976 2327 a
993 2273 1119 2329 Gratiano
1140 2272 1263 2347 pluribus
1284 2275 1311 2329 in
1333 2272 1418 2335 locis,
1447 2273 1483 2329 alr

210 2358 352 2414 Hincruaro
385 2376 479 2433 opusc.
503 2358 543 2415 55
576 2360 693 2432 capitum
724 2375 780 2432 cap.
797 2357 851 2422 24,
883 2374 897 2412 a
927 2358 1038 2415 Nicolao
1063 2358 1074 2413 1
1103 2375 1185 2434 papa,
1216 2359 1304 2414 denen
1334 2357 1482 2415 Parisiensi

210 2452 237 2499 et
252 2442 386 2499 Hadriano
410 2443 419 2498 l
448 2446 476 2500 iu
499 2444 641 2518 privilegio
671 2462 694 2498 s.
723 2442 856 2516 llionysii,
886 2443 964 2514 eujus
994 2443 1135 2500 exordium
1165 2452 1207 2500 cst
1238 2444 1355 2512 Qreanta
1385 2445 1480 2513 beate,

212 2528 323 2584 laudari.

294 2613 322 2671 3.
361 2614 459 2670 Verum
477 2614 526 2669 liae
540 2616 567 2669 in
584 2613 779 2687 disceptatione
800 2613 908 2687 plurimi
928 2613 1048 2670 iacienda
1064 2615 1128 2669 mihi
1147 2613 1252 2669 videtur
1267 2614 1415 2670 auctoritas
1431 2613 1483 2669 Fa·

210 2699 290 2754 cumli
306 2698 517 2762 llermianensis,
540 2699 585 2772 qui
604 2715 687 2771 quum
704 2716 775 2772 opus
791 2715 869 2754 suum
885 2707 947 2755 aute
969 2716 1068 2755 annum
1084 2698 1184 2755 Christi
1199 2698 1274 2761 547,
1298 2698 1422 2773 adeoque
1439 2699 1480 2754 52

210 2785 294 2846 antris,
317 2793 459 2858 postquam
476 2784 541 2839 haec
557 2783 653 2839 Gelasii
671 2783 785 2857 epistola
801 2785 900 2858 scripte
916 2790 966 2845 est,
983 2784 1104 2839 nondum
1120 2785 1228 2858 penitus
1242 2785 1352 2847 exactis,
1365 2800 1481 2859 aggres-

209 2886 256 2924 sus
278 2871 326 2933 sit,
351 2870 506 2925 authentica
526 2867 585 2939 ejus
607 2869 728 2942 exempla
748 2877 775 2924 et
797 2868 895 2924 vidisse
916 2877 943 2924 et
965 2870 1062 2925 citasse
1079 2869 1186 2925 nonnisi
1202 2877 1304 2925 temore
1319 2876 1479 2943 negaretur.

210 2957 244 3009 m
266 2971 329 3009 vero
345 2953 418 3026 libi)
435 2952 520 3028 capel
536 2953 625 3010 locum
641 2970 673 3009 ex
689 2955 799 3009 casatis
815 2953 932 3028 amplum
948 2953 1053 3017 laudat,
1076 2954 1154 3025 cujus
1171 2955 1282 3009 maxima
1300 2970 1362 3028 pars
1378 2955 1406 3010 in
1423 2954 1481 3009 edi·

211 3041 284 3095 tione
300 3039 437 3107 Quesuelli
452 3039 634 3102 desideratur,
657 3040 757 3113 quique
779 3047 874 3094 contra
894 3040 922 3094 iu
937 3037 1054 3095 Romana
1075 3048 1103 3095 et
1124 3038 1181 3094 aliis
1203 3040 1312 3113 integer
1333 3048 1375 3095 est
1391 3056 1480 3095 asser·

209 3133 295 3180 vatus.
322 3124 392 3180 Nilril
408 3132 450 3179 est
464 3125 557 3199 igitur,
573 3142 622 3180 cur
637 3125 807 3180 accessiones
823 3122 978 3195 hujusmodi
993 3131 1039 3179 aut
1054 3133 1179 3180 recentes
1194 3131 1241 3178 aut
1256 3125 1337 3179 etiam
1353 3122 1480 3180 aGelasii

210 3226 290 3266 mauu
306 3209 405 3265 alienas
424 3208 586 3279 judicemus.

295 3293 324 3350 4.
355 3294 447 3367 Neque
468 3310 532 3349 vero
553 3311 584 3350 ea
604 3293 696 3364 objicit
716 3296 757 3349 vir
778 3294 888 3356 doctus,
911 3310 979 3368 quae
996 3294 1065 3350 aliud
1087 3293 1275 3368 persuadeant.
1306 3292 1384 3361 Quod
1407 3288 1480 3350 enim

118 3409 124 3419 .
212 3379 383 3452 pronuntiat,
405 3379 437 3433 iis
453 3378 664 3441 accessionibus.
688 3395 756 3452 quae
771 3378 1033 3453 numileguntnr,
1059 3383 1139 3452 filum
1161 3395 1213 3436 seu
1228 3385 1395 3436 contentum
1411 3398 1480 3436 ora·

212 3467 295 3519 tionis
309 3479 480 3535 sensumque
494 3467 643 3535 intercipi,
660 3480 720 3519 cum
735 3463 806 3520 bona
820 3465 905 3539 ipsius
920 3465 1005 3528 venia,
1023 3482 1075 3538 qua
1091 3473 1118 3520 et
1140 3463 1212 3520 addit
1233 3466 1331 3538 „quod
1345 3467 1411 3521 otiis
1426 3480 1479 3521 cec-

211 3549 395 3603 uminandum
410 3550 450 3604 ad
462 3551 580 3604 meliora
592 3564 762 3621 properans
776 3548 937 3622 relinquo“,
955 3551 1169 3613 examinavimus,
1183 3558 1210 3605 et
1222 3551 1307 3624 ipsius
1319 3551 1481 3623 pronuntia·

211 3642 268 3688 tum
284 3633 399 3688 hominis
411 3633 521 3689 nimium
538 3633 690 3690 festinantis
706 3651 767 3692 esse
782 3633 963 3708 probavimus.
1000 3634 1186 3709 Nequidquam
1200 3636 1288 3696 etiam,
1304 3633 1399 3691 saltem
1415 3642 1481 3709 post

210 3718 381 3773 emendatum
402 3718 506 3781 locum,
529 3721 719 3783 autumaverit,
743 3723 915 3776 recentioris
937 3721 997 3775 stili
1012 3720 1121 3792 fuisse,
1144 3722 1221 3793 quod
1234 3721 1354 3775 numll
1380 3719 1481 3776 dicitur

211 3804 376 3858 Arnbrosius
394 3804 549 3860 Theodosio
566 3807 995 3877 communionemsuspendisse.
1017 3803 1101 3860 Verba
1118 3804 1171 3860 loci
1186 3803 1267 3875 hujus
1283 3822 1315 3860 cx
1332 3822 1396 3860 mss.
1415 3805 1481 3861 iler-

212 3889 377 3943 manensium
393 3885 445 3943 fide
461 3905 492 3943 ea
507 3897 585 3944 sunt:
601 3892 770 3947 Ambrosius
779 3890 1004 3947 Mediolanensis
1016 3893 1156 3947 sacerdos
1171 3893 1314 3947 ecelesiae
1336 3893 1481 3964 majorem

217 3973 402 4030 Theodosium
431 3976 635 4045 imperatorem
657 3996 675 4032 a
699 3980 893 4032 communione
914 3977 1028 4047 publice
1051 3978 1208 4050 palamque
1234 3977 1383 4047 suspendit
1389 4000 1398 4039 ,·
1427 3992 1480 4049 qua

213 4047 342 4131 loquendi
358 4059 462 4114 ratione
478 4059 543 4115 nibil
560 4070 602 4115 est
620 4060 718 4117 Gelasii
734 4069 821 4117 aetate
838 4061 973 4116 usitatius.
1011 4061 1131 4134 Namque
1146 4063 1173 4116 iu
1189 4060 1326 4116 breviculo
1350 4061 1480 4117 historiae

213 4140 402 4216 Eutyclrianae,
419 4143 492 4217 quod
508 4161 522 4197 a
539 4144 644 4201 Gelasio
660 4145 780 4201 nondum
796 4144 924 4220 pontifice
940 4163 1009 4202 anuo
1025 4146 1087 4203 486
1103 4145 1263 4201 adornatum
1278 4145 1398 4201 creditur
1417 4144 1481 4218 (Ge-

214 4227 262 4282 las.
281 4235 359 4283 tract.
372 4226 401 4300 l),
425 4229 540 4303 legimus
557 4247 630 4286 mun.
641 4231 695 4286 10:
711 4232 753 4286 Ab
773 4234 850 4287 itlius
872 4235 1089 4303 confirmatione
1100 4249 1183 4303 papa
1199 4246 1359 4303 suspensus
1373 4239 1432 4294 est,·
1452 4240 1478 4286 et

214 4329 286 4368 num.
304 4312 356 4369 13:
386 4314 471 4386 Papa
487 4315 585 4370 babitu
603 4317 709 4388 synodo
735 4317 852 4372 Vitalem
868 4324 895 4371 et
910 4317 1050 4372 Misenum
1067 4318 1104 4373 ab
1119 4317 1218 4389 officio
1241 4322 1269 4371 et
1284 4321 1480 4372 communione

212 4400 371 4469 suspendit.
400 4397 461 4472 lpse
477 4397 551 4454 Felix
567 4417 609 4474 ep.
619 4401 655 4456 11
674 4400 728 4456 n.3
744 4400 850 4457 scribit:
875 4402 993 4457 Vitalem
1009 4409 1096 4475 atque
1112 4400 1252 4458 Misenum
1267 4419 1286 4456 o
1301 4403 1482 4458 sacerdotali

213 4487 330 4557 callepio
346 4490 373 4539 et
388 4489 582 4541 communione
598 4486 806 4557 suspendimus.
830 4485 936 4542 Lectori
952 4503 1046 4542 sumus
1062 4495 1089 4542 et
1104 4488 1131 4542 iu
1144 4487 1233 4561 Vigilii
1249 4503 1332 4560 papae
1348 4487 1428 4561 epist.
1440 4486 1479 4543 19

144 4570 147 4579 “
213 4568 282 4625 n.3:
308 4569 347 4625 Tc
367 4584 480 4643 quoque
495 4569 657 4626 Menam...
679 4578 706 4626 et
722 4588 771 4628 ros
786 4574 943 4629 orientales
1018 4573 1125 4628 tamdiu
1143 4591 1160 4627 a
1176 4588 1266 4628 sacra
1282 4576 1481 4630 communione

213 4690 325 4699 *n-
341 4694 347 4698 .

215 4812 221 4823 ·
283 4748 302 4815 ¹)
322 4745 434 4802 Scilicet
449 4747 499 4802 illu
515 4755 572 4802 nb
596 4753 649 4803 Nee
665 4757 743 4818 plane
765 4762 874 4806 tacemus
892 4755 953 4817 etc,
976 4752 1006 4805 el
1028 4756 1082 4807 Sed
1102 4773 1149 4807 nee
1170 4758 1214 4807 itta
1230 4756 1401 4822 praeterimus
1417 4752 1482 4821 elic,

213 4813 296 4882 idque
315 4814 367 4869 hae
378 4814 569 4885 discriptione:
589 4821 685 4886 Incipit
695 4825 821 4873 sententia
830 4841 915 4889 papae
927 4826 1029 4881 (letarii,
1048 4827 1116 4891 quod
1126 4827 1201 4876 sedes
1222 4828 1363 4890 apostolica
1375 4827 1482 4876 omnimo

213 4888 292 4952 lipom
311 4889 448 4939 dissolvere
465 4891 604 4953 poscituri
620 4892 755 4956 episcopos
771 4909 821 4957 per
839 4892 1005 4948 Dardaniam,
