3412 5664
339 323 402 388 774
780 335 807 383 s.
826 333 1033 382 noanrsnss
1056 330 1170 380 aaran

209 509 244 572 (a,
257 505 326 569 516.)
340 493 399 557 sub
422 490 591 556 velocitate
614 488 769 553 remittite
791 490 976 573 portantem
998 487 1161 553 doctrinas
1184 489 1308 551 vestras
1331 484 1503 572 apostolicas.
1530 495 1561 557 tt

339 600 403 661 alia
424 615 531 660 manu:
555 591 752 656 Incolumem
774 612 826 654 me
848 610 920 673 ora,
945 589 1148 654 sanctissime
1170 592 1264 674 pater
1286 589 1427 674 patrum!

424 695 496 781 Ego
513 694 681 759 Johannes
705 693 871 777 episcopus
893 692 1052 777 rursus¹²)
1075 691 1186 756 retuli:
1208 691 1405 757 Incolumam
1426 713 1465 757 me
1480 696 1561 760 oraio

340 798 489 881 Domino,
514 796 715 861 sanctissime
739 817 777 859 ac
798 793 983 859 beatissime
1005 796 1098 878 pater
1119 795 1267 879 patrum!

405 899 497 985 ‹Ego
518 897 705 963 Matthaeus
727 897 895 982 episcopus
918 895 1095 982 Butroti¹³)
1118 895 1225 961 retuli.

424 1000 497 1086 Ego
513 999 746 1067 Constantinus
762 999 929 1084 episeopus
945 997 1262 1084 Hacnanopoleos¹⁸)
1283 997 1394 1063 retuli:
1415 997 1562 1064 incolumen

341 1105 375 1168 in
397 1102 536 1167 Domino
558 1124 609 1166 mc
631 1123 702 1185 ora,
727 1101 929 1165 sanctissime
952 1122 989 1165 ae
1011 1100 1196 1165 beatissime
1217 1102 1312 1185 pater
1333 1101 1463 1185 patrum!

425 1204 498 1289 Ego
521 1202 744 1270 Christodorus
767 1203 936 1287 episeopus
960 1201 1175 1288 Aneiasmi¹³)
1199 1200 1306 1267 retuli.

427 1305 499 1391 Ego
521 1304 666 1370 Hilarius
688 1306 856 1390 episeopus
878 1303 1076 1389 Photioesffl)
1099 1302 1205 1368 retuli.

350 1455 354 1463 -
427 1408 499 1494 Ego
521 1407 691 1492 Philippus
714 1406 881 1492 episcopus
903 1405 1106 1471 Photicensis
1128 1405 1233 1471 retuli.

429 1509 502 1596 Ego
523 1509 674 1574 Julianus
697 1509 865 1593 episcopus
887 1507 1037 1573 Dodones
1059 1508 1166 1573 retuli.

430 1611 502 1697 Ego
525 1609 724 1696 Chrysippus
748 1612 915 1697 episcopus
938 1609 1131 1696 Cercires¹⁷)
1154 1609 1260 1675 retuli.

850 1796 1033 1901 Epistola
1059 1797 1113 1881 17.

207 1936 330 2069 ῗῇᾗζέ
387 1950 600 2018 Hormisdae
623 1967 733 2034 papae
755 1950 799 2017 ad
821 1949 1021 2017 Johannem
1042 1949 1332 2033 Nicopolitauum
1355 1950 1533 2033 episcopan

381 2090 455 2141 Illius
477 2091 633 2142 commendat
653 2091 816 2141 humilitatem
838 2106 869 2140 ao
887 2091 972 2154 fidem.
1009 2089 1102 2155 Carpit
1123 2104 1181 2148 eoa,
1204 2092 1249 2156 qui
1269 2091 1423 2142 concientia
1440 2086 1545 2141 auam
1572 2082 1619 2149 pli

376 2177 453 2238 fidem
469 2191 540 2226 suam
556 2175 636 2226 litere
652 2178 772 2240 profiteri
788 2191 839 2226 aon
856 2177 960 2226 amnt.
987 2172 1041 2234 Quo
1058 2175 1150 2226 ordine
1167 2175 1312 2241 recipiendi
1326 2176 1378 2226 aar
1395 2171 1544 2241 pausae

801 2262 866 2311 amm
886 2265 1055 2320 revertuntur,
1073 2267 1163 2311 monet.

498 2391 900 2458 HormisdaJohanni
923 2390 1425 2491 episcopoNioopolitano.
1449 2391 1567 2458 Pertr-

593 2498 712 2561 fiuum
734 2500 945 2560 diaconum.

309 2709 312 2714 ‚
435 2618 462 2678 l.
501 2613 612 2679 Gavisi
639 2636 748 2678 snmus
775 2615 810 2679 in
832 2613 971 2679 Domino
998 2612 1107 2696 valde,
1141 2613 1243 2678 frater
1265 2612 1442 2696 canusima,
1470 2606 1568 2692 aooeplb

347 2716 465 2781 litteris
486 2716 562 2799 tuis,
585 2716 621 2780 in
643 2716 758 2801 quibus
780 2719 813 2781 te
828 2715 987 2801 profiteris
1002 2715 1216 2780 sacerdotium
1232 2713 1294 2780 Dei
1307 2714 1416 2800 gratia
1429 2711 1568 2824 smoepisse

348 2817 438 2882 Haec
460 2817 538 2882 fides
561 2820 665 2901 certa,
695 2818 775 2882 haee
802 2839 875 2902 spes
901 2817 970 2882 sine
999 2816 1211 2903 ambiguitate
1240 2838 1369 2900 secura,
1396 2838 1456 2901 qua
1474 2812 1570 2881 emdbt

417 3023 449 3090 ¹²)
466 3021 532 3076 Ideo
550 3040 650 3083 rursus,
675 3019 742 3088 quia
759 3019 933 3091 superiorem
953 3019 1069 3091 proprio
1088 3018 1199 3075 nomine
1216 3018 1342 3075 miserat.
1378 3019 1519 3075 subnexam
1530 3025 1572 3068 να)

349 3122 474 3175 precem,
500 3109 651 3161 Incolumes
668 3126 705 3160 rae
724 3126 772 3160 ora
789 3106 841 3160 etc.
860 3104 906 3159 hic
924 3105 953 3158 et
969 3103 1085 3159 haserius
1102 3103 1203 3159 Baton.
1223 3104 1367 3175 expungit

418 3192 449 3257 ¹³)
467 3192 494 3243 a¹
513 3193 634 3246 Baeror'tr'.

418 3277 449 3343 ¹⁴)
467 3273 629 3343 Legendum
646 3273 758 3329 videtur
775 3279 1010 3342 Hadrianopoleos.
1048 3272 1130 3329 Certe
1153 3272 1255 3329 litteris
1272 3274 1464 3345 episcoporum
1478 3268 1573 3342 prift

350 3360 417 3415 teris
440 3359 477 3414 ad
498 3359 620 3414 Leonem
638 3359 710 3428 Aug.
734 3359 839 3426 (concil.
866 3357 1031 3414 Calchedon.
1055 3377 1082 3428 p.
1102 3359 1155 3425 111,
1177 3377 1204 3413 n.
1224 3365 1257 3414 38
1280 3358 1368 3414 narn
1387 3360 1425 3425 11,
1447 3360 1498 3425 765)
1515 3350 1575 3408 urla

351 3451 581 3513 llaoaaaopoleos.
599 3444 649 3499 sed
666 3449 872 3512 Hadrianopolis
890 3443 1038 3514 episcopus
1055 3442 1194 3514 Hypatius
1212 3443 1410 3510 subscribitur,
1431 3456 1508 3511 euque
1520 3433 1575 3492 batt

352 3547 385 3585 ex
403 3528 653 3599 subscriptionibus
673 3528 768 3583 concil.
789 3527 955 3583 Calchedon.
974 3530 1027 3582 act.
1047 3534 1064 3582 4
1081 3527 1178 3595 (Haud.
1196 3529 1235 3596 ΙΙ,
1253 3533 1315 3596 393)
1333 3529 1510 3584 confirmatur.

420 3615 451 3682 ¹⁵)
468 3614 488 3668 b
501 3618 652 3677 Anaasmr'r',
671 3616 698 3668 a¹
712 3618 858 3667 Aneiasma.
889 3613 920 3667 ln
938 3627 1002 3666 mox
1020 3611 1096 3668 dieta
1113 3618 1208 3668 summ
1225 3613 1348 3684 epistola
1363 3613 1401 3669 ud
1417 3610 1577 3673 mouent*

350 3699 454 3768 legitur
473 3704 609 3753 Anciaemt.
651 3697 687 3752 Et
708 3697 737 3751 in
760 3695 1010 3768 subscriptionibus
1033 3696 1129 3752 concil
1149 3695 1317 3755 Calchedon.
1336 3700 1391 3755 act
1408 3697 1447 3753 IV
1467 3688 1580 3766 (nath

352 3790 401 3838 39³
420 3785 491 3838 conl.
511 3788 571 3852 765)
587 3777 763 3853 Ἀγχιασμοῦ.

421 3870 451 3936 ¹⁸)
470 3866 637 3937 Coniectura
654 3870 708 3930 est,
731 3867 777 3922 hic
794 3866 996 3923 restituendum
1013 3883 1072 3923 esee
1090 3872 1231 3924 Phoenices
1249 3868 1280 3922 et
1301 3884 1367 3923 mox
1385 3872 1526 3928 Phrerraria.
1541 3863 1584 3917 1⁰⁰⁰

353 3958 525 4008 Pharioeua's:
547 3954 579 4007 ut
599 3952 729 4008 nimirum
752 3952 895 4007 consensio
918 3951 954 4006 sit
975 3970 1038 4007 cum
1059 3951 1179 4023 epistola
1199 3950 1317 4008 laudata
1339 3952 1377 4009 ad
1397 3953 1513 4009 muers
1531 3952 1589 4018 hap.

354 4037 397 4092 cui
417 4035 596 4092 subscribunt
616 4037 781 4093 Valerianus
805 4041 957 4092 Phoenicius
979 4039 1009 4093 et
1025 4036 1147 4093 Didacus
1170 4042 1275 4093 Ptocae
1297 4037 1397 4106 (llard.
1422 4040 1554 4093 wouh

355 4125 484 4191 Ptolicee)
502 4121 632 4192 episcopi.

423 4209 455 4274 17)
472 4205 522 4260 Ed.
541 4211 666 4277 Conprue.
703 4212 817 4276 Corcyra
835 4208 928 4261 autem
947 4207 1099 4262 secundum
1115 4208 1225 4262 veteres
1242 4207 1379 4264 libraret
1396 4224 1497 4279 ςηοω
1509 4212 1601 4279 Germ

354 4292 461 4348 ‹lioitm
498 4291 542 4346 lta
563 4293 611 4360 qui
629 4292 763 4362 epistolas
781 4291 817 4346 ad
835 4291 957 4347 Leonem
974 4292 1046 4362 Aug.
1070 4290 1221 4347 subscribit
1241 4290 1405 4348 soterichus
1422 4298 1562 4366 ονομα.
1575 4310 1605 4349 a*

354 4378 475 4431 cundum
492 4394 542 4431 ms.
560 4376 641 4432 Corb.
661 4375 821 4431 scribendus
839 4378 881 4431 est
893 4381 1022 4447 Corcyrae
1039 4383 1189 4447 episcopus,
1208 4377 1350 4447 quomodo
1369 4380 1401 4434 et
1417 4378 1610 4437 internaliter}

354 4461 464 4533 ptionee
476 4464 529 4516 aet.
543 4467 560 4515 4
577 4461 672 4516 concil.
687 4461 853 4517 Calchedon.
874 4461 970 4529 (Hasd.
983 4463 1023 4529 11,
1035 4466 1096 4529 399)
1109 4457 1266 4526 ἐπίσκοπος
1279 4458 1432 4534 densim
1449 4482 1550 4537 graece
1558 4464 1615 4537 legi

354 4548 407 4602 tur.
445 4546 543 4602 Obiter
560 4546 691 4613 observo,
708 4546 737 4601 in
755 4545 871 4602 concilio
884 4546 1104 4604 calchedonensi
1120 4549 1206 4603 actl
1224 4546 1321 4615 (Hora
1340 4548 1383 4617 11,
1401 4554 1467 4621 399)
1483 4550 1618 4609 interut»

355 4630 520 4703 scriptiones
537 4630 730 4702 episcoporum
748 4630 826 4702 Epiri
842 4630 946 4687 veteru
968 4632 1026 4703 legi
1047 4631 1135 4689 uuna
1152 4632 1316 4705 episcopum
1334 4637 1561 4708 Eutoejgraeee
1576 4632 1619 4695 Bi

356 4719 452 4786 βοίας,
476 4719 505 4771 et
525 4716 554 4770 in
575 4716 691 4772 laudata
712 4717 831 4787 epistola
850 4717 886 4772 ad
904 4717 1026 4774 Leonmn
1043 4719 1114 4788 Aug.
1134 4717 1298 4789 episcopum
1316 4722 1453 4778 sm
1471 4723 1617 4781 memorui

356 4801 384 4854 in
401 4801 444 4855 his
461 4803 556 4856 autem
573 4802 653 4868 locis,
669 4802 806 4871 Procopio
825 4803 951 4870 auctore,
969 4802 1017 4872 qui
1035 4807 1164 4859 Eurotam
1175 4802 1255 4875 Epiri
1272 4803 1424 4863 civitatem
1443 4824 1463 4863 a
1480 4808 1619 4868 sananim

357 4887 517 4958 reparatam
535 4886 635 4954 tradit,
653 4903 753 4959 graeco
773 4883 915 4958 Εὖροίας,
934 4887 1021 4946 latine
1039 4891 1160 4945 Eusene
1177 4887 1388 4946 taunacum
1406 4909 1480 4951 ens.
