3412 5664
308 303 371 369 994
747 319 999 370 5555511515
1024 319 1139 368 rarae

917 489 960 554 H.

309 620 337 656 n.
346 599 407 656 514
423 608 507 673 temp.
526 607 654 657 autumn.
697 598 830 655 Caesarii
842 599 1022 656 Arelatensis
1036 600 1076 655 ael
1089 600 1276 656 Hormisdam
1289 619 1344 672 pro
1359 604 1544 674 confirmatione

459 682 825 758 [511511511115515111111
835 687 1002 756 puellarum
1014 687 1123 755 petitio.

394 787 505 843 birectis
521 786 552 842 ad
568 784 735 842 hormisdam
752 785 851 841 litteris
872 780 981 842 sanctus
996 784 1135 841 Caesarius
1157 785 1301 849 indicavit,
1325 803 1354 842 sc
1375 792 1403 844 iu
1417 789 1547 847 Arelatensi

309 874 433 928 ecclesia
449 888 539 945 saper
553 875 726 928 clericorum
741 878 768 926 ct
783 872 988 927 monachorum
1004 872 1146 927 excubias
1161 879 1322 928 consuetas
1334 876 1486 945 puellarum
1497 893 1544 948 yso

309 974 364 1030 quc
379 958 435 1013 Dei
447 961 559 1013 nouiter
574 958 677 1013 eboros
691 960 857 1025 instituisse,
879 955 1070 1030 poscebatque.
1095 964 1125 1010 ut
1139 960 1169 1012 in
1182 956 1326 1030 praefato
1346 961 1494 1029 puellarum
1504 979 1544 1016 55

309 1046 436 1098 mosterio
452 1044 560 1097 nullam
571 1048 742 1113 potestatem
757 1056 944 1097 successores
958 1041 1131 1114 quaudoque
1152 1042 1372 1114 ipsius,babere
1383 1047 1487 1115 penitus
1495 1063 1544 1115 prr·

240 1122 244 1130 '
309 1130 505 1183 mitterentur.-
521 1133 664 1199 quatenus
678 1126 887 1183 sacrataellco
902 1129 1027 1200 oiryines
1042 1127 1078 1182 ab
1094 1130 1170 1182 omni
1183 1129 1380 1199 inquietudine
1395 1131 1435 1183 oet
1448 1132 1544 1185 adalia

309 1213 458 1267 absolutae
473 1215 656 1284 omnipotenti
669 1212 730 1267 Deo
750 1212 849 1267 liberis
869 1211 1009 1267 meatibus
1029 1213 1286 1284 ualerentjuyiler
1304 1212 1450 1284 famulari.
1483 1214 1544 1268 Simul

308 1295 406 1351 ibidem
421 1295 575 1369 postularit,
592 1305 622 1351 ut
637 1295 758 1369 pontifex
774 1296 960 1352 uenditionem
981 1294 1013 1350 ab
1028 1296 1090 1369 ipso
1105 1297 1345 1370 donationemque
1365 1299 1393 1353 ia
1407 1302 1545 1354 monasterio

309 1383 474 1438 earumdem
484 1384 652 1453 puellarum
668 1388 735 1437 ante
753 1380 868 1454 factam
883 1396 931 1435 sua
947 1384 1122 1437 auctoritate
1137 1380 1289 1445 roboraret,
1311 1381 1441 1453 adjiciam,
1460 1399 1483 1438 se
1498 1399 1544 1454 spe·

309 1481 394 1536 rare,
416 1472 447 1522 ut
462 1469 725 1523 ecclesiasticorum
747 1467 883 1522 alienatio
899 1467 1089 1537 praediorum
1110 1483 1166 1521 non
1181 1474 1421 1537 praesumeretur
1439 1470 1465 1523 in
1474 1476 1543 1540 porte·

309 1569 373 1606 rum
399 1553 475 1607 sedis
501 1552 679 1622 apostolieae
703 1552 857 1607 interdicta
883 1553 1008 1608 decretis
1033 1549 1137 1621 (llorrn.
1160 1551 1241 1625 epist.
1256 1551 1319 1609 150
1339 1552 1395 1606 ml
1416 1559 1442 1607 et
1455 1550 1487 1624 3).
1519 1551 1544 1606 11

310 1644 439 1707 tempore,
456 1652 511 1709 quo
526 1637 626 1709 scripta
641 1636 707 1691 haec
722 1635 844 1710 epistola,
861 1635 927 1691 nihil
949 1636 1015 1690 certi
1031 1636 1114 1691 statui
1129 1643 1231 1708 potest.
1274 1634 1363 1704 Quum
1383 1643 1462 1693 tamer
1479 1653 1545 1692 5555

308 1721 421 1776 sterium
442 1719 508 1776 illud
529 1720 678 1793 puellarum
700 1719 755 1791 jam
782 1722 852 1776 circa
877 1735 975 1776 atinum
997 1719 1058 1776 512
1085 1737 1099 1775 a
1119 1720 1242 1777 Caesario
1270 1721 1408 1777 conditum
1432 1720 1544 1793 5111511.

309 1806 389 1878 epist.
405 1805 465 1862 150
480 1814 538 1861 not.
554 1803 594 1877 3),
617 1821 679 1861 mox
692 1813 755 1879 post
770 1813 892 1877 acceptas
907 1802 940 1859 ah
955 1803 1095 1860 llormisda
1117 1804 1298 1862 ordinationis
1320 1806 1418 1862 indices
1432 1808 1545 1880 ereupu'o

308 1906 370 1945 aem
385 1897 413 1946 et
427 1887 657 1947 confirmationem
672 1891 751 1946 istam
766 1891 877 1963 petitam
893 1905 953 1946 esse
968 1889 1115 1945 verisimile
1130 1898 1183 1947 est.

917 2015 977 2082 III.

310 2146 337 2184 a.
351 2126 412 2183 514
428 2129 455 2184 d.
474 2126 513 2185 28
528 2129 599 2184 Dec.
654 2129 791 2185 Vitaliani
803 2130 934 2201 mayistri
947 2128 1064 2183 militum
1085 2128 1126 2183 ad
1138 2127 1324 2184 Hormisdam
1340 2129 1376 2184 de
1389 2128 1548 2184 mittendbol

460 2214 599 2286 synodum
614 2213 842 2270 Heracleensem
855 2215 961 2286 leyatis
972 2227 1089 2284 preces.

393 2313 428 2369 Ut
448 2313 529 2370 rebus
553 2315 580 2369 in
601 2313 751 2389 desperatis
773 2315 928 2370 Anastasius
951 2312 1102 2384 J'uraverat,
1130 2313 1275 2370 concilium
1292 2313 1546 2371 Hemcleeusesalteu

310 2397 495 2455 fraudulenter
509 2400 611 2473 agitare
626 2400 730 2473 coepit,
757 2416 875 2473 suasque
896 2415 984 2455 sacras
1000 2397 1110 2454 Romam
1131 2398 1291 2463 mittendas,
1318 2399 1414 2473 quihus
1432 2397 1546 2475 papaual

310 2481 376 2539 illud
400 2485 525 2539 invitaret
541 2483 644 2556 (llorm.
661 2485 741 2558 epist.
755 2482 793 2556 1),
815 2483 979 2557 Theophane
994 2483 1142 2557 chronogr.
1158 2483 1292 2558 pag.l38
1308 2483 1547 2557 (scaunistrat

309 2569 360 2641 ipsi
378 2564 507 2625 vitaliano
525 2567 642 2624 tradidit.
680 2567 730 2636 Qui
746 2575 870 2640 accepta
892 2569 929 2624 ab
945 2572 1121 2640 imperatore
1134 2571 1253 2625 licentia
1275 2585 1345 2626 suos
1360 2572 1399 2626 ad
1409 2569 1547 2643 popualu

310 2656 398 2708 mines
418 2653 585 2723 destinauit,
615 2655 661 2727 qui
682 2653 762 2709 simul
784 2655 907 2728 proprias
928 2651 1048 2724 ejusdem
1070 2652 1174 2709 litteras
1188 2651 1300 2710 Romam
1320 2654 1490 2729 pertulerunt.
1523 2651 1548 2707 lli

310 2737 455 2794 Vitalianus
472 2746 564 2812 aperte
579 2737 737 2800 declaravit.
755 2737 806 2793 sibi
822 2738 854 2793 ad
869 2737 896 2794 id
911 2740 1055 2795 licentiam
1071 2740 1108 2794 ab
1122 2743 1299 2810 imperatore
1313 2742 1424 2812 datam,
1444 2738 1548 2811 51155151

309 2821 341 2877 51
357 2822 409 2879 hoc
424 2822 559 2879 addictum
575 2839 643 2887 esse,
670 2832 710 2886 ut.
731 2827 757 2880 si
770 2830 906 2896 speraret
925 2843 943 2879 a
960 2824 1120 2880 beatissimo
1131 2841 1216 2896 papa
1237 2831 1270 2880 ut
1286 2842 1343 2897 pro
1359 2829 1454 2882 155111
1472 2824 1550 2881 talibas

310 2909 391 2979 apud
404 2924 467 2964 eam
482 2909 687 2965 discussionem
703 2923 822 2974 causae,
838 2909 885 2964 bis
898 2911 1039 2981 personis,
1056 2909 1159 2981 quibus
1173 2911 1288 2967 deloco
1301 2919 1400 2982 posset
1414 2925 1470 2968 esse
1482 2912 1548 2964 istm·

311 2996 357 3063 tio,
374 2997 488 3068 inleyra
504 2997 596 3050 amaia
611 3001 802 3051 servarentur
816 2991 920 3066 (llorm.
937 2993 1045 3067 551517
1062 3010 1088 3048 n.
1103 2993 1121 3051 3
1138 3001 1165 3049 et
1181 2992 1222 3066 5).
1262 2993 1297 3050 lJt
1312 2997 1398 3069 igitur
1411 2993 1515 3070 5511115
1525 3007 1549 3046 u

310 3077 343 3132 ad
364 3079 508 3134 concilium
528 3079 620 3134 venire
639 3077 847 3153 dedignaretur,
874 3078 982 3134 institit.
1030 3076 1104 3145 Quae
1125 3079 1240 3152 epistola
1261 3079 1355 3136 eadem
1377 3097 1427 3155 qua
1447 3078 1549 3135 15511511

310 3161 412 3233 (llorm.
430 3164 508 3237 epist.
520 3161 548 3235 1)
564 3163 699 3237 legatione
713 3165 885 3226 transmissa.
901 3162 996 3219 eotlem
1012 3179 1121 3237 quoque
1138 3172 1270 3238 tempore,
1286 3166 1305 3222 1.
1319 3182 1344 3222 5.
1363 3161 1549 3221 11515511

310 3263 334 3302 5.
347 3247 418 3312 514,
434 3247 496 3304 data
511 3264 571 3304 esse
586 3257 705 3322 apparet.

915 3375 962 3442 IV

310 3505 338 3542 a.
352 3486 413 3542 514
429 3488 457 3543 d.
475 3486 514 3544 28
530 3488 600 3543 Dec.
646 3487 860 3559 Episcoporum
874 3487 1091 3557 Dardanorum,
1108 3487 1296 3560 Illyricorum
1311 3495 1341 3546 et
1356 3488 1513 3563 Scyllam
1524 3485 1551 3540 51

462 3572 645 3628 llormisdam
656 3589 714 3644 pro
729 3574 912 3644 impetranda
928 3575 1123 3630 communione
1137 3575 1254 3646 leyalio.

397 3672 537 3728 llormisda
557 3690 581 3729 a.
603 3672 630 3728 d.
646 3672 680 3727 lll
695 3673 756 3728 ldus
772 3673 944 3746 Septembres
966 3690 989 3728 a.
1007 3673 1069 3731 515
1091 3672 1123 3729 ad
1138 3673 1291 3730 Caesarium
1312 3675 1485 3731 1151515155
1501 3672 1550 3729 sai

311 3758 376 3813 bens
386 3756 489 3829 (llorm.
503 3757 610 3831 551119
624 3756 695 3829 md),
712 3761 849 3831 episcopi,
872 3760 917 3822 511,
939 3767 997 3815 tam
1012 3759 1148 3815 Dardani
1160 3777 1247 3832 quam
1262 3760 1379 3833 Illyrici
1393 3776 1465 3832 perte
1477 3771 1551 3816 55111

311 3859 365 3898 nec
380 3860 436 3898 noa
454 3842 580 3915 Scyllae
595 3858 724 3898 errorem
739 3845 902 3901 dominando
915 3847 1115 3916 praeteritum,
1128 3852 1262 3917 petentes
1277 3847 1356 3902 beati
1368 3847 1447 3901 Petri
1458 3850 1549 3917 555115

310 3931 402 3984 lorum
416 3931 560 4000 principis
575 3932 807 3998 communionem,
830 3937 857 3984 et
871 3932 990 4001 scriptis
1003 3935 1031 3985 et
1045 3931 1235 4004 tcyatioaibus
1253 3931 1404 3987 destinatis
1417 3946 1447 3985 re
1460 3935 1548 4001 oporto

308 4016 385 4068 liene
406 4013 482 4068 sedis
496 4015 604 4086 reyulis
619 4014 732 4070 obedire
747 4016 929 4086 confirmant.
970 4013 1056 4070 Simul
1070 4013 1207 4088 adjungit,
1228 4015 1443 4072 anathematizari
1456 4010 1551 4071 155151

309 4097 362 4152 illis
379 4097 542 4154 Nestorium
558 4140 613 4167 ...,
636 4099 789 4172 Eutychen
806 4141 863 4169 ...,
886 4100 1057 4156 Dioscorum
1076 4100 1309 4157 Menandrinum
1325 4143 1383 4171 ...,
1406 4100 1551 4157 timaeo

310 4183 460 4252 Aeburam,
487 4183 606 4239 Petrum
625 4185 853 4240 Alexandrinam
875 4193 901 4240 et
922 4185 1041 4241 Petrum
1056 4186 1280 4250 Antiochenam·
1309 4187 1384 4260 quod
1404 4187 1489 4259 utique
1505 4197 1552 4236 551

310 4267 398 4322 thema
414 4268 521 4340 scriptis
536 4267 644 4324 illorum
660 4266 761 4324 directe
775 4270 907 4325 inscrtum
925 4269 1008 4325 luisse
1023 4268 1186 4326 credendum
1198 4278 1250 4327 est.
1273 4269 1361 4328 Porro
1371 4287 1420 4345 per
1431 4269 1552 4343 Scythia·

310 4352 345 4406 ibi
361 4354 447 4408 notari
463 4352 598 4426 Scythiam
613 4352 749 4409 Ponticam
764 4353 796 4409 ad
811 4355 975 4428 provinciam
989 4353 1127 4410 Thraciam
1142 4355 1338 4428 pertinentem.
1359 4363 1432 4412 recte
1445 4354 1553 4411 1551111·

310 4438 363 4492 tius
379 4437 411 4492 ad
427 4438 567 4511 epistolam
584 4438 602 4494 9
618 4446 704 4493 notat.
739 4436 912 4513 Legatiouem
928 4447 1017 4495 autem
1038 4438 1111 4495 illam
1125 4439 1222 4496 eodem
1238 4446 1379 4516 tempore.
1401 4457 1455 4515 quo
1468 4437 1555 4495 hue

310 4539 374 4585 nus.
397 4524 496 4596 etipse
515 4523 617 4580 Thrae
633 4522 674 4578 vel
690 4522 799 4596 Scytha
820 4523 922 4587 dictus.
949 4540 1016 4582 suos
1036 4526 1077 4580 ad
1089 4525 1274 4582 Hormiadam
1288 4526 1416 4584 11515511
1428 4525 1556 4584 auaris

309 4606 412 4679 (llorm.
429 4609 508 4681 epist.
523 4609 540 4664 7
557 4626 584 4664 a.
598 4607 636 4677 3),
652 4609 670 4663 1.
684 4624 708 4662 c.
725 4607 893 4666 1115281155.
911 4610 972 4665 anni
987 4608 1048 4665 514
1064 4618 1110 4665 551
1124 4618 1199 4666 certa
1213 4611 1295 4686 paulo
1311 4619 1384 4686 post.
1400 4611 1492 4668 lactan
1503 4624 1558 4666 esse.

309 4691 380 4747 haud
396 4701 496 4748 temere
511 4692 694 4764 conjiciemus.
734 4692 787 4749 Nec
809 4693 875 4750 levis
896 4694 1013 4768 suspicio
1036 4695 1127 4758 adest,
1148 4694 1182 4750 ad
1197 4695 1318 4752 eamdem
1333 4698 1483 4772 5511111515.
1501 4692 1559 4770 quel

308 4777 486 4850 Theophanes
507 4779 653 4852 chronogr.
670 4795 696 4851 5.
711 4777 773 4836 250
788 4778 820 4833 ad
836 4796 859 4834 a.
873 4778 935 4837 508
950 4779 1014 4851 (1.5.
1031 4777 1105 4851 516)
1125 4781 1152 4836 15
1174 4780 1247 4836 huuc
1266 4781 1377 4838 modum
1399 4782 1497 4839 reiert:
1514 4784 1560 4854 epi

309 4878 396 4937 scopo
414 4864 664 4920 Thessalonicensi
683 4864 716 4919 ob
736 4867 921 4936 imperatoris
941 4872 1042 4921 metum
1064 4882 1128 4921 cum
1151 4865 1298 4924 Timotheo
1320 4866 1562 4943 murmurasti
