3450 5678
350 333 545 385 arrsronsa
568 328 586 384 6
609 336 798 386 errarunt.
843 333 1037 389 amasenus
1060 327 1091 385 7.
1114 327 1142 384 8.
1216 330 1222 347 '
1317 321 1379 388 697

115 492 276 554 certarnen
297 487 478 553 interimat!
520 488 655 555 Utinam
676 492 877 558 devotionem
898 514 1003 557 meam
1024 493 1059 555 in
1080 512 1159 576 pace
1181 490 1377 575 manifestet,
1391 506 1484 555 etot.

114 594 152 655 ut
173 590 263 675 cujus
286 590 426 655 studium
448 593 626 678 resignavit
648 594 840 678 adversitas,
869 594 954 660 illius
984 593 1153 659 concordia
1181 592 1380 659 commendet

113 692 315 777 obsequium!

198 794 228 859 2.
266 794 318 858 Ad
345 794 587 861 Marcellianum
614 798 796 884 episcopum
830 798 951 864 directa
984 802 1034 863 est
1061 822 1080 863 a
1107 798 1207 864 fratre
1216 798 1242 879 ¹)
1276 800 1381 863 vestro

114 897 273 960 instructa
293 895 429 982 legati03
452 897 507 962 sed
529 899 605 983 quid
626 900 831 985 promoverit,
855 900 924 985 ipse
946 899 1120 984 rescripsit.
1154 899 1378 983 Quaeremus,

113 997 269 1084 porrectis
291 997 494 1064 salutationis
515 997 629 1084 precor
650 1002 775 1086 officiis,
803 1006 839 1067 ut
860 1003 1012 1088 quidquid
1028 1024 1159 1089 aegrum
1174 1006 1233 1085 est,
1257 1002 1380 1068 medica

102 1099 258 1165 'oratione
281 1103 409 1186 curetis,
433 1105 465 1167 et
487 1101 572 1168 inter
594 1103 764 1169 latentium
786 1107 909 1170 secreta
931 1103 1123 1188 morborum,
1151 1103 1205 1189 qui
1228 1105 1262 1168 in
1284 1125 1379 1190 gene-

114 1201 215 1267 ralem
236 1223 347 1268 necem
370 1202 522 1289 salvatur,
545 1203 631 1270 ferro
653 1207 791 1293 spiritali
814 1206 965 1272 resecetis
986 1228 1136 1272 errorem.
1180 1204 1272 1271 Vale.

633 1393 815 1497 Epistola
840 1394 863 1476 8
889 1462 897 1488 ,

721 1546 770 1585 seu

10 1615 103 1681 pas.
198 1614 573 1700 Libellus¹)Johann1e
595 1623 746 1692 diaconi,
775 1638 879 1692 quem
899 1622 1026 1681 obtulit
1048 1626 1167 1681 sancto
1187 1637 1297 1694 papae
1393 1607 1519 1744 ἵδὸἕθθρξ

642 1726 854 1795 Symmacho.
1509 1719 1514 1729 '

200 1867 325 1936 Coelius
347 1869 512 1935 Johauues
535 1870 687 1935 diaconus
710 1870 863 1935 ecclesiae
885 1869 1060 1953 Romanae,
1090 1868 1143 1954 qui
1166 1890 1217 1934 me
1239 1870 1280 1934 ad
1302 1873 1381 1935 tem·

114 1993 175 2057 pus
197 1971 240 2037 ab
249 1970 397 2036 Ecclesia
418 1974 580 2057 separavi,
604 1993 782 2058 agnoscens
805 1993 943 2036 errorem
964 1992 1070 2036 meum
1091 1993 1184 2056 spero
1205 1972 1381 2038 misericor-

115 2073 201 2138 diam
229 2073 437 2139 beatitudinis
459 2078 584 2139 vestrae
612 2077 644 2138 et
671 2073 884 2159 redintegrari
912 2095 962 2137 me
995 2073 1129 2138 unitati:
1166 2075 1380 2159 consentiens,
1435 2120 1452 2155 a

115 2197 197 2260 quae
219 2176 403 2241 veneranda
424 2176 563 2261 synodus
581 2176 740 2261 judicavit
747 2175 773 2261 ²)
791 2179 888 2260 atque
903 2173 1081 2259 cpnstituit,
1105 2174 1381 2241 anathematizans

114 2275 247 2342 Petrum
268 2275 449 2343 Altinatem
471 2282 504 2343 et
525 2278 734 2342 Laurentium
755 2277 920 2342 Romanae
942 2276 1095 2343 ecclesiae
1116 2299 1319 2363 pervasorem
1350 2282 1382 2343 et

114 2377 363 2445 schismaticum.
408 2377 526 2454 Quodsi
549 2379 721 2465 aliquando
752 2378 870 2444 similia
896 2379 1135 2464 adtemptavero
1156 2380 1192 2444 in
1214 2400 1253 2445 ea
1274 2400 1381 2463 eausa,

116 2479 155 2546 de
178 2501 242 2566 qua
263 2481 390 2546 veniam
413 2481 485 2566 abi)
509 2482 690 2566 apostolatu
711 2485 818 2547 vestro
832 2480 944 2564 merui,
967 2484 1046 2546 tune
1061 2481 1295 2547 ecclesiasticae
1311 2483 1381 2546 snb

112 2582 242 2667 jaceam
255 2580 391 2650 ultioni!
416 2582 506 2659 Quod
528 2606 625 2649 mann
648 2605 719 2649 mea
740 2583 954 2668 perscriptum
969 2582 1070 2648 obtuli
1087 2584 1147 2649 sub
1161 2582 1212 2649 die
1226 2582 1305 2649 XIV
1318 2582 1382 2648 Ka-

116 2683 285 2750 lendarum
307 2683 496 2769 octobrium
517 2684 565 2749 Fl.
589 2686 728 2751 Messala
750 2685 819 2749 viro
842 2684 1018 2750 clarissimo
1041 2672 1179 2750 consule.

132 2861 149 2910 l
185 2857 206 2926 ¹)
223 2854 276 2910 ilie
297 2854 440 2926 designari
461 2856 544 2925 putat
561 2855 618 2909 Jac.
633 2854 795 2908 Sirmondus
818 2853 999 2908 Laurentium
1020 2853 1257 2909 Mediolanensem
1279 2854 1382 2924 episco-

114 2958 192 3013 pum,
210 2956 294 3010 quem
311 2940 348 2995 ad
364 2940 574 2995 Marcellianum
591 2938 796 3008 Aquilejensem
814 2955 865 3008 pro
883 2936 1050 3007 Symmacho
1071 2938 1225 3008 scripsisses
1243 2938 1380 2995 observat.

114 3026 236 3081 Rursum
252 3024 395 3080 Ennodius
412 3024 460 3079 lib.
475 3030 490 3078 6
509 3024 587 3095 epist.
602 3030 633 3078 31
652 3023 767 3093 (Symm.
787 3039 829 3093 ep.
845 3025 886 3089 19)
910 3021 946 3077 ad
966 3021 1117 3092 ipsummet
1135 3022 1330 3092 Symmachum
1348 3023 1383 3078 de

114 3109 257 3181 legatione
276 3110 374 3165 eadem
391 3109 432 3164 isa
449 3108 583 3177 loquitur:
603 3114 707 3162 Domine
725 3115 766 3168 mi,
782 3113 919 3175 famulatus
931 3112 979 3161 mei
989 3112 1150 3162 humilitatem
1162 3111 1284 3162 exbibens
1300 3128 1383 3177 parca

114 3202 141 3251 in
158 3200 275 3250 maxime
293 3201 433 3250 elocutione
451 3205 595 3255 contentus,
620 3198 682 3262 quid
703 3198 805 3246 domnus
828 3197 962 3261 episeopus
977 3197 1065 3259 frater
1086 3204 1171 3246 uester
1187 3213 1266 3260 cuper
1283 3198 1383 3247 directo
1418 3202 1421 3207 '

114 3285 244 3349 tepetione
260 3287 383 3341 senserit,
405 3284 611 3349 patefaciendum
632 3282 750 3346 praefati
770 3283 862 3331 titteris
880 3282 1035 3347 derelinquo.
1072 3275 1101 3330 Si
1119 3275 1180 3345 quis
1198 3280 1291 3331 autem
1308 3277 1382 3347 lega·

114 3364 199 3420 tionis
211 3364 294 3434 huius
305 3381 417 3420 cansam
430 3365 556 3433 quaerat,
573 3363 650 3417 illam
663 3361 797 3431 expiscari
814 3362 840 3416 ei
851 3361 917 3417 licet
934 3378 968 3416 ex
979 3360 1023 3415 hie
1036 3361 1160 3430 ejusdem
1171 3360 1292 3416 Ennodii
1308 3361 1383 3416 liht

115 3448 197 3522 epist.
211 3455 244 3505 29
262 3449 377 3520 (Symm.
397 3448 477 3520 epist.
493 3452 547 3517 18):
578 3452 746 3517 Inauspicata
768 3451 831 3501 bene
854 3453 886 3502 de
903 3452 959 3501 Deo
977 3450 1129 3502 merentibus
1146 3452 1213 3503 dona
1231 3451 1383 3502 tribuuntur.
1499 3438 1502 3443 ¹

118 3539 219 3606 lupuit
235 3554 349 3603 superna
367 3540 525 3603 dispensatio
543 3539 617 3587 etiam
635 3538 704 3603 quod
719 3538 866 3600 supplicare
889 3535 1029 3586 imunitar
1046 3551 1096 3586 non
1112 3538 1258 3601 praesumit.
1296 3537 1382 3601 Arno-

115 3629 206 3675 eerunt
223 3625 369 3675 adomsarii
384 3624 453 3674 sedis
471 3630 579 3680 uernae,
598 3637 647 3687 quo
663 3630 842 3687 propupnante
865 3623 1012 3672 uincantur:
1035 3621 1104 3686 quael
1118 3622 1236 3683 proxime
1253 3623 1285 3671 de
1303 3621 1383 3687 Aqui-

115 3710 210 3772 leiensi
222 3708 376 3774 Redemptor
393 3715 481 3759 noster·
493 3709 626 3759 reserauit.
655 3701 802 3757 Destinata
819 3703 862 3756 est
878 3700 964 3771 igitur
982 3701 1037 3756 ista
1052 3701 1165 3770 legatio,
1184 3704 1215 3756 ut
1226 3700 1383 3771 Aquilejeu·

115 3806 175 3844 sem
193 3787 355 3860 episcopum
377 3787 414 3843 ad
435 3787 571 3842 unitatem
594 3787 726 3843 reducere
744 3786 892 3853 niteretur,
918 3788 1002 3855 atque
1028 3785 1102 3840 hunc
1123 3786 1244 3841 fructum
1265 3786 1384 3843 feliciter

116 3875 230 3944 praeter
247 3890 325 3945 spem
344 3875 492 3928 consecuta
509 3875 559 3927 est.

132 3964 148 4013 8
185 3960 205 4028 ¹)
222 3959 267 4014 Ita
282 3957 483 4029 insumpserunt
500 3957 533 4011 B¹
546 3957 589 4011 1⁴⁸⁴.
624 3958 662 4011 At
680 3961 706 4012 0⁰
723 3962 857 4024 Profectio
874 3962 998 4012 lobannis
1018 3961 1129 4011 diaconii.
1170 3960 1270 4012 Coelius
1286 3962 1383 4013 totan-

116 4065 161 4099 nee
178 4049 246 4099 diac.
264 4051 327 4098 ecel.
346 4048 483 4100 Romanae.
519 4046 583 4108 Quia
600 4062 638 4097 me
656 4052 704 4096 etc.

183 4130 205 4197 ⁸)
223 4130 268 4184 Ita
284 4129 319 4183 l*d
332 4131 365 4183 cl.
396 4127 428 4181 Β1
441 4129 489 4182 K¹²
506 4134 634 4182 indicauit.
664 4126 794 4192 Quamvis
811 4125 840 4178 in
851 4125 978 4194 synodali
989 4126 1153 4194 constituto,
1173 4127 1246 4195 quod
1259 4128 1385 4199 superior

119 4213 198 4284 epist.
218 4222 235 4269 t>
253 4215 458 4283 repraesentat,
481 4213 515 4267 de
533 4213 609 4268 Petri
626 4212 757 4267 Altinatis
776 4210 954 4266 damnatione
973 4209 1041 4264 nihil
1057 4211 1182 4281 legatur,
1205 4228 1269 4266 eum
1288 4213 1384 4268 tamen

118 4304 184 4354 tuno
200 4297 365 4353 damnatum
382 4297 464 4352 fiisse
483 4314 516 4352 eo
535 4299 578 4353 est
593 4296 778 4367 probabilius,
797 4295 872 4365 quod
889 4295 950 4364 ipsa
962 4296 1083 4365 synodus
1100 4296 1129 4351 in
1147 4296 1262 4352 laudata
1275 4298 1354 4368 epist.
1369 4306 1384 4353 5

119 4400 143 4438 n.
161 4391 178 4439 3
196 4381 356 4453 Symmachi
373 4383 514 4452 approbet
530 4382 707 4452 petitionem,
727 4397 783 4449 qua
799 4380 960 4450 flagitabat,
979 4380 1074 4436 utiste
1086 4388 1214 4443 mutator,
1234 4389 1277 4452 qur·
1293 4394 1383 4438 contro
1421 4370 1425 4376 ⁴

119 4474 275 4540 relipiom,
302 4479 393 4523 eontra
414 4474 516 4537 reputas
542 4473 667 4535 rnajorum
690 4472 780 4534 (iterat
804 4472 962 4535 postulatio,
989 4465 1149 4522 diseederet.
1194 4466 1291 4535 Neque
1317 4485 1384 4522 vero

121 4551 300 4623 Symmachus
317 4552 346 4607 in
363 4553 455 4608 locum
473 4570 552 4607 suum
570 4552 623 4606 nisi
635 4553 725 4621 ejecto
738 4550 879 4606 visitatore
897 4549 945 4604 illo
958 4550 1067 4605 restitui
1084 4552 1205 4622 poterat.
1235 4551 1306 4606 Hinc
1317 4569 1384 4608 vero

121 4654 172 4692 non
189 4637 371 4692 Laurentium
388 4638 484 4704 modo,
508 4637 557 4691 sed
574 4637 727 4692 Altinatem
750 4637 834 4692 etiam
857 4635 1019 4706 episcopum
1036 4636 1134 4690 saltem
1157 4636 1193 4691 ad
1215 4653 1318 4690 annum
1335 4644 1385 4694 506

119 4722 175 4791 J'am
190 4726 355 4795 provectum
373 4722 401 4776 in
419 4721 566 4777 schismate
584 4720 737 4792 perstitisse
756 4727 928 4792 compertum
945 4721 1073 4776 habetur.

184 4812 206 4877 ³)
224 4810 250 4863 θ’
268 4813 339 4876 apud
355 4814 524 4880 apostolatum
541 4819 663 4874 oestrum,
681 4824 801 4877 moxque
813 4828 886 4862 manu
897 4827 952 4863 mea
965 4815 1098 4877 seriptum,
1118 4809 1147 4861 et
1159 4805 1264 4864 omittit
1276 4824 1338 4864 uum
1349 4807 1384 4864 F*

123 4896 159 4950 ll.
177 4896 254 4962 (anie
272 4896 406 4962 Messala).
