3412 5664
519 123 715 174 srrsroaan
737 113 789 172 98.
813 113 864 171 99.

565 310 749 415 apicula
775 312 822 394 99

667 464 716 502 seu

166 560 370 628 Exemplum
391 558 555 627 epistolae
576 557 766 615 Justinlani
788 559 832 613 ad
851 555 1069 642 llormisdam
1089 569 1221 626 papam.

14 726 29 741 .
89 692 157 742 Num
175 692 305 743 dicendum
321 691 367 745 sit.
394 706 466 739 unum
485 691 517 740 dc
538 689 664 739 Trinitate
683 689 766 752 fnisse
789 691 944 754 munsiaco.
982 689 1016 739 dt
1034 689 1143 752 Scyllas
1160 688 1294 740 nunccios
1322 718 1329 739 s

632 776 753 830 remittat.

143 908 191 976 Ut
211 909 397 995 plenissima
418 909 492 973 fidei
514 907 670 993 perfectio
692 908 838 973 doctrina
860 908 1068 973 beatitudinis
1090 910 1215 973 vestrae
1235 908 1328 973 nobis

51 1012 244 1097 proveniat,
267 1013 384 1076 iterum
399 1010 571 1096 Eulogium
592 1011 695 1075 virum
718 1014 883 1075 strenuum
906 1014 1056 1096 agentem
1077 1011 1114 1075 in
1128 1011 1223 1075 rebus
1234 1010 1330 1094 juxta

53 1113 141 1178 alias
150 1115 174 1200 ¹)
203 1135 314 1178 causas
348 1114 445 1178 etiam
479 1113 673 1198 haspropter
701 1113 889 1194 direximus,
924 1135 981 1197 per
1009 1135 1102 1198 quem
1131 1112 1233 1202 valde·
1249 1113 1329 1196 peti-

53 1238 141 1300 mus,
165 1219 202 1280 ut
223 1237 281 1301 per
302 1216 411 1281 omnia
433 1236 586 1299 responso
608 1214 806 1299 apostolatus
828 1215 925 1279 vestri
949 1215 1180 1299 circumspecto
1203 1217 1236 1279 et
1259 1236 1330 1279 cau·

54 1318 185 1383 tissime
206 1318 242 1382 in
265 1317 464 1382 confessione
487 1316 664 1382 catholicae
686 1317 760 1381 fidei
783 1316 997 1382 confirmetur.
1032 1316 1111 1382 Post
1132 1316 1231 1382 semel
1245 1316 1332 1382 enim

56 1420 171 1485 divina
199 1419 417 1485 misericordia
445 1419 597 1484 donatam
619 1419 783 1484 Ecclesiae
811 1417 987 1484 catholicae
1017 1419 1175 1484 unitatem
1203 1419 1332 1504 quidam

57 1524 212 1587 asserunt
233 1520 396 1588 Christum
417 1520 534 1585 Filium
556 1521 617 1586 Dei
638 1521 812 1586 Dominum
833 1523 979 1586 nostrum
1006 1542 1064 1606 pro
1091 1525 1203 1585 nostra
1229 1520 1332 1584 salute

59 1645 160 1689 carne
182 1623 367 1689 crucifixum
389 1645 489 1688 unum
511 1624 548 1688 de
563 1623 723 1688 Trinitate
743 1622 857 1687 debere
879 1622 1073 1707 praedicari:
1096 1622 1220 1708 quodsi
1236 1621 1333 1685 susci-

58 1724 215 1812 piendum
243 1725 300 1808 sit,
334 1729 471 1811 paterna
499 1724 680 1809 provisione
713 1724 893 1790 reverentia
923 1727 1030 1789 vestra
1063 1723 1247 1789 cautissimo
1277 1744 1334 1787 suo

60 1828 229 1912 rescripte,
254 1827 327 1912 quid
352 1827 440 1912 sequi
463 1826 578 1911 quidve
601 1848 696 1910 super
717 1825 778 1892 hoc
801 1826 921 1891 evitare
937 1825 1117 1910 debeamus,
1141 1847 1199 1891 nos
1222 1825 1333 1890 certio-

60 1951 134 1994 rare
163 1928 330 2014 dignatum
363 1929 514 2013 quoniam
541 1928 639 1993 verba
667 1928 816 1994 videntur
842 1927 949 1994 facere
977 1928 1223 2013 dissensionem,
1259 1950 1334 1994 narn

61 2031 209 2117 sensus²)
232 2031 318 2095 inter
340 2029 513 2095 catholicos
536 2052 646 2095 omnes
668 2053 752 2094 unus
773 2051 842 2095 esse
856 2031 1020 2114 probatur.
1051 2030 1211 2115 Imponite
1233 2030 1335 2116 igitur

1339 530 1375 596 (a.
1386 533 1436 583 519
1450 525 1476 580 d.

1349 602 1380 651 15
1390 595 1461 663 Oct.)

60 2132 156 2197 robis
178 2132 275 2197 semel
298 2135 482 2216 susceptum
503 2132 661 2215 laborem,
691 2135 802 2197 sancte
825 2154 863 2197 ac
885 2132 1078 2198 venerabilis
1099 2135 1208 2217 pater,
1238 2133 1356 2197 etiam'

60 2235 99 2300 in
122 2233 185 2299 hoc
205 2234 464 2319 praedecessores
487 2238 609 2299 vestros
632 2238 816 2319 sequentes,
845 2256 980 2319 quorum
1009 2236 1195 2300 memoriam
1217 2237 1251 2300 et
1271 2256 1336 2299 am-

62 2335 246 2422 plectimini
279 2340 311 2401 et
345 2336 504 2402 consortio
531 2336 737 2420 pontificatus
765 2336 903 2419 ornatis,
942 2340 974 2401 et
1001 2336 1129 2408 dehac
1156 2337 1337 2403 intentione

62 2438 184 2503 liberos
205 2442 455 2523 nosproperate
482 2439 613 2503 reddere
641 2440 674 2502 et
695 2460 832 2503 securos.
887 2438 958 2503 Hoc
981 2439 1067 2504 enim
1090 2439 1246 2505 credimus
1269 2460 1337 2503 esse

64 2539 277 2624 catholicum,
307 2540 390 2625 quod
411 2543 518 2605 vestro
540 2540 690 2625 religioso
718 2562 871 2624 responso
899 2541 991 2606 nobis
1012 2540 1113 2606 fuerit
1140 2541 1336 2606 intimatum.

64 2642 151 2719 Quia
176 2664 251 2707 vero
280 2641 399 2707 dictum
427 2645 476 2707 est
503 2641 668 2726 Scythicos
699 2643 872 2707 monachos
904 2641 966 2707 hac
999 2643 1123 2708 ratione
1158 2641 1199 2707 ad
1231 2641 1338 2707 sedem

64 2748 209 2809 vestram
230 2744 411 2827 accessisse,
435 2766 494 2829 pro
515 2745 689 2809 traditione
711 2747 839 2828 patrum
861 2748 894 2809 et
911 2745 1022 2809 ordine
1044 2744 1228 2831 regularum
1249 2766 1339 2829 prae·

66 2848 137 2912 bito
152 2846 199 2911 eis
213 2867 375 2931 response,
397 2846 480 2911 nihil
495 2847 704 2912 formidantes
711 2847 738 2933 ³)
754 2847 794 2911 ad
808 2869 866 2911 nos
883 2867 954 2911 cum
969 2847 1084 2911 vestris
1098 2846 1217 2911 litteris
1228 2846 1339 2930 jubete

67 2949 243 3014 remittere.
278 2946 418 3024 Quarum
441 2948 539 3013 etiam
562 2949 754 3032 exemplaria
777 2949 968 3034 consignata
989 2947 1153 3032 praedicto
1177 2949 1244 3013 viro
1262 2951 1340 3013 stre-

67 3072 135 3116 nuo
156 3049 294 3136 Eulogio
322 3050 391 3114 dari
418 3051 604 3135 praecipite.
655 3049 744 3115 Haec
773 3051 858 3115 enirn
885 3050 993 3114 omnia
1019 3050 1092 3114 ideo
1119 3050 1257 3135 petimus
1284 3072 1340 3114 vos

69 3153 241 3237 disponere
264 3152 404 3234 cautius,
428 3155 464 3234 ut
485 3173 527 3217 ne
549 3152 636 3218 locus
659 3152 825 3217 mendacio
847 3152 896 3216 vel
920 3151 1044 3216 insidiis
1060 3152 1167 3216 detur:
1190 3152 1340 3237 quoniam

69 3276 195 3320 summo
218 3276 290 3318 cum
312 3254 467 3319 desiderio
489 3254 584 3318 fidem
600 3254 791 3319 catholicam
806 3253 1047 3339 amplectentes,
1071 3258 1178 3319 vestra
1195 3254 1342 3319 doctrina

69 3357 232 3422 unitatem
252 3356 401 3424 universo
422 3356 493 3420 orbi
514 3357 652 3440 petimus
675 3356 892 3442 condonari⁴).

72 3601 107 3649 99
142 3597 163 3660 ¹)
181 3592 266 3649 l'ortc
280 3611 332 3663 pro
345 3593 512 3662 quibusdam
530 3592 651 3662 negotiis
668 3592 743 3663 apud
757 3593 961 3649 Theodoricum
974 3610 1070 3664 regem
1081 3592 1246 3650 tractandis:
1266 3594 1343 3665 cnjus

73 3679 114 3734 rei
132 3694 219 3734 causa
234 3677 382 3748 Eulogium
399 3677 543 3732 tribunum
556 3695 589 3733 ac
600 3676 740 3733 commum
752 3694 825 3733 anno
838 3685 888 3735 520
899 3696 917 3734 a
934 3696 963 3734 se
980 3679 1010 3734 in
1021 3679 1133 3734 ltaliam
1150 3678 1343 3734 transmissum

73 3781 133 3820 ene
150 3762 275 3818 Jmtinus
291 3762 445 3833 imperator
462 3763 536 3817 infra
553 3763 632 3834 epist
654 3768 702 3817 196
719 3763 864 3833 significat.
884 3793 918 3804 -
934 3764 1000 3818 Mox
1017 3764 1061 3819 ed.
1079 3770 1144 3820 tanc
1160 3775 1280 3834 propter.

141 3851 163 3917 ¹)
181 3846 342 3902 Notandum
359 3848 402 3902 est
418 3847 471 3902 hoo
482 3847 631 3902 Justiniani
648 3848 683 3903 de
702 3849 891 3903 controversia
908 3865 1004 3903 recens
1023 3849 1145 3904 excitata
1158 3848 1296 3919 judicium
1310 3864 1343 3903 eo

72 3938 217 4004 tempore,
235 3949 291 4002 quo
309 3931 399 3986 acrius
417 3914 544 3987 terrebat
562 3931 776 4002 disceptantium
789 3932 943 4000 contentio,
961 3934 991 3987 et
1003 3933 1202 3989 contendentes
1214 3951 1274 3988 sese
1285 3951 1344 3987 mu-

73 4023 125 4074 tuo
142 4019 289 4074 haereseos
305 4015 511 4071 insimulabant.

144 4107 165 4173 ³)
182 4103 233 4159 Ed
250 4108 413 4171 summonte.
449 4100 591 4157 Orationis
609 4103 703 4158 autem
721 4102 804 4158 series
821 4103 947 4173 postulat
964 4120 1027 4158 cum
1040 4103 1074 4158 G¹
1091 4110 1270 4171 formidantes.
1300 4103 1345 4158 Ad

72 4189 105 4244 id
128 4186 245 4259 quippe,
267 4187 342 4257 quod
364 4187 513 4241 Hormisda
535 4187 615 4258 epist.
634 4195 668 4244 90
690 4207 717 4242 u.
736 4194 751 4242 2
773 4188 930 4243 Justiniano
953 4187 1115 4259 scripserat:
1146 4193 1288 4244 Momtos
1310 4194 1347 4243 ad

71 4279 186 4345 propria
202 4293 263 4329 mox
279 4278 397 4328 columis
414 4278 522 4337 reverti,
544 4279 593 4329 ced
609 4280 670 4344 quta
686 4276 730 4328 sut
749 4279 927 4340 testificatione
948 4280 1079 4343 ροεειιιίαι
1099 4280 1199 4331 dictum
1217 4277 1344 4339 dioetcm,

70 4381 127 4432 per
142 4365 250 4415 imtdiae
265 4364 292 4413 in
309 4364 401 4413 itinere
417 4369 527 4426 puratos
544 4364 610 4412 vitae
628 4363 753 4413 suctim
770 4377 799 4411 se
816 4377 893 4426 posse
911 4364 1045 4413 coemes
1106 4365 1181 4428 poan·
1196 4380 1246 4415 uon
1263 4378 1347 4413 sunus

71 4449 187 4513 expuli,-
203 4443 355 4514 respondet
371 4460 444 4498 nunc
461 4441 535 4497 idem
548 4460 652 4510 eomes,
671 4441 740 4496 nihil
752 4442 790 4498 eis
807 4443 966 4513 hujusmodi
982 4444 1202 4513 formidandum,
1220 4444 1347 4513 adeoque

69 4528 148 4587 nihil
165 4530 274 4595 vetare,
293 4528 438 4597 quominus
456 4527 643 4583 remittantur.

145 4617 168 4684 ⁴)
185 4615 230 4669 lu
247 4614 291 4670 θ’.
327 4614 377 4669 Ed.
397 4620 551 4670 condonare.

113 4719 269 4757 seimonau
283 4719 387 4758 sonan.
401 4719 514 4755 courir.
533 4704 555 4759 1.
1105 4710 1144 4768 57
