<?xml version="1.0" encoding="UTF-8"?>
<!DOCTYPE html PUBLIC "-//W3C//DTD XHTML 1.0 Transitional//EN"
    "http://www.w3.org/TR/xhtml1/DTD/xhtml1-transitional.dtd">
<html xmlns="http://www.w3.org/1999/xhtml" xml:lang="en" lang="en">
 <head>
  <title>
</title>
<meta http-equiv="Content-Type" content="text/html;charset=utf-8" />
  <meta name='ocr-system' content='tesseract 3.04.00' />
  <meta name='ocr-capabilities' content='ocr_page ocr_carea ocr_par ocr_line ocrx_word'/>
</head>
<body>
  <div class='ocr_page' id='page_1' title='image "./epistolaeromano00cousgoog/epistolaeromano00cousgoog_0186.png"; bbox 0 0 3412 5664; ppageno 0'>
   <div class='ocr_carea' id='block_1_1' title="bbox 701 326 1497 394">
    <p class='ocr_par' dir='ltr' id='par_1_1' title="bbox 701 326 1497 394">
     <span class='ocr_line' id='line_1_1' title="bbox 701 326 1497 394; baseline 0.015 -12"><span class='ocrx_word' id='word_1_1' title='bbox 701 335 896 384; x_wconf 77' lang='lat' dir='ltr'>urrsronsa</span> <span class='ocrx_word' id='word_1_2' title='bbox 916 326 1021 386; x_wconf 83' lang='lat'>4-6.</span> <span class='ocrx_word' id='word_1_3' title='bbox 1435 330 1497 394; x_wconf 88' lang='lat'>139</span> 
     </span>
    </p>
   </div>
   <div class='ocr_carea' id='block_1_2' title="bbox 207 485 1627 1290">
    <p class='ocr_par' dir='ltr' id='par_1_2' title="bbox 207 485 1627 787">
     <span class='ocr_line' id='line_1_2' title="bbox 305 485 1627 582; baseline 0.009 -32"><span class='ocrx_word' id='word_1_4' title='bbox 305 487 341 551; x_wconf 82' lang='lat'>3.</span> <span class='ocrx_word' id='word_1_5' title='bbox 384 485 658 573; x_wconf 74' lang='lat' dir='ltr'>Ceterum‘quum</span> <span class='ocrx_word' id='word_1_6' title='bbox 686 489 820 553; x_wconf 89' lang='lat' dir='ltr'>ecclesia</span> <span class='ocrx_word' id='word_1_7' title='bbox 847 493 958 555; x_wconf 88' lang='lat' dir='ltr'>nostra</span> <span class='ocrx_word' id='word_1_8' title='bbox 980 492 1180 557; x_wconf 77' lang='lat' dir='ltr'>Arelatensis</span> <span class='ocrx_word' id='word_1_9' title='bbox 1213 516 1338 579; x_wconf 85' lang='lat' dir='ltr'>semper</span> <span class='ocrx_word' id='word_1_10' title='bbox 1359 497 1400 560; x_wconf 86' lang='lat' dir='ltr'>ab</span> <span class='ocrx_word' id='word_1_11' title='bbox 1422 513 1627 582; x_wconf 60' lang='lat' dir='ltr'>apo-arsa„</span> 
     </span>
     <span class='ocr_line' id='line_1_3' title="bbox 207 588 1496 685; baseline 0.009 -31"><span class='ocrx_word' id='word_1_12' title='bbox 207 597 340 671; x_wconf 51' lang='lat' dir='ltr'>,eolica</span> <span class='ocrx_word' id='word_1_13' title='bbox 359 588 433 654; x_wconf 89' lang='lat' dir='ltr'>sede</span> <span class='ocrx_word' id='word_1_14' title='bbox 454 589 571 674; x_wconf 84' lang='lat' dir='ltr'>amplis</span> <span class='ocrx_word' id='word_1_15' title='bbox 598 590 762 656; x_wconf 82' lang='lat' dir='ltr'>favoribus</span> <span class='ocrx_word' id='word_1_16' title='bbox 784 595 818 656; x_wconf 90' lang='lat' dir='ltr'>et</span> <span class='ocrx_word' id='word_1_17' title='bbox 838 593 1016 679; x_wconf 83' lang='lat' dir='ltr'>privilegiis</span> <span class='ocrx_word' id='word_1_18' title='bbox 1038 593 1136 658; x_wconf 88' lang='lat' dir='ltr'>fuerit</span> <span class='ocrx_word' id='word_1_19' title='bbox 1158 595 1317 680; x_wconf 89' lang='lat' dir='ltr'>decorata,</span> <span class='ocrx_word' id='word_1_20' title='bbox 1347 620 1496 685; x_wconf 84' lang='lat' dir='ltr'><strong>rogamus</strong></span> 
     </span>
     <span class='ocr_line' id='line_1_4' title="bbox 219 689 1496 787; baseline 0.009 -32"><span class='ocrx_word' id='word_1_21' title='bbox 219 691 430 771; x_wconf 57' lang='lat' dir='ltr'>„natitatem</span> <span class='ocrx_word' id='word_1_22' title='bbox 451 694 552 776; x_wconf 88' lang='lat' dir='ltr'>tuam,</span> <span class='ocrx_word' id='word_1_23' title='bbox 575 695 613 757; x_wconf 89' lang='lat' dir='ltr'>ut</span> <span class='ocrx_word' id='word_1_24' title='bbox 631 714 689 777; x_wconf 88' lang='lat' dir='ltr'>per</span> <span class='ocrx_word' id='word_1_25' title='bbox 711 714 782 758; x_wconf 93' lang='lat' dir='ltr'>eam</span> <span class='ocrx_word' id='word_1_26' title='bbox 804 689 893 758; x_wconf 87' lang='lat' dir='ltr'>nihil</span> <span class='ocrx_word' id='word_1_27' title='bbox 907 696 1001 764; x_wconf 90' lang='lat' dir='ltr'>nobis</span> <span class='ocrx_word' id='word_1_28' title='bbox 1020 697 1163 781; x_wconf 85' lang='lat' dir='ltr'>decedat,</span> <span class='ocrx_word' id='word_1_29' title='bbox 1188 699 1242 762; x_wconf 90' lang='lat' dir='ltr'>sed</span> <span class='ocrx_word' id='word_1_30' title='bbox 1257 699 1364 782; x_wconf 91' lang='lat' dir='ltr'>potius</span> <span class='ocrx_word' id='word_1_31' title='bbox 1380 723 1496 787; x_wconf 82' lang='lat' dir='ltr'>augea·</span> 
     </span>
    </p>

    <p class='ocr_par' dir='ltr' id='par_1_3' title="bbox 229 793 1496 1290">
     <span class='ocr_line' id='line_1_5' title="bbox 229 793 1495 888; baseline 0.01 -33"><span class='ocrx_word' id='word_1_32' title='bbox 229 813 300 870; x_wconf 65' lang='lat' dir='ltr'>m:</span> <span class='ocrx_word' id='word_1_33' title='bbox 321 796 355 856; x_wconf 84' lang='lat' dir='ltr'>ut</span> <span class='ocrx_word' id='word_1_34' title='bbox 372 796 407 857; x_wconf 87' lang='lat' dir='ltr'>et</span> <span class='ocrx_word' id='word_1_35' title='bbox 427 793 623 859; x_wconf 85' lang='lat' dir='ltr'>collaborare</span> <span class='ocrx_word' id='word_1_36' title='bbox 645 797 752 859; x_wconf 89' lang='lat' dir='ltr'>tecum</span> <span class='ocrx_word' id='word_1_37' title='bbox 774 795 809 860; x_wconf 87' lang='lat' dir='ltr'>in</span> <span class='ocrx_word' id='word_1_38' title='bbox 830 797 925 861; x_wconf 86' lang='lat' dir='ltr'>vinea</span> <span class='ocrx_word' id='word_1_39' title='bbox 940 796 1069 862; x_wconf 89' lang='lat' dir='ltr'>Domini</span> <span class='ocrx_word' id='word_1_40' title='bbox 1085 798 1146 863; x_wconf 89' lang='lat' dir='ltr'>Dei</span> <span class='ocrx_word' id='word_1_41' title='bbox 1162 798 1304 865; x_wconf 78' lang='lat' dir='ltr'>Sabaoth</span> <span class='ocrx_word' id='word_1_42' title='bbox 1321 802 1495 888; x_wconf 89' lang='lat' dir='ltr'>valeamus,</span> 
     </span>
     <span class='ocr_line' id='line_1_6' title="bbox 242 893 1496 984; baseline 0.011 -27"><span class='ocrx_word' id='word_1_43' title='bbox 242 908 271 969; x_wconf 64' lang='lat' dir='ltr'>&lt;a</span> <span class='ocrx_word' id='word_1_44' title='bbox 289 893 459 964; x_wconf 78' lang='lat' dir='ltr'>invidorum</span> <span class='ocrx_word' id='word_1_45' title='bbox 481 898 615 961; x_wconf 89' lang='lat' dir='ltr'>conatus</span> <span class='ocrx_word' id='word_1_46' title='bbox 627 897 652 981; x_wconf 89' lang='lat'>¹)</span> <span class='ocrx_word' id='word_1_47' title='bbox 674 897 868 984; x_wconf 71' lang='lat' dir='ltr'>infringere,</span> <span class='ocrx_word' id='word_1_48' title='bbox 896 920 985 983; x_wconf 91' lang='lat' dir='ltr'>quos,</span> <span class='ocrx_word' id='word_1_49' title='bbox 1009 901 1036 963; x_wconf 89' lang='lat' dir='ltr'>si</span> <span class='ocrx_word' id='word_1_50' title='bbox 1058 921 1124 964; x_wconf 91' lang='lat' dir='ltr'>non</span> <span class='ocrx_word' id='word_1_51' title='bbox 1147 905 1231 966; x_wconf 88' lang='lat' dir='ltr'>esset</span> <span class='ocrx_word' id='word_1_52' title='bbox 1253 905 1427 969; x_wconf 74' lang='lat' dir='ltr'>auctoritas</span> <span class='ocrx_word' id='word_1_53' title='bbox 1449 928 1496 971; x_wconf 89' lang='lat' dir='ltr'>re-</span> 
     </span>
     <span class='ocr_line' id='line_1_7' title="bbox 252 998 1496 1090; baseline 0.006 -25"><span class='ocrx_word' id='word_1_54' title='bbox 252 1005 379 1088; x_wconf 75' lang='lat' dir='ltr'>primens,</span> <span class='ocrx_word' id='word_1_55' title='bbox 401 1001 522 1063; x_wconf 87' lang='lat' dir='ltr'>certum</span> <span class='ocrx_word' id='word_1_56' title='bbox 545 1001 595 1063; x_wconf 90' lang='lat' dir='ltr'>est</span> <span class='ocrx_word' id='word_1_57' title='bbox 616 999 655 1063; x_wconf 90' lang='lat' dir='ltr'>de</span> <span class='ocrx_word' id='word_1_58' title='bbox 677 998 728 1063; x_wconf 92' lang='lat' dir='ltr'>die</span> <span class='ocrx_word' id='word_1_59' title='bbox 751 999 785 1064; x_wconf 90' lang='lat' dir='ltr'>in</span> <span class='ocrx_word' id='word_1_60' title='bbox 807 1001 891 1065; x_wconf 90' lang='lat' dir='ltr'>diem</span> <span class='ocrx_word' id='word_1_61' title='bbox 922 1004 1124 1086; x_wconf 82' lang='lat' dir='ltr'>grassaturos</span> <span class='ocrx_word' id='word_1_62' title='bbox 1146 1003 1181 1067; x_wconf 89' lang='lat' dir='ltr'>in</span> <span class='ocrx_word' id='word_1_63' title='bbox 1202 1004 1305 1088; x_wconf 86' lang='lat' dir='ltr'>pejus,</span> <span class='ocrx_word' id='word_1_64' title='bbox 1334 1007 1410 1090; x_wconf 92' lang='lat' dir='ltr'>quia</span> <span class='ocrx_word' id='word_1_65' title='bbox 1430 1031 1496 1073; x_wconf 88' lang='lat' dir='ltr'>ma-</span> 
     </span>
     <span class='ocr_line' id='line_1_8' title="bbox 259 1099 1495 1188; baseline 0.005 -20"><span class='ocrx_word' id='word_1_66' title='bbox 259 1106 321 1183; x_wconf 82' lang='lat' dir='ltr'>litia,</span> <span class='ocrx_word' id='word_1_67' title='bbox 340 1099 426 1186; x_wconf 85' lang='lat' dir='ltr'>qua²)</span> <span class='ocrx_word' id='word_1_68' title='bbox 447 1122 508 1165; x_wconf 90' lang='lat' dir='ltr'>nos</span> <span class='ocrx_word' id='word_1_69' title='bbox 530 1101 674 1183; x_wconf 85' lang='lat' dir='ltr'>oderuut,</span> <span class='ocrx_word' id='word_1_70' title='bbox 705 1101 850 1166; x_wconf 88' lang='lat' dir='ltr'>ascendit</span> <span class='ocrx_word' id='word_1_71' title='bbox 870 1124 1005 1188; x_wconf 86' lang='lat' dir='ltr'>semper.</span> <span class='ocrx_word' id='word_1_72' title='bbox 1051 1103 1137 1168; x_wconf 87' lang='lat' dir='ltr'>Data</span> <span class='ocrx_word' id='word_1_73' title='bbox 1153 1104 1220 1171; x_wconf 84' lang='lat' dir='ltr'>Oal.</span> <span class='ocrx_word' id='word_1_74' title='bbox 1300 1105 1415 1173; x_wconf 83' lang='lat' dir='ltr'>Severo</span> <span class='ocrx_word' id='word_1_75' title='bbox 1431 1110 1495 1175; x_wconf 87' lang='lat' dir='ltr'>Au·</span> 
     </span>
     <span class='ocr_line' id='line_1_9' title="bbox 266 1201 480 1290; baseline 0.014 -25"><span class='ocrx_word' id='word_1_76' title='bbox 266 1207 335 1290; x_wconf 76' lang='lat' dir='ltr'>qmto</span> <span class='ocrx_word' id='word_1_77' title='bbox 351 1201 480 1268; x_wconf 87' lang='lat' dir='ltr'>consule.</span> 
     </span>
    </p>
   </div>
   <div class='ocr_carea' id='block_1_3' title="bbox 737 1405 980 1510">
    <p class='ocr_par' dir='ltr' id='par_1_4' title="bbox 737 1405 980 1510">
     <span class='ocr_line' id='line_1_10' title="bbox 737 1405 980 1510; baseline 0.004 -20"><span class='ocrx_word' id='word_1_78' title='bbox 737 1405 920 1510; x_wconf 77' lang='lat' dir='ltr'>Epistola</span> <span class='ocrx_word' id='word_1_79' title='bbox 946 1409 980 1491; x_wconf 89' lang='grc'>6.</span> 
     </span>
    </p>
   </div>
   <div class='ocr_carea' id='block_1_4' title="bbox 445 1558 1620 1663">
    <p class='ocr_par' dir='ltr' id='par_1_5' title="bbox 445 1558 1620 1663">
     <span class='ocr_line' id='line_1_11' title="bbox 445 1558 1620 1663; baseline 0.009 -38"><span class='ocrx_word' id='word_1_80' title='bbox 445 1559 570 1626; x_wconf 80' lang='lat' dir='ltr'>Hilari</span> <span class='ocrx_word' id='word_1_81' title='bbox 593 1576 703 1644; x_wconf 88' lang='lat' dir='ltr'>papae</span> <span class='ocrx_word' id='word_1_82' title='bbox 725 1558 770 1626; x_wconf 88' lang='lat' dir='ltr'>ad</span> <span class='ocrx_word' id='word_1_83' title='bbox 791 1560 985 1628; x_wconf 85' lang='lat' dir='ltr'>Leontium</span> <span class='ocrx_word' id='word_1_84' title='bbox 1008 1558 1270 1629; x_wconf 77' lang='lat' dir='ltr'>Arelatensem.</span> <span class='ocrx_word' id='word_1_85' title='bbox 1506 1596 1620 1663; x_wconf 74' lang='lat' dir='ltr'>(acea.)</span> 
     </span>
    </p>
   </div>
   <div class='ocr_carea' id='block_1_5' title="bbox 171 1715 1433 1917">
    <p class='ocr_par' dir='ltr' id='par_1_6' title="bbox 171 1715 1433 1917">
     <span class='ocr_line' id='line_1_12' title="bbox 171 1715 1433 1799; baseline 0.008 -36"><span class='ocrx_word' id='word_1_86' title='bbox 171 1732 177 1799; x_wconf 77' lang='lat'>¹,</span> <span class='ocrx_word' id='word_1_87' title='bbox 202 1730 232 1785; x_wconf 77' lang='lat' dir='ltr'>p.</span> <span class='ocrx_word' id='word_1_88' title='bbox 244 1720 266 1764; x_wconf 52' lang='lat'>³0</span> <span class='ocrx_word' id='word_1_89' title='bbox 316 1715 430 1780; x_wconf 77' lang='lat' dir='ltr'>dapaadet</span> <span class='ocrx_word' id='word_1_90' title='bbox 447 1717 557 1767; x_wconf 76' lang='lat' dir='ltr'>Leontio</span> <span class='ocrx_word' id='word_1_91' title='bbox 575 1717 762 1782; x_wconf 72' lang='lat' dir='ltr'>adproximet</span> <span class='ocrx_word' id='word_1_92' title='bbox 778 1718 888 1775; x_wconf 75' lang='lat' dir='ltr'>litteras,</span> <span class='ocrx_word' id='word_1_93' title='bbox 907 1733 971 1783; x_wconf 83' lang='lat' dir='ltr'>quas</span> <span class='ocrx_word' id='word_1_94' title='bbox 987 1720 1138 1783; x_wconf 83' lang='lat' dir='ltr'>scripserat,</span> <span class='ocrx_word' id='word_1_95' title='bbox 1158 1736 1230 1785; x_wconf 84' lang='lat' dir='ltr'>qaum</span> <span class='ocrx_word' id='word_1_96' title='bbox 1246 1724 1433 1784; x_wconf 80' lang='lat' dir='ltr'>praesedentes</span> 
     </span>
     <span class='ocr_line' id='line_1_13' title="bbox 171 1802 1048 1917; baseline 0.005 -69"><span class='ocrx_word' id='word_1_97' title='bbox 171 1806 176 1917; x_wconf 55' lang='lat' dir='ltr'>q</span> <span class='ocrx_word' id='word_1_98' title='bbox 670 1802 760 1852; x_wconf 76' lang='lat' dir='ltr'>Hilari</span> <span class='ocrx_word' id='word_1_99' title='bbox 777 1804 884 1853; x_wconf 71' lang='lat' dir='ltr'>eandm</span> <span class='ocrx_word' id='word_1_100' title='bbox 900 1810 1048 1868; x_wconf 79' lang='lat' dir='ltr'>aceeperat.</span> 
     </span>
    </p>
   </div>
   <div class='ocr_carea' id='block_1_6' title="bbox 382 1933 1344 2024">
    <p class='ocr_par' dir='ltr' id='par_1_7' title="bbox 382 1933 1344 2024">
     <span class='ocr_line' id='line_1_14' title="bbox 382 1933 1344 2024; baseline 0.004 -26"><span class='ocrx_word' id='word_1_101' title='bbox 382 1933 655 2000; x_wconf 84' lang='lat' dir='ltr'>Dilectissimo</span> <span class='ocrx_word' id='word_1_102' title='bbox 677 1934 798 1999; x_wconf 85' lang='lat' dir='ltr'>fratri</span> <span class='ocrx_word' id='word_1_103' title='bbox 821 1934 991 2000; x_wconf 86' lang='lat' dir='ltr'>Leontio</span> <span class='ocrx_word' id='word_1_104' title='bbox 1013 1934 1179 2001; x_wconf 87' lang='lat' dir='ltr'>Hilarus</span> <span class='ocrx_word' id='word_1_105' title='bbox 1201 1939 1344 2024; x_wconf 85' lang='lat' dir='ltr'>papa¹).</span> 
     </span>
    </p>
   </div>
   <div class='ocr_carea' id='block_1_7' title="bbox 171 2053 1519 3259">
    <p class='ocr_par' dir='ltr' id='par_1_8' title="bbox 335 2053 1495 2143">
     <span class='ocr_line' id='line_1_15' title="bbox 335 2053 1495 2143; baseline 0.008 -28"><span class='ocrx_word' id='word_1_106' title='bbox 335 2055 354 2115; x_wconf 91' lang='lat' dir='ltr'>l.</span> <span class='ocrx_word' id='word_1_107' title='bbox 381 2053 547 2119; x_wconf 88' lang='lat' dir='ltr'>Dilectioui</span> <span class='ocrx_word' id='word_1_108' title='bbox 569 2074 674 2137; x_wconf 88' lang='lat' dir='ltr'>meae,</span> <span class='ocrx_word' id='word_1_109' title='bbox 698 2056 812 2139; x_wconf 72' lang='lat' dir='ltr'>quae²l</span> <span class='ocrx_word' id='word_1_110' title='bbox 836 2055 921 2120; x_wconf 91' lang='lat' dir='ltr'>circa</span> <span class='ocrx_word' id='word_1_111' title='bbox 943 2055 1093 2119; x_wconf 89' lang='lat' dir='ltr'>ecclesias</span> <span class='ocrx_word' id='word_1_112' title='bbox 1116 2055 1301 2121; x_wconf 80' lang='lat' dir='ltr'>Gallicanas</span> <span class='ocrx_word' id='word_1_113' title='bbox 1323 2079 1495 2143; x_wconf 89' lang='lat' dir='ltr'>omnesque</span> 
     </span>
    </p>

    <p class='ocr_par' dir='ltr' id='par_1_9' title="bbox 171 2153 1519 3259">
     <span class='ocr_line' id='line_1_16' title="bbox 171 2153 1494 2245; baseline 0.007 -29"><span class='ocrx_word' id='word_1_114' title='bbox 171 2186 174 2193; x_wconf 96' lang='lat'>·</span> <span class='ocrx_word' id='word_1_115' title='bbox 269 2154 299 2217; x_wconf 89' lang='lat' dir='ltr'>iu</span> <span class='ocrx_word' id='word_1_116' title='bbox 313 2153 346 2216; x_wconf 83' lang='lat' dir='ltr'>eis</span> <span class='ocrx_word' id='word_1_117' title='bbox 362 2154 478 2220; x_wconf 89' lang='lat' dir='ltr'>Domini</span> <span class='ocrx_word' id='word_1_118' title='bbox 501 2155 682 2220; x_wconf 82' lang='lat' dir='ltr'>sacerdotes</span> <span class='ocrx_word' id='word_1_119' title='bbox 704 2157 802 2221; x_wconf 84' lang='lat' dir='ltr'>etiam</span> <span class='ocrx_word' id='word_1_120' title='bbox 824 2157 859 2221; x_wconf 92' lang='lat' dir='ltr'>in</span> <span class='ocrx_word' id='word_1_121' title='bbox 881 2156 1027 2221; x_wconf 84' lang='lat' dir='ltr'>inferiori</span> <span class='ocrx_word' id='word_1_122' title='bbox 1055 2158 1157 2242; x_wconf 86' lang='lat' dir='ltr'>gradu</span> <span class='ocrx_word' id='word_1_123' title='bbox 1189 2158 1311 2242; x_wconf 86' lang='lat' dir='ltr'>positos</span> <span class='ocrx_word' id='word_1_124' title='bbox 1339 2159 1494 2245; x_wconf 86' lang='lat' dir='ltr'>abundat,</span> 
     </span>
     <span class='ocr_line' id='line_1_17' title="bbox 268 2254 1495 2346; baseline 0.007 -29"><span class='ocrx_word' id='word_1_125' title='bbox 268 2254 368 2320; x_wconf 82' lang='lat' dir='ltr'>multum</span> <span class='ocrx_word' id='word_1_126' title='bbox 385 2258 505 2324; x_wconf 89' lang='lat' dir='ltr'>accedit</span> <span class='ocrx_word' id='word_1_127' title='bbox 526 2257 707 2344; x_wconf 82' lang='lat' dir='ltr'>augmenti,</span> <span class='ocrx_word' id='word_1_128' title='bbox 736 2257 819 2342; x_wconf 88' lang='lat' dir='ltr'>quod</span> <span class='ocrx_word' id='word_1_129' title='bbox 848 2280 905 2342; x_wconf 88' lang='lat' dir='ltr'>per</span> <span class='ocrx_word' id='word_1_130' title='bbox 927 2259 1030 2323; x_wconf 83' lang='lat' dir='ltr'>virum</span> <span class='ocrx_word' id='word_1_131' title='bbox 1038 2259 1064 2345; x_wconf 73' lang='grc'>3)</span> <span class='ocrx_word' id='word_1_132' title='bbox 1086 2260 1294 2344; x_wconf 88' lang='lat' dir='ltr'>spectabilem</span> <span class='ocrx_word' id='word_1_133' title='bbox 1317 2259 1495 2346; x_wconf 90' lang='lat' dir='ltr'>Pappolum</span> 
     </span>
     <span class='ocr_line' id='line_1_18' title="bbox 265 2346 1495 2449; baseline 0.009 -30"><span class='ocrx_word' id='word_1_134' title='bbox 265 2354 342 2420; x_wconf 84' lang='lat' dir='ltr'>lilium</span> <span class='ocrx_word' id='word_1_135' title='bbox 359 2365 489 2425; x_wconf 89' lang='lat' dir='ltr'>nostrum</span> <span class='ocrx_word' id='word_1_136' title='bbox 512 2361 668 2425; x_wconf 89' lang='lat' dir='ltr'>sermonis</span> <span class='ocrx_word' id='word_1_137' title='bbox 695 2359 742 2424; x_wconf 89' lang='lat' dir='ltr'>tui</span> <span class='ocrx_word' id='word_1_138' title='bbox 772 2360 812 2423; x_wconf 87' lang='lat' dir='ltr'>ed</span> <span class='ocrx_word' id='word_1_139' title='bbox 840 2382 890 2424; x_wconf 89' lang='lat' dir='ltr'>me</span> <span class='ocrx_word' id='word_1_140' title='bbox 917 2355 1123 2426; x_wconf 56' lang='lat' dir='ltr'>sunt&#39;delata</span> <span class='ocrx_word' id='word_1_141' title='bbox 1144 2346 1316 2447; x_wconf 84' lang='lat' dir='ltr'>principia.</span> <span class='ocrx_word' id='word_1_142' title='bbox 1361 2362 1495 2449; x_wconf 82' lang='lat' dir='ltr'>Exque</span> 
     </span>
     <span class='ocr_line' id='line_1_19' title="bbox 264 2462 1494 2549; baseline 0.007 -27"><span class='ocrx_word' id='word_1_143' title='bbox 264 2463 349 2523; x_wconf 79' lang='lat' dir='ltr'>tamen</span> <span class='ocrx_word' id='word_1_144' title='bbox 369 2462 513 2546; x_wconf 86' lang='lat' dir='ltr'>conjicio,</span> <span class='ocrx_word' id='word_1_145' title='bbox 539 2462 694 2548; x_wconf 81' lang='lat' dir='ltr'>paginam</span> <span class='ocrx_word' id='word_1_146' title='bbox 721 2484 841 2545; x_wconf 90' lang='lat' dir='ltr'>meam,</span> <span class='ocrx_word' id='word_1_147' title='bbox 870 2462 1106 2547; x_wconf 88' lang='lat' dir='ltr'>quamdudum</span> <span class='ocrx_word' id='word_1_148' title='bbox 1134 2463 1173 2527; x_wconf 91' lang='lat' dir='ltr'>de</span> <span class='ocrx_word' id='word_1_149' title='bbox 1202 2464 1405 2549; x_wconf 85' lang='lat' dir='ltr'>episcopatus</span> <span class='ocrx_word' id='word_1_150' title='bbox 1432 2467 1494 2532; x_wconf 90' lang='lat' dir='ltr'>mei</span> 
     </span>
     <span class='ocr_line' id='line_1_20' title="bbox 258 2559 1495 2649; baseline 0.005 -22"><span class='ocrx_word' id='word_1_151' title='bbox 258 2559 405 2645; x_wconf 79' lang='lat' dir='ltr'>pn&#39;mrdiis</span> <span class='ocrx_word' id='word_1_152' title='bbox 432 2563 516 2648; x_wconf 91' lang='lat' dir='ltr'>misi,</span> <span class='ocrx_word' id='word_1_153' title='bbox 551 2564 688 2628; x_wconf 89' lang='lat' dir='ltr'>neodum</span> <span class='ocrx_word' id='word_1_154' title='bbox 714 2564 868 2628; x_wconf 86' lang='lat' dir='ltr'>traditam</span> <span class='ocrx_word' id='word_1_155' title='bbox 896 2564 956 2628; x_wconf 91' lang='lat' dir='ltr'>tibi</span> <span class='ocrx_word' id='word_1_156' title='bbox 985 2563 1095 2648; x_wconf 87' lang='lat' dir='ltr'>fuisse,</span> <span class='ocrx_word' id='word_1_157' title='bbox 1125 2587 1222 2649; x_wconf 88' lang='lat' dir='ltr'>quum</span> <span class='ocrx_word' id='word_1_158' title='bbox 1249 2561 1419 2632; x_wconf 89' lang='lat' dir='ltr'>scriberes:</span> <span class='ocrx_word' id='word_1_159' title='bbox 1456 2568 1495 2633; x_wconf 91' lang='lat' dir='ltr'>de</span> 
     </span>
     <span class='ocr_line' id='line_1_21' title="bbox 255 2664 1519 2751; baseline 0.007 -26"><span class='ocrx_word' id='word_1_160' title='bbox 255 2684 312 2747; x_wconf 88' lang='lat' dir='ltr'>qm</span> <span class='ocrx_word' id='word_1_161' title='bbox 332 2664 422 2751; x_wconf 84' lang='lat' dir='ltr'>ulique</span> <span class='ocrx_word' id='word_1_162' title='bbox 449 2688 516 2731; x_wconf 89' lang='lat' dir='ltr'>non</span> <span class='ocrx_word' id='word_1_163' title='bbox 549 2664 706 2743; x_wconf 84' lang='lat' dir='ltr'>siluisses,</span> <span class='ocrx_word' id='word_1_164' title='bbox 743 2665 806 2729; x_wconf 91' lang='lat' dir='ltr'>uisi</span> <span class='ocrx_word' id='word_1_165' title='bbox 834 2665 1026 2750; x_wconf 83' lang='lat' dir='ltr'>perlatorem</span> <span class='ocrx_word' id='word_1_166' title='bbox 1059 2666 1166 2751; x_wconf 88' lang='lat' dir='ltr'>aliqua</span> <span class='ocrx_word' id='word_1_167' title='bbox 1199 2688 1295 2731; x_wconf 86' lang='lat' dir='ltr'>causa</span> <span class='ocrx_word' id='word_1_168' title='bbox 1323 2669 1519 2734; x_wconf 84' lang='lat' dir='ltr'>tardasset·</span> 
     </span>
     <span class='ocr_line' id='line_1_22' title="bbox 254 2763 1494 2853; baseline 0.006 -24"><span class='ocrx_word' id='word_1_169' title='bbox 254 2763 335 2830; x_wconf 82' lang='lat' dir='ltr'>Unde</span> <span class='ocrx_word' id='word_1_170' title='bbox 353 2767 426 2853; x_wconf 90' lang='lat' dir='ltr'>quod</span> <span class='ocrx_word' id='word_1_171' title='bbox 448 2770 482 2833; x_wconf 91' lang='lat' dir='ltr'>et</span> <span class='ocrx_word' id='word_1_172' title='bbox 504 2767 698 2833; x_wconf 91' lang='lat' dir='ltr'>cousuetudo</span> <span class='ocrx_word' id='word_1_173' title='bbox 725 2768 912 2852; x_wconf 81' lang='lat' dir='ltr'>poscebat⁴)</span> <span class='ocrx_word' id='word_1_174' title='bbox 940 2772 973 2832; x_wconf 89' lang='lat' dir='ltr'>et</span> <span class='ocrx_word' id='word_1_175' title='bbox 996 2769 1123 2853; x_wconf 88' lang='lat' dir='ltr'>caritas,</span> <span class='ocrx_word' id='word_1_176' title='bbox 1149 2768 1342 2852; x_wconf 90' lang='lat' dir='ltr'>jampridem</span> <span class='ocrx_word' id='word_1_177' title='bbox 1369 2792 1421 2835; x_wconf 87' lang='lat' dir='ltr'>me</span> <span class='ocrx_word' id='word_1_178' title='bbox 1443 2793 1494 2836; x_wconf 82' lang='lat' dir='ltr'>er·</span> 
     </span>
     <span class='ocr_line' id='line_1_23' title="bbox 247 2868 1495 2956; baseline 0.002 -22"><span class='ocrx_word' id='word_1_179' title='bbox 247 2868 372 2934; x_wconf 78' lang='lat' dir='ltr'>secutum</span> <span class='ocrx_word' id='word_1_180' title='bbox 390 2869 487 2935; x_wconf 85' lang='lat' dir='ltr'>luisse</span> <span class='ocrx_word' id='word_1_181' title='bbox 509 2869 673 2956; x_wconf 80' lang='lat' dir='ltr'>significo,</span> <span class='ocrx_word' id='word_1_182' title='bbox 702 2872 735 2933; x_wconf 93' lang='lat' dir='ltr'>et</span> <span class='ocrx_word' id='word_1_183' title='bbox 761 2869 822 2934; x_wconf 91' lang='lat' dir='ltr'>hoc</span> <span class='ocrx_word' id='word_1_184' title='bbox 849 2869 928 2954; x_wconf 92' lang='lat' dir='ltr'>ipsis</span> <span class='ocrx_word' id='word_1_185' title='bbox 949 2870 1129 2934; x_wconf 87' lang='lat' dir='ltr'>litterarum</span> <span class='ocrx_word' id='word_1_186' title='bbox 1145 2870 1389 2954; x_wconf 64' lang='lat' dir='ltr'>exemplaribus</span> <span class='ocrx_word' id='word_1_187' title='bbox 1414 2893 1495 2956; x_wconf 91' lang='lat' dir='ltr'>quae</span> 
     </span>
     <span class='ocr_line' id='line_1_24' title="bbox 244 2969 1496 3057; baseline 0.001 -21"><span class='ocrx_word' id='word_1_188' title='bbox 244 2969 345 3053; x_wconf 81' lang='lat' dir='ltr'>direxi,</span> <span class='ocrx_word' id='word_1_189' title='bbox 369 2972 491 3057; x_wconf 88' lang='lat' dir='ltr'>plenius</span> <span class='ocrx_word' id='word_1_190' title='bbox 518 2992 612 3036; x_wconf 89' lang='lat' dir='ltr'>nosse</span> <span class='ocrx_word' id='word_1_191' title='bbox 634 2993 690 3036; x_wconf 84' lang='lat' dir='ltr'>vos</span> <span class='ocrx_word' id='word_1_192' title='bbox 713 2972 822 3055; x_wconf 91' lang='lat' dir='ltr'>cupio:</span> <span class='ocrx_word' id='word_1_193' title='bbox 853 2975 890 3035; x_wconf 89' lang='lat' dir='ltr'>ut</span> <span class='ocrx_word' id='word_1_194' title='bbox 911 2971 1018 3034; x_wconf 86' lang='lat' dir='ltr'>officio</span> <span class='ocrx_word' id='word_1_195' title='bbox 1043 2971 1188 3036; x_wconf 88' lang='lat' dir='ltr'>fraterno</span> <span class='ocrx_word' id='word_1_196' title='bbox 1211 2972 1244 3035; x_wconf 91' lang='lat' dir='ltr'>in</span> <span class='ocrx_word' id='word_1_197' title='bbox 1267 2972 1356 3036; x_wconf 90' lang='lat' dir='ltr'>nullo</span> <span class='ocrx_word' id='word_1_198' title='bbox 1378 2972 1496 3037; x_wconf 89' lang='lat' dir='ltr'>intelli·</span> 
     </span>
     <span class='ocr_line' id='line_1_25' title="bbox 240 3069 1495 3159; baseline 0.002 -23"><span class='ocrx_word' id='word_1_199' title='bbox 240 3069 323 3159; x_wconf 71' lang='lat' dir='ltr'>gatis</span> <span class='ocrx_word' id='word_1_200' title='bbox 344 3072 435 3139; x_wconf 84' lang='lat' dir='ltr'>fuisse</span> <span class='ocrx_word' id='word_1_201' title='bbox 463 3095 514 3139; x_wconf 90' lang='lat' dir='ltr'>me</span> <span class='ocrx_word' id='word_1_202' title='bbox 542 3073 699 3156; x_wconf 85' lang='lat' dir='ltr'>desidem,</span> <span class='ocrx_word' id='word_1_203' title='bbox 733 3075 766 3136; x_wconf 88' lang='lat' dir='ltr'>et</span> <span class='ocrx_word' id='word_1_204' title='bbox 797 3073 843 3136; x_wconf 88' lang='lat' dir='ltr'>ita</span> <span class='ocrx_word' id='word_1_205' title='bbox 875 3071 1016 3137; x_wconf 86' lang='lat' dir='ltr'>vicissim</span> <span class='ocrx_word' id='word_1_206' title='bbox 1044 3073 1286 3157; x_wconf 86' lang='lat' dir='ltr'>frequentandis</span> <span class='ocrx_word' id='word_1_207' title='bbox 1313 3074 1495 3140; x_wconf 85' lang='lat' dir='ltr'>studeamus</span> 
     </span>
     <span class='ocr_line' id='line_1_26' title="bbox 235 3173 1495 3259; baseline 0.001 -19"><span class='ocrx_word' id='word_1_208' title='bbox 235 3173 384 3259; x_wconf 73' lang='lat' dir='ltr'>alloquiis,</span> <span class='ocrx_word' id='word_1_209' title='bbox 407 3178 443 3240; x_wconf 92' lang='lat' dir='ltr'>ut</span> <span class='ocrx_word' id='word_1_210' title='bbox 464 3175 567 3240; x_wconf 83' lang='lat' dir='ltr'>ricem</span> <span class='ocrx_word' id='word_1_211' title='bbox 589 3175 683 3240; x_wconf 91' lang='lat' dir='ltr'>nobis</span> <span class='ocrx_word' id='word_1_212' title='bbox 706 3174 884 3240; x_wconf 89' lang='lat' dir='ltr'>communis</span> <span class='ocrx_word' id='word_1_213' title='bbox 906 3173 1108 3258; x_wconf 86' lang='lat' dir='ltr'>praesentiae</span> <span class='ocrx_word' id='word_1_214' title='bbox 1130 3174 1291 3239; x_wconf 89' lang='lat' dir='ltr'>scribendi</span> <span class='ocrx_word' id='word_1_215' title='bbox 1314 3195 1390 3241; x_wconf 86' lang='lat' dir='ltr'>cure</span> <span class='ocrx_word' id='word_1_216' title='bbox 1413 3196 1495 3240; x_wconf 89' lang='lat' dir='ltr'>com·</span> 
     </span>
    </p>
   </div>
   <div class='ocr_carea' id='block_1_8' title="bbox 230 3276 1493 3465">
    <p class='ocr_par' dir='ltr' id='par_1_10' title="bbox 230 3276 1493 3465">
     <span class='ocr_line' id='line_1_27' title="bbox 230 3276 748 3365; baseline 0 -23"><span class='ocrx_word' id='word_1_217' title='bbox 230 3280 352 3365; x_wconf 75' lang='lat' dir='ltr'>penset,</span> <span class='ocrx_word' id='word_1_218' title='bbox 372 3276 472 3342; x_wconf 82' lang='lat' dir='ltr'>frater</span> <span class='ocrx_word' id='word_1_219' title='bbox 495 3277 667 3342; x_wconf 86' lang='lat' dir='ltr'>carissime.</span> <span class='ocrx_word' id='word_1_220' title='bbox 740 3279 748 3298; x_wconf 88' lang='lat'><em>&#39;</em></span> 
     </span>
     <span class='ocr_line' id='line_1_28' title="bbox 313 3377 1493 3465; baseline 0.002 -23"><span class='ocrx_word' id='word_1_221' title='bbox 313 3377 342 3443; x_wconf 80' lang='lat'>2.</span> <span class='ocrx_word' id='word_1_222' title='bbox 369 3379 545 3465; x_wconf 55' lang='grc' dir='ltr'>ΛΜΨ)</span> <span class='ocrx_word' id='word_1_223' title='bbox 568 3378 675 3465; x_wconf 90' lang='lat' dir='ltr'>itaque</span> <span class='ocrx_word' id='word_1_224' title='bbox 699 3379 875 3445; x_wconf 90' lang='lat' dir='ltr'>communis</span> <span class='ocrx_word' id='word_1_225' title='bbox 897 3379 945 3444; x_wconf 92' lang='lat' dir='ltr'>tui</span> <span class='ocrx_word' id='word_1_226' title='bbox 960 3379 1100 3465; x_wconf 82' lang='lat' dir='ltr'>gratiam</span> <span class='ocrx_word' id='word_1_227' title='bbox 1117 3378 1222 3463; x_wconf 89' lang='lat' dir='ltr'>perire</span> <span class='ocrx_word' id='word_1_228' title='bbox 1237 3401 1304 3443; x_wconf 90' lang='lat' dir='ltr'>non</span> <span class='ocrx_word' id='word_1_229' title='bbox 1319 3400 1433 3462; x_wconf 89' lang='lat' dir='ltr'>passus</span> <span class='ocrx_word' id='word_1_230' title='bbox 1449 3401 1493 3463; x_wconf 88' lang='lat' dir='ltr'>es,</span> 
     </span>
    </p>
   </div>
   <div class='ocr_carea' id='block_1_9' title="bbox 215 3682 1518 4009">
    <p class='ocr_par' dir='ltr' id='par_1_11' title="bbox 215 3682 1493 3843">
     <span class='ocr_line' id='line_1_29' title="bbox 294 3682 1493 3754; baseline -0.001 -14"><span class='ocrx_word' id='word_1_231' title='bbox 294 3685 408 3747; x_wconf 72' lang='lat' dir='ltr'>&#39;linter</span> <span class='ocrx_word' id='word_1_232' title='bbox 433 3700 531 3742; x_wconf 86' lang='lat' dir='ltr'>eorum</span> <span class='ocrx_word' id='word_1_233' title='bbox 551 3701 710 3751; x_wconf 88' lang='lat' dir='ltr'>numerum,</span> <span class='ocrx_word' id='word_1_234' title='bbox 741 3683 789 3754; x_wconf 92' lang='lat' dir='ltr'>qui</span> <span class='ocrx_word' id='word_1_235' title='bbox 816 3683 970 3740; x_wconf 81' lang='lat' dir='ltr'>etiamtunc</span> <span class='ocrx_word' id='word_1_236' title='bbox 990 3683 1124 3740; x_wconf 88' lang='lat' dir='ltr'>ecclesiae</span> <span class='ocrx_word' id='word_1_237' title='bbox 1148 3682 1318 3739; x_wconf 80' lang='lat' dir='ltr'>Arelatensis</span> <span class='ocrx_word' id='word_1_238' title='bbox 1344 3682 1493 3754; x_wconf 77' lang='lat' dir='ltr'>privilegis</span> 
     </span>
     <span class='ocr_line' id='line_1_30' title="bbox 215 3768 1492 3843; baseline -0.002 -17"><span class='ocrx_word' id='word_1_239' title='bbox 215 3788 310 3843; x_wconf 68' lang='lat' dir='ltr'>aegre</span> <span class='ocrx_word' id='word_1_240' title='bbox 327 3770 463 3837; x_wconf 70' lang='lat' dir='ltr'>ferebam,</span> <span class='ocrx_word' id='word_1_241' title='bbox 480 3786 550 3841; x_wconf 85' lang='lat' dir='ltr'>prae</span> <span class='ocrx_word' id='word_1_242' title='bbox 567 3770 696 3824; x_wconf 89' lang='lat' dir='ltr'>omnibus</span> <span class='ocrx_word' id='word_1_243' title='bbox 714 3769 860 3840; x_wconf 86' lang='lat' dir='ltr'>episcopus</span> <span class='ocrx_word' id='word_1_244' title='bbox 870 3769 1035 3826; x_wconf 87' lang='lat' dir='ltr'>Viennensis</span> <span class='ocrx_word' id='word_1_245' title='bbox 1054 3770 1128 3834; x_wconf 87' lang='lat' dir='ltr'>erat;</span> <span class='ocrx_word' id='word_1_246' title='bbox 1147 3771 1180 3824; x_wconf 84' lang='lat' dir='ltr'>ci.</span> <span class='ocrx_word' id='word_1_247' title='bbox 1195 3768 1268 3822; x_wconf 82' lang='lat' dir='ltr'>infra</span> <span class='ocrx_word' id='word_1_248' title='bbox 1280 3768 1399 3837; x_wconf 74' lang='lat' dir='ltr'>spinato</span> <span class='ocrx_word' id='word_1_249' title='bbox 1410 3775 1440 3822; x_wconf 86' lang='lat' dir='ltr'>et</span> <span class='ocrx_word' id='word_1_250' title='bbox 1454 3775 1492 3823; x_wconf 83' lang='lat' dir='ltr'>n.</span> 
     </span>
    </p>

    <p class='ocr_par' dir='ltr' id='par_1_12' title="bbox 215 3852 1518 4009">
     <span class='ocr_line' id='line_1_31' title="bbox 289 3852 1495 3926; baseline -0.002 -16"><span class='ocrx_word' id='word_1_251' title='bbox 289 3859 313 3921; x_wconf 54' lang='grc' dir='ltr'>ἵ)</span> <span class='ocrx_word' id='word_1_252' title='bbox 331 3857 368 3910; x_wconf 82' lang='lat' dir='ltr'>c¹¹</span> <span class='ocrx_word' id='word_1_253' title='bbox 386 3863 440 3926; x_wconf 77' lang='lat' dir='ltr'>qai,</span> <span class='ocrx_word' id='word_1_254' title='bbox 459 3855 589 3926; x_wconf 83' lang='lat' dir='ltr'>suppleto</span> <span class='ocrx_word' id='word_1_255' title='bbox 607 3855 644 3910; x_wconf 87' lang='lat' dir='ltr'>ad</span> <span class='ocrx_word' id='word_1_256' title='bbox 655 3871 744 3923; x_wconf 77' lang='lat' dir='ltr'>marg.</span> <span class='ocrx_word' id='word_1_257' title='bbox 758 3874 853 3922; x_wconf 78' lang='lat' dir='ltr'>eorum,</span> <span class='ocrx_word' id='word_1_258' title='bbox 871 3871 991 3925; x_wconf 84' lang='lat' dir='ltr'>moxque</span> <span class='ocrx_word' id='word_1_259' title='bbox 1009 3871 1041 3910; x_wconf 82' lang='lat' dir='ltr'>es</span> <span class='ocrx_word' id='word_1_260' title='bbox 1059 3871 1109 3907; x_wconf 89' lang='lat' dir='ltr'>ms.</span> <span class='ocrx_word' id='word_1_261' title='bbox 1123 3856 1192 3908; x_wconf 87' lang='lat' dir='ltr'>uota</span> <span class='ocrx_word' id='word_1_262' title='bbox 1203 3852 1334 3908; x_wconf 88' lang='lat' dir='ltr'>chronica</span> <span class='ocrx_word' id='word_1_263' title='bbox 1345 3852 1495 3908; x_wconf 84' lang='lat' dir='ltr'>obliterata</span> 
     </span>
     <span class='ocr_line' id='line_1_32' title="bbox 215 3934 1518 4009; baseline -0.005 -11"><span class='ocrx_word' id='word_1_264' title='bbox 215 3949 314 4003; x_wconf 73' lang='lat' dir='ltr'>Cet...</span> <span class='ocrx_word' id='word_1_265' title='bbox 333 3943 429 3997; x_wconf 74' lang='lat' dir='ltr'>Seuero</span> <span class='ocrx_word' id='word_1_266' title='bbox 447 3945 514 4008; x_wconf 71' lang='lat' dir='ltr'>App.</span> <span class='ocrx_word' id='word_1_267' title='bbox 534 3960 603 3995; x_wconf 80' lang='lat' dir='ltr'>cans.</span> <span class='ocrx_word' id='word_1_268' title='bbox 623 3939 779 4009; x_wconf 85' lang='lat' dir='ltr'>expiscatus</span> <span class='ocrx_word' id='word_1_269' title='bbox 799 3941 847 3994; x_wconf 88' lang='lat' dir='ltr'>cst.</span> <span class='ocrx_word' id='word_1_270' title='bbox 1514 3934 1518 3938; x_wconf 78' lang='grc'><strong>’</strong></span> 
     </span>
    </p>
   </div>
   <div class='ocr_carea' id='block_1_10' title="bbox 212 4039 1495 4962">
    <p class='ocr_par' dir='ltr' id='par_1_13' title="bbox 291 4039 1492 4112">
     <span class='ocr_line' id='line_1_33' title="bbox 291 4039 1492 4112; baseline -0.003 -15"><span class='ocrx_word' id='word_1_271' title='bbox 291 4045 314 4111; x_wconf 88' lang='lat'>¹)</span> <span class='ocrx_word' id='word_1_272' title='bbox 332 4041 393 4097; x_wconf 63' lang='grc' dir='ltr'>ΗΜ</span> <span class='ocrx_word' id='word_1_273' title='bbox 409 4041 530 4112; x_wconf 83' lang='lat' dir='ltr'>epistola</span> <span class='ocrx_word' id='word_1_274' title='bbox 546 4040 657 4096; x_wconf 85' lang='lat' dir='ltr'>Hilarus</span> <span class='ocrx_word' id='word_1_275' title='bbox 674 4040 818 4111; x_wconf 87' lang='lat' dir='ltr'>proximae</span> <span class='ocrx_word' id='word_1_276' title='bbox 836 4041 972 4107; x_wconf 78' lang='lat' dir='ltr'>rescribit,</span> <span class='ocrx_word' id='word_1_277' title='bbox 991 4058 1079 4111; x_wconf 87' lang='lat' dir='ltr'>quare</span> <span class='ocrx_word' id='word_1_278' title='bbox 1096 4057 1152 4096; x_wconf 89' lang='lat' dir='ltr'>non</span> <span class='ocrx_word' id='word_1_279' title='bbox 1170 4040 1258 4095; x_wconf 89' lang='lat' dir='ltr'>multo</span> <span class='ocrx_word' id='word_1_280' title='bbox 1276 4041 1342 4110; x_wconf 86' lang='lat' dir='ltr'>post</span> <span class='ocrx_word' id='word_1_281' title='bbox 1359 4039 1427 4094; x_wconf 86' lang='lat' dir='ltr'>data</span> <span class='ocrx_word' id='word_1_282' title='bbox 1442 4041 1492 4093; x_wconf 87' lang='lat' dir='ltr'>est.</span> 
     </span>
    </p>

    <p class='ocr_par' dir='ltr' id='par_1_14' title="bbox 212 4123 1494 4282">
     <span class='ocr_line' id='line_1_34' title="bbox 289 4123 1494 4195; baseline -0.003 -13"><span class='ocrx_word' id='word_1_283' title='bbox 289 4130 313 4195; x_wconf 63' lang='grc' dir='ltr'>ι)</span> <span class='ocrx_word' id='word_1_284' title='bbox 333 4127 377 4182; x_wconf 75' lang='lat' dir='ltr'>la</span> <span class='ocrx_word' id='word_1_285' title='bbox 394 4129 421 4181; x_wconf 71' lang='lat' dir='ltr'>a*</span> <span class='ocrx_word' id='word_1_286' title='bbox 436 4127 466 4181; x_wconf 75' lang='grc' dir='ltr'>α’</span> <span class='ocrx_word' id='word_1_287' title='bbox 479 4127 509 4180; x_wconf 76' lang='lat'>(1¹</span> <span class='ocrx_word' id='word_1_288' title='bbox 520 4123 582 4181; x_wconf 75' lang='lat' dir='ltr'>L‘b</span> <span class='ocrx_word' id='word_1_289' title='bbox 595 4127 622 4180; x_wconf 76' lang='lat'>0⁸</span> <span class='ocrx_word' id='word_1_290' title='bbox 634 4128 680 4180; x_wconf 79' lang='lat'><strong>0¹¹.</strong></span> <span class='ocrx_word' id='word_1_291' title='bbox 715 4127 753 4179; x_wconf 77' lang='lat' dir='ltr'>Ab</span> <span class='ocrx_word' id='word_1_292' title='bbox 771 4129 799 4181; x_wconf 66' lang='lat' dir='ltr'>a³</span> <span class='ocrx_word' id='word_1_293' title='bbox 817 4143 850 4181; x_wconf 81' lang='lat' dir='ltr'>ex</span> <span class='ocrx_word' id='word_1_294' title='bbox 870 4146 888 4180; x_wconf 89' lang='grc' dir='ltr'><strong>α</strong></span> <span class='ocrx_word' id='word_1_295' title='bbox 906 4125 991 4181; x_wconf 81' lang='lat' dir='ltr'>aliam</span> <span class='ocrx_word' id='word_1_296' title='bbox 1008 4125 1107 4181; x_wconf 77' lang='lat' dir='ltr'>laudat</span> <span class='ocrx_word' id='word_1_297' title='bbox 1123 4126 1271 4182; x_wconf 84' lang='lat' dir='ltr'>lectionem</span> <span class='ocrx_word' id='word_1_298' title='bbox 1289 4130 1494 4187; x_wconf 71' lang='lat' dir='ltr'>„coadaaiorem</span> 
     </span>
     <span class='ocr_line' id='line_1_35' title="bbox 212 4209 1337 4282; baseline -0.01 -12"><span class='ocrx_word' id='word_1_299' title='bbox 212 4228 245 4271; x_wconf 85' lang='lat' dir='ltr'>et</span> <span class='ocrx_word' id='word_1_300' title='bbox 263 4218 417 4274; x_wconf 56' lang='lat' dir='ltr'>sertam,</span> <span class='ocrx_word' id='word_1_301' title='bbox 435 4227 521 4280; x_wconf 84' lang='lat' dir='ltr'>quam</span> <span class='ocrx_word' id='word_1_302' title='bbox 537 4209 628 4281; x_wconf 87' lang='lat' dir='ltr'>ipsam</span> <span class='ocrx_word' id='word_1_303' title='bbox 645 4209 769 4266; x_wconf 87' lang='lat' dir='ltr'>invenire</span> <span class='ocrx_word' id='word_1_304' title='bbox 787 4226 843 4265; x_wconf 89' lang='lat' dir='ltr'>nou</span> <span class='ocrx_word' id='word_1_305' title='bbox 860 4210 948 4282; x_wconf 87' lang='lat' dir='ltr'>potui.</span> <span class='ocrx_word' id='word_1_306' title='bbox 1334 4254 1337 4259; x_wconf 88' lang='lat'>.</span> 
     </span>
    </p>

    <p class='ocr_par' dir='ltr' id='par_1_15' title="bbox 289 4297 1137 4364">
     <span class='ocr_line' id='line_1_36' title="bbox 289 4297 1137 4364; baseline -0.001 -14"><span class='ocrx_word' id='word_1_307' title='bbox 289 4298 314 4363; x_wconf 75' lang='lat'>¹)</span> <span class='ocrx_word' id='word_1_308' title='bbox 334 4297 395 4350; x_wconf 76' lang='lat' dir='ltr'>u¹b</span> <span class='ocrx_word' id='word_1_309' title='bbox 411 4316 496 4351; x_wconf 71' lang='lat' dir='ltr'>m</span> <span class='ocrx_word' id='word_1_310' title='bbox 514 4306 539 4350; x_wconf 88' lang='lat' dir='ltr'>et</span> <span class='ocrx_word' id='word_1_311' title='bbox 557 4299 762 4364; x_wconf 67' lang='lat' dir='ltr'>exspectabilem,</span> <span class='ocrx_word' id='word_1_312' title='bbox 781 4299 812 4350; x_wconf 69' lang='lat' dir='ltr'>a*</span> <span class='ocrx_word' id='word_1_313' title='bbox 830 4316 913 4352; x_wconf 75' lang='lat' dir='ltr'>serrem</span> <span class='ocrx_word' id='word_1_314' title='bbox 931 4299 1137 4364; x_wconf 78' lang='lat' dir='ltr'>exspectabilem.</span> 
     </span>
    </p>

    <p class='ocr_par' dir='ltr' id='par_1_16' title="bbox 213 4377 1495 4621">
     <span class='ocr_line' id='line_1_37' title="bbox 290 4377 1495 4451; baseline -0.002 -17"><span class='ocrx_word' id='word_1_315' title='bbox 290 4382 315 4449; x_wconf 77' lang='lat'>⁴)</span> <span class='ocrx_word' id='word_1_316' title='bbox 333 4379 374 4434; x_wconf 79' lang='lat' dir='ltr'>Ex</span> <span class='ocrx_word' id='word_1_317' title='bbox 391 4379 479 4436; x_wconf 72' lang='lat' dir='ltr'>nimi</span> <span class='ocrx_word' id='word_1_318' title='bbox 496 4379 617 4451; x_wconf 84' lang='lat' dir='ltr'>epistola</span> <span class='ocrx_word' id='word_1_319' title='bbox 632 4385 649 4435; x_wconf 78' lang='lat'>4</span> <span class='ocrx_word' id='word_1_320' title='bbox 667 4381 831 4447; x_wconf 84' lang='lat' dir='ltr'>ostenditur,</span> <span class='ocrx_word' id='word_1_321' title='bbox 857 4380 886 4434; x_wconf 88' lang='lat' dir='ltr'>id</span> <span class='ocrx_word' id='word_1_322' title='bbox 903 4380 989 4434; x_wconf 90' lang='lat' dir='ltr'>moris</span> <span class='ocrx_word' id='word_1_323' title='bbox 1006 4378 1093 4435; x_wconf 87' lang='lat' dir='ltr'>fuisse</span> <span class='ocrx_word' id='word_1_324' title='bbox 1110 4377 1243 4434; x_wconf 73' lang='lat' dir='ltr'>nomana</span> <span class='ocrx_word' id='word_1_325' title='bbox 1260 4378 1446 4449; x_wconf 80' lang='lat' dir='ltr'>pontificibus,</span> <span class='ocrx_word' id='word_1_326' title='bbox 1463 4380 1495 4432; x_wconf 90' lang='lat' dir='ltr'>ut</span> 
     </span>
     <span class='ocr_line' id='line_1_38' title="bbox 214 4461 1494 4536; baseline -0.006 -13"><span class='ocrx_word' id='word_1_327' title='bbox 214 4469 257 4523; x_wconf 80' lang='lat' dir='ltr'>de</span> <span class='ocrx_word' id='word_1_328' title='bbox 276 4465 453 4522; x_wconf 69' lang='lat' dir='ltr'>ordinamus</span> <span class='ocrx_word' id='word_1_329' title='bbox 470 4483 521 4520; x_wconf 86' lang='lat' dir='ltr'>sua</span> <span class='ocrx_word' id='word_1_330' title='bbox 542 4464 690 4536; x_wconf 84' lang='lat' dir='ltr'>primarios</span> <span class='ocrx_word' id='word_1_331' title='bbox 707 4465 854 4536; x_wconf 83' lang='lat' dir='ltr'>regionum</span> <span class='ocrx_word' id='word_1_332' title='bbox 876 4465 1022 4536; x_wconf 88' lang='lat' dir='ltr'>episcopos</span> <span class='ocrx_word' id='word_1_333' title='bbox 1045 4465 1178 4521; x_wconf 87' lang='lat' dir='ltr'>certiores</span> <span class='ocrx_word' id='word_1_334' title='bbox 1200 4464 1337 4530; x_wconf 80' lang='lat' dir='ltr'>facerent,</span> <span class='ocrx_word' id='word_1_335' title='bbox 1360 4461 1416 4530; x_wconf 61' lang='lat' dir='ltr'>qur</span> <span class='ocrx_word' id='word_1_336' title='bbox 1432 4478 1494 4516; x_wconf 88' lang='lat' dir='ltr'>eam</span> 
     </span>
     <span class='ocr_line' id='line_1_39' title="bbox 213 4549 1282 4621; baseline -0.005 -13"><span class='ocrx_word' id='word_1_337' title='bbox 213 4550 345 4608; x_wconf 78' lang='lat' dir='ltr'>subinde</span> <span class='ocrx_word' id='word_1_338' title='bbox 362 4550 459 4608; x_wconf 74' lang='lat' dir='ltr'>eatena</span> <span class='ocrx_word' id='word_1_339' title='bbox 477 4550 678 4621; x_wconf 60' lang='lat' dir='ltr'>significarem</span> <span class='ocrx_word' id='word_1_340' title='bbox 702 4551 735 4606; x_wconf 77' lang='lat' dir='ltr'>of.</span> <span class='ocrx_word' id='word_1_341' title='bbox 756 4570 776 4606; x_wconf 92' lang='lat' dir='ltr'>s.</span> <span class='ocrx_word' id='word_1_342' title='bbox 796 4551 925 4621; x_wconf 79' lang='lat' dir='ltr'>cyprian.</span> <span class='ocrx_word' id='word_1_343' title='bbox 944 4550 974 4605; x_wconf 89' lang='lat' dir='ltr'>in</span> <span class='ocrx_word' id='word_1_344' title='bbox 991 4550 1072 4606; x_wconf 85' lang='lat' dir='ltr'>Corn.</span> <span class='ocrx_word' id='word_1_345' title='bbox 1092 4549 1203 4620; x_wconf 74' lang='lat' dir='ltr'>epistt</span> <span class='ocrx_word' id='word_1_346' title='bbox 1221 4567 1247 4604; x_wconf 87' lang='lat' dir='ltr'>n.</span> <span class='ocrx_word' id='word_1_347' title='bbox 1258 4556 1282 4604; x_wconf 77' lang='lat' dir='ltr'>s.</span> 
     </span>
    </p>

    <p class='ocr_par' dir='ltr' id='par_1_17' title="bbox 215 4636 1495 4962">
     <span class='ocr_line' id='line_1_40' title="bbox 292 4636 1495 4707; baseline -0.003 -18"><span class='ocrx_word' id='word_1_348' title='bbox 292 4637 317 4702; x_wconf 80' lang='lat'>⁸)</span> <span class='ocrx_word' id='word_1_349' title='bbox 337 4638 365 4689; x_wconf 68' lang='grc' dir='ltr'>α’</span> <span class='ocrx_word' id='word_1_350' title='bbox 377 4637 408 4690; x_wconf 64' lang='grc' dir='ltr'>α’</span> <span class='ocrx_word' id='word_1_351' title='bbox 419 4638 451 4692; x_wconf 67' lang='lat'>«¹</span> <span class='ocrx_word' id='word_1_352' title='bbox 461 4636 526 4691; x_wconf 75' lang='lat' dir='ltr'>L‘b</span> <span class='ocrx_word' id='word_1_353' title='bbox 547 4642 662 4706; x_wconf 72' lang='lat' dir='ltr'>acceptis</span> <span class='ocrx_word' id='word_1_354' title='bbox 678 4643 765 4707; x_wconf 81' lang='lat' dir='ltr'>ltaque</span> <span class='ocrx_word' id='word_1_355' title='bbox 783 4643 916 4691; x_wconf 70' lang='lat' dir='ltr'>emmane</span> <span class='ocrx_word' id='word_1_356' title='bbox 938 4642 976 4689; x_wconf 82' lang='lat' dir='ltr'>tar&#39;</span> <span class='ocrx_word' id='word_1_357' title='bbox 994 4642 1105 4706; x_wconf 69' lang='lat' dir='ltr'>prauam</span> <span class='ocrx_word' id='word_1_358' title='bbox 1123 4641 1212 4704; x_wconf 80' lang='lat' dir='ltr'>perire</span> <span class='ocrx_word' id='word_1_359' title='bbox 1235 4653 1285 4689; x_wconf 81' lang='lat' dir='ltr'>non</span> <span class='ocrx_word' id='word_1_360' title='bbox 1303 4650 1398 4702; x_wconf 76' lang='lat' dir='ltr'>patrm</span> <span class='ocrx_word' id='word_1_361' title='bbox 1420 4649 1447 4684; x_wconf 85' lang='lat' dir='ltr'>es</span> <span class='ocrx_word' id='word_1_362' title='bbox 1470 4642 1495 4685; x_wconf 85' lang='lat' dir='ltr'>et</span> 
     </span>
     <span class='ocr_line' id='line_1_41' title="bbox 216 4722 1495 4794; baseline -0.005 -19"><span class='ocrx_word' id='word_1_363' title='bbox 216 4726 295 4794; x_wconf 67' lang='lat' dir='ltr'>qud</span> <span class='ocrx_word' id='word_1_364' title='bbox 312 4727 351 4774; x_wconf 83' lang='lat' dir='ltr'>ets</span> <span class='ocrx_word' id='word_1_365' title='bbox 365 4727 540 4777; x_wconf 60' lang='lat' dir='ltr'>alam.</span> <span class='ocrx_word' id='word_1_366' title='bbox 575 4724 603 4776; x_wconf 80' lang='lat' dir='ltr'>c⁵</span> <span class='ocrx_word' id='word_1_367' title='bbox 614 4726 723 4791; x_wconf 72' lang='lat' dir='ltr'>affectus</span> <span class='ocrx_word' id='word_1_368' title='bbox 739 4727 825 4792; x_wconf 81' lang='lat' dir='ltr'>itaque</span> <span class='ocrx_word' id='word_1_369' title='bbox 842 4727 880 4775; x_wconf 74' lang='lat' dir='ltr'>tm·</span> <span class='ocrx_word' id='word_1_370' title='bbox 939 4728 964 4775; x_wconf 83' lang='lat' dir='ltr'>et</span> <span class='ocrx_word' id='word_1_371' title='bbox 974 4725 1143 4781; x_wconf 66' lang='lat' dir='ltr'>soldmadint</span> <span class='ocrx_word' id='word_1_372' title='bbox 1162 4722 1198 4774; x_wconf 79' lang='lat'>0¹¹</span> <span class='ocrx_word' id='word_1_373' title='bbox 1212 4723 1321 4787; x_wconf 75' lang='lat' dir='ltr'>affectas</span> <span class='ocrx_word' id='word_1_374' title='bbox 1332 4722 1418 4787; x_wconf 78' lang='lat' dir='ltr'>itaque</span> <span class='ocrx_word' id='word_1_375' title='bbox 1431 4735 1495 4771; x_wconf 83' lang='lat' dir='ltr'>soar·</span> 
     </span>
     <span class='ocr_line' id='line_1_42' title="bbox 217 4805 1495 4877; baseline -0.005 -17"><span class='ocrx_word' id='word_1_376' title='bbox 217 4813 322 4872; x_wconf 74' lang='lat' dir='ltr'>ants,</span> <span class='ocrx_word' id='word_1_377' title='bbox 349 4805 455 4876; x_wconf 82' lang='lat' dir='ltr'>bosque</span> <span class='ocrx_word' id='word_1_378' title='bbox 477 4806 596 4863; x_wconf 81' lang='lat' dir='ltr'>suadent</span> <span class='ocrx_word' id='word_1_379' title='bbox 617 4806 667 4862; x_wconf 89' lang='lat' dir='ltr'>ills</span> <span class='ocrx_word' id='word_1_380' title='bbox 688 4805 838 4877; x_wconf 83' lang='lat' dir='ltr'>superioris</span> <span class='ocrx_word' id='word_1_381' title='bbox 856 4806 935 4876; x_wconf 90' lang='lat' dir='ltr'>epist.</span> <span class='ocrx_word' id='word_1_382' title='bbox 950 4813 979 4861; x_wconf 77' lang='lat' dir='ltr'>t:</span> <span class='ocrx_word' id='word_1_383' title='bbox 1002 4819 1031 4859; x_wconf 83' lang='lat' dir='ltr'>at</span> <span class='ocrx_word' id='word_1_384' title='bbox 1051 4816 1077 4860; x_wconf 82' lang='lat' dir='ltr'>et</span> <span class='ocrx_word' id='word_1_385' title='bbox 1093 4811 1131 4860; x_wconf 79' lang='lat' dir='ltr'>sie</span> <span class='ocrx_word' id='word_1_386' title='bbox 1148 4810 1265 4873; x_wconf 72' lang='lat' dir='ltr'>affectat,</span> <span class='ocrx_word' id='word_1_387' title='bbox 1283 4807 1327 4873; x_wconf 74' lang='lat' dir='ltr'>qm·</span> <span class='ocrx_word' id='word_1_388' title='bbox 1342 4808 1411 4856; x_wconf 80' lang='lat' dir='ltr'>inter</span> <span class='ocrx_word' id='word_1_389' title='bbox 1427 4811 1495 4855; x_wconf 77' lang='lat' dir='ltr'>tama</span> 
     </span>
     <span class='ocr_line' id='line_1_43' title="bbox 215 4895 1132 4962; baseline -0.003 -15"><span class='ocrx_word' id='word_1_390' title='bbox 215 4897 386 4947; x_wconf 62' lang='lat' dir='ltr'>maan</span> <span class='ocrx_word' id='word_1_391' title='bbox 401 4906 427 4948; x_wconf 80' lang='lat' dir='ltr'>et</span> <span class='ocrx_word' id='word_1_392' title='bbox 443 4913 490 4948; x_wconf 80' lang='lat' dir='ltr'>aas</span> <span class='ocrx_word' id='word_1_393' title='bbox 502 4899 605 4962; x_wconf 73' lang='lat' dir='ltr'>jandiu</span> <span class='ocrx_word' id='word_1_394' title='bbox 621 4898 722 4954; x_wconf 64' lang='lat' dir='ltr'>contat.</span> <span class='ocrx_word' id='word_1_395' title='bbox 740 4898 765 4947; x_wconf 82' lang='lat' dir='ltr'>ia</span> <span class='ocrx_word' id='word_1_396' title='bbox 784 4897 891 4948; x_wconf 79' lang='lat' dir='ltr'>Domino</span> <span class='ocrx_word' id='word_1_397' title='bbox 908 4895 1132 4947; x_wconf 73' lang='lat' dir='ltr'>corroboraretur.</span> 
     </span>
    </p>
   </div>
   <div class='ocr_carea' id='block_1_11' title="bbox 0 0 1712 5664">
    <p class='ocr_par' dir='ltr' id='par_1_18' title="bbox 0 0 1712 5664">
     <span class='ocr_line' id='line_1_44' title="bbox 0 0 1712 5664; baseline 0 0"><span class='ocrx_word' id='word_1_398' title='bbox 0 0 1712 5664; x_wconf 95' lang='lat' dir='ltr'> </span> 
     </span>
    </p>
   </div>
  </div>
 </body>
</html>
