3412 5664
649 367 848 417 PRAEFATIO
872 364 1047 418 EDI'I‘ORIS·
1397 366 1486 414 xxlx

208 527 435 623 simpliciter
458 529 602 600 collectio
620 527 836 599 Arelatensi-s
861 525 999 614 (115655,
1031 548 1098 620 pro
1123 548 1194 598 usu
1221 525 1350 598 aderat
1377 525 1484 616 (conf.

211 645 456 721 Constantius
475 646 595 719 Praef.
616 645 816 719 5165165
837 649 875 718 et
892 644 1084 717 Ballerinii
1101 646 1126 718 1.
1137 668 1166 718 5.
1188 643 1268 740 p.II
1288 667 1317 718 c.
1329 646 1372 716 13
1392 669 1427 717 n.
1436 644 1484 737 5).

324 769 380 838 13.
416 764 493 840 Nec
519 766 671 838 minoris
697 766 831 839 valoris
858 768 915 837 est
947 764 1022 836 alia
1048 765 1211 838 collectio
1237 764 1404 858 specialis
1431 787 1486 838 ec-

217 887 351 960 «lasiae
383 885 823 972 Thessalonicensis,
859 907 953 977 quae
986 884 1100 978 gestis
1133 884 1263 978 synodi
1297 883 1487 957 Romanae

223 1004 496 1077 5555531551)
521 1003 711 1076 Bonifacio
736 1002 772 1073 11
797 1003 949 1076 habitae
976 1006 1059 1074 tota
1085 1003 1236 1092 inserta,
1264 1025 1337 1075 uon
1368 1027 1487 1097 pauca

224 1125 440 1197 documenta
457 1123 534 1195 sola
550 1122 654 1195 nobis
671 1122 890 1194 transmisit.
936 1119 1036 1205 Quae
1053 1121 1200 1215 quidem
1225 1123 1385 1215 primum
1402 1121 1486 1192 Lu-

229 1267 298 1316 cas
323 1242 589 1315 Holstenius
616 1242 654 1312 in
682 1243 870 1313 collectione
897 1242 1058 1313 11555555
1074 1239 1214 1313 Romae
1235 1243 1331 1312 1662
1359 1265 1404 1314 ex
1430 1264 1486 1315 co-

231 1363 359 1436 dicibus
375 1360 615 1433 Vaticanis
643 1360 760 1431 5751
781 1361 820 1431 56
839 1360 956 1431 6339
984 1359 1120 1454 publici
1142 1358 1237 1452 juris
1256 1359 1354 1450 fecit,
1383 1361 1487 1454 cujus

235 1482 332 1554 simul
354 1504 465 1575 opera
491 1479 603 1552 iidem
631 1478 1164 1552 incodicemBarberinum
1192 1481 1308 1552 3386
1336 1481 1486 1575 diligen·
1532 1535 1541 1552 .

241 1606 286 1673 ter
313 1599 482 1693 exscripti
513 1602 612 1670 sunt.
673 1596 799 1671 Dictos
831 1598 971 1671 codices
997 1597 1212 1687 1156155555,
1247 1622 1336 1692 quos
1368 1599 1487 1672 Balle-

240 1719 309 1790 rinii
337 1719 499 1791 invenire
530 1740 605 1790 non
638 1720 856 1811 potuerunt,
890 1717 967 1810 ipse
1000 1717 1142 1811 inspexi
1174 1721 1213 1789 et
1245 1741 1310 1812 pro
1336 1741 1376 1791 re
1402 1740 1487 1790 mea

240 1838 439 1910 examinavi.
494 1835 654 1920 Quorum
683 1836 783 1929 prior
809 1835 1113 1909 membranaceus
1140 1837 1311 1909 foliorum
1341 1839 1385 1908 77
1416 1837 1487 1909 for·

240 1981 310 2030 mae
331 1957 533 2050 quadratae
560 1957 667 2028 Liba·
692 1956 938 2027 5051555551
964 1957 1005 2027 dc
1025 1955 1133 2027 Bobio
1160 1955 1373 2052 insignitus,
1402 1956 1486 2030 cha-

240 2077 421 2149 racteribus
447 2075 635 2149 saeculum
662 2074 694 2146 X
722 2074 861 2168 prodit,
890 2074 986 2147 alter
1011 2074 1182 2147 foliorum
1202 2076 1274 2148 378
1302 2075 1487 2150 maximae

240 2196 359 2269 formae
375 2196 564 2269 saeculum
581 2193 666 2265 XVI
685 2194 793 2285 (conf.
813 2193 929 2266 etiam
942 2191 1122 2266 Constant
1139 2193 1258 2267 Praei.
1277 2195 1485 2282 5165164,

240 2312 456 2388 8511555111.
484 2337 514 2387 5.
543 2338 577 2408 p.
604 2312 640 2384 II
666 2336 696 2386 5.
730 2315 773 2383 13
800 2335 836 2383 n.
867 2313 991 2403 1—4).

325 2436 379 2505 14.
416 2431 555 2505 Statim
587 2433 655 2505 hoc
685 2433 764 2504 Ioco
795 2431 1079 2503 memoraverim
1105 2432 1406 2505 collectiones
1432 2433 1487 2506 ad

239 2575 381 2625 causas
398 2550 610 2625 Nestorii
637 2553 675 2624 56
700 2549 972 2644 Eutychetis
998 2549 1242 2643 pertinentes
1271 2552 1366 2624 unde
1384 2551 1487 2624 nobis

238 2672 421 2766 complun'a
446 2671 583 2743 summi
600 2669 781 2743 momenti
798 2669 1019 2742 documenta
1045 2667 1234 2763 pontificia
1260 2671 1486 2764 prodierunt.

237 2788 279 2862 115
301 2815 411 2864 causa
436 2788 599 2863 Nestorii
631 2793 670 2862 et
696 2787 838 2862 concilii
864 2787 1038 2882 Ephesini
1064 2788 1212 2880 quidem
1245 2791 1486 2883 praestantis·

235 2909 305 2982 simi
321 2911 460 2983 codices
478 2909 517 2981 hi
534 2911 637 2982 sunt:
666 2907 864 3001 capituli
882 2906 1159 2980 Veronensis
1177 2906 1318 2979 LVIII
1345 2910 1487 3000 (5156)

235 3051 328 3121 quem
362 3032 630 3101 vocalissimum
668 3025 873 3113 Ballerinii,
913 3024 1084 3099 Maassen
1122 3049 1191 3099 555.
1232 3025 1489 3100 Reifferscheid

236 3146 363 3220 55511
391 3151 517 3236 vocat,
544 3145 889 3219 Bellovaeensis
916 3167 1014 3217 nunc
1041 3146 1156 3217 Poris.
1184 3147 1242 3218 lot.
1264 3148 1367 3217 1456
1393 3168 1486 3219 saec.

236 3263 285 3341 XI
309 3264 501 3338 aBaluzio
527 3267 567 3337 in
593 3265 753 3338 editione
771 3264 1006 3337 conciliorum
1024 3261 1168 3337 Veneta
1189 3264 1387 3353 adhibitus,
1416 3265 1488 3338 duo

235 3383 489 3458 t'asinenses
522 3409 546 3457 a
572 3383 611 3456 P.
632 3383 840 3455 Christiano
873 3382 976 3477 Lupo
1003 3383 1147 3479 vulga-ti
1174 3383 1248 3474 (Ad
1272 3385 1499 3476 1151551555

237 3505 399 3576 ancilium
431 3507 607 3577 coriorum
637 3504 784 3575 Putrem
811 3504 970 3594 epistolae
996 3527 1037 3576 ec
1064 3504 1134 3575 115.
1164 3504 1296 3576 Cassio.
1324 3506 1393 3577 565.
1421 3503 1488 3576 Lo

237 3622 319 3693 5511
350 3623 472 3713 1682).
526 3621 776 3695 Vaticanus
807 3622 938 3709 1319,
967 3621 1271 3695 membranaceus
1298 3645 1392 3695 saec.
1420 3620 1490 3693 XII

238 3738 389 3813 loliorum
416 3764 514 3814 max.
533 3741 674 3813 formae
694 3742 784 3829 266,
811 3763 921 3833 quem
948 3741 1190 3835 inspeximus,
1219 3744 1305 3814 acta
1322 3740 1488 3814 concilio·

239 3879 305 3931 mm
321 3850 512 3954 Ephesini,
540 3859 759 3933 antiocheni
782 3862 820 3932 et
838 3858 1139 3934 Calchedonensis
1156 3860 1423 3954 complectitur.
1442 3903 1487 3912 -

242 3972 295 4049 Pro
317 3979 409 4052 actis
435 3979 484 4051 ad
510 3979 704 4054 concilium
722 3978 1012 4051 Calchedonense
1039 3983 1078 4051 et
1103 3980 1234 4052 turbas
1257 3978 1489 4076 Monophysi-

241 4094 318 4168 11555
346 4099 601 4192 spectantibus
633 4122 728 4170 unus
767 4098 1110 4192 praestantissimus
1149 4102 1207 4171 556
1238 4096 1488 4172 Vaticanus

247 4215 340 4286 1322
366 4218 507 4290 formae
532 4218 739 4312 quadratae
767 4217 937 4290 foliorum
957 4219 1048 4307 285,
1076 4217 1261 4313 scriptxua
1284 4218 1490 4311 majuscula

243 4352 313 4406 555
335 4336 525 4410 saeculum
550 4335 601 4407 VI
627 4339 695 4410 aut
721 4334 790 4406 VII
816 4335 1042 4431 significans;
1071 4337 1175 4430 eujus
1202 4337 1390 4431 exemplar
1416 4337 1489 4432 ple·

244 4449 309 4524 nius
332 4454 369 4525 in
394 4452 669 4528 Veronensis
702 4456 898 4550 capituli
932 4457 1020 4529 cod.
1050 4454 1163 4527 XXX
1197 4459 1304 4548 (5555.
1325 4454 1489 4545 Χ-ΧΙ)

243 4565 416 4645 iuvenitur.
461 4574 536 4646 Alii
555 4572 769 4649 Vaticani
792 4577 883 4645 1321
914 4575 1099 4664 (loliorum
1122 4601 1220 4649 max.
1241 4577 1382 4649 formae
1402 4577 1490 4666 219)

241 4692 269 4759 a
301 4693 410 4763 1323
443 4693 519 4783 (fol.
553 4718 650 4766 max.
686 4695 790 4766 form
828 4696 931 4782 199),
965 4695 1029 4787 qui
1061 4698 1209 4790 praeter
1241 4697 1370 4769 eadem
1404 4699 1491 4768 acta

239 4809 401 4900 quaedam
419 4812 468 4883 ad
486 4836 637 4885 causam
654 4813 769 4885 trium
788 4812 1033 4907 capitulorum
1060 4815 1286 4907 pertinentia
1304 4814 1488 4893 exhibent.

237 4923 369 5003 demum
400 4931 589 5005 saeculum
623 4931 709 5003 XIII
742 4934 810 5003 aut
840 4930 926 5003 XIV
959 4956 1048 5026 prae
1079 4956 1118 5006 se
1150 4934 1285 5007 ferunt.
1346 4930 1491 5006 Summi
