3450 5678
672 259 842 309 serarum
867 251 938 309 130.
1381 248 1443 314 949
1480 213 1484 218 ⁴

168 422 267 499 taque
289 433 399 477 corum
420 412 594 477 obstinatio
617 415 675 497 cst,
699 417 735 478 ut
756 435 850 479 omne
872 414 1049 499 periculum
1070 437 1129 500 pro
1151 416 1210 480 tali
1232 417 1320 482 facta
1336 422 1442 504 parati
1455 437 1549 487 acac.

167 516 237 581 sint
258 515 426 580 sustinere.
470 514 575 600 Igitur
595 515 823 600 praecedentes
845 537 956 582 omnes
988 518 1073 583 circa
1101 519 1190 603 pacis
1218 521 1360 585 studium
1389 545 1443 587 ne-

169 617 343 685 cessarium
371 638 482 683 causas
510 616 763 701 considerantes,
797 617 871 703 quia
903 640 961 703 per
988 619 1090 684 solam
1121 620 1218 685 istam
1250 622 1442 689 humilitatis

168 720 255 785 viam
276 740 477 784 communem
498 718 645 784 omnibus
668 719 848 784 unitionem
869 722 903 784 et
923 720 1060 786 salutem
1081 721 1279 807 invenimus,
1306 724 1442 790 interro-

167 825 297 908 gantes,
320 822 405 886 sicut
426 821 548 886 dictum
571 823 630 905 est,
655 824 687 886 et
708 821 945 887 satisfacientes
966 821 1057 887 vobis
1079 823 1121 888 ah
1143 823 1217 908 illis,
1243 826 1296 910 qui
1319 849 1339 890 a
1354 827 1442 892 vobis

166 924 204 988 in
225 922 287 988 hoc
308 923 441 1008 negotio
464 926 540 988 sunt
556 922 725 1007 destinati,
756 945 884 988 causam
906 945 978 988 cum
999 924 1152 1010 pacifica,
1176 949 1239 1011 qua
1261 949 1316 992 vos
1338 927 1440 1012 decet,

166 1025 403 1112 gubernatione
425 1024 626 1110 dispensetis.
664 1024 749 1090 Nam
771 1025 846 1089 dum
867 1047 932 1089 una
954 1028 1087 1112 utraque
1103 1027 1147 1091 sit
1161 1028 1307 1112 ecclesia,
1331 1031 1442 1114 procul

166 1127 265 1194 dubio
293 1131 326 1192 et
352 1127 453 1210 bona,
489 1148 571 1211 quae
598 1148 656 1211 per
682 1126 887 1213 vigilantiam
915 1128 1082 1212 eveniunt,
1116 1130 1295 1195 communis
1326 1131 1441 1197 exinde

165 1229 271 1296 laudis
293 1228 397 1316 gloria
418 1229 595 1314 utrisquefl)
617 1228 887 1314 patriarchalibus
910 1229 1038 1294 sedibus
1060 1230 1206 1314 rimatur,
1231 1235 1267 1295 ut
1290 1238 1441 1298 consuete

166 1332 311 1399 omnium
325 1331 482 1396 Dominus
497 1333 531 1395 et
546 1330 692 1396 conditor
707 1329 853 1397 Christus
868 1353 962 1396 verus
977 1330 1063 1397 Deus
1078 1336 1188 1398 noster
1203 1335 1438 1420 magnificetur.

166 1433 217 1499 De
238 1433 290 1499 his
312 1436 419 1498 autem
446 1432 594 1497 omnibus
622 1454 745 1498 summo
773 1432 862 1498 vobis
891 1433 1113 1518 supplicentur
1135 1435 1251 1500 affectu
1273 1434 1439 1502 Johannes

166 1534 389 1602 sanctissimus
411 1535 596 1620 episcopus,
623 1535 741 1601 multos
762 1537 928 1601 nobiscum
950 1534 1080 1601 sudores
1102 1536 1139 1601 in
1159 1539 1323 1621 praesenti
1345 1539 1439 1624 depo·

164 1659 248 1704 nans
277 1637 466 1721 certamine,
500 1641 532 1702 et
559 1636 772 1703 Heraclianus
801 1637 1083 1703 reverendissimus
1111 1639 1280 1724 presbyter
1307 1645 1439 1708 sanctae

165 1742 297 1805 nostrae
323 1739 455 1823 majoris
482 1739 634 1805 ecclesiae
662 1742 695 1805 et
722 1738 957 1826 cohabitatcr⁷)
984 1744 1108 1825 nostor,
1144 1745 1177 1806 et
1206 1741 1439 1809 Constantinus

164 1840 447 1907 reverendissimus
463 1842 615 1906 diaconus
631 1842 773 1927 ejusdem
787 1842 918 1927 majoris
935 1842 1097 1926 ecclesiae,
1114 1865 1173 1928 per
1188 1865 1265 1928 quoa
1281 1847 1314 1909 et
1328 1848 1439 1910 nostra

164 1943 333 2028 synodalia
353 1942 529 2029 symbolae)
553 1943 727 2009 secundum
749 1944 981 2010 ecclesiasticas
1004 1947 1129 2010 vestrae
1155 1945 1364 2010 beatitudinis
1386 1947 1491 2031 desp.
1504 1968 1559 2018 131.

163 2044 356 2111 stinatimus
378 2044 477 2130 leges.
521 2044 617 2111 Nunc
644 2045 746 2131 igitur
771 2046 908 2132 piissimi
935 2046 1039 2112 nostri
1065 2046 1268 2131 imperatoris
1296 2048 1438 2113 studium

165 2147 252 2213 circa
281 2150 466 2212 sanctarum
494 2147 700 2213 ecclesiarum
727 2148 907 2213 unitionem
934 2149 1139 2214 ostendentes
1147 2151 1191 2236 ⁹),
1226 2149 1369 2233 pacificis
1397 2152 1438 2215 ad

163 2251 304 2315 vestram
326 2249 557 2314 beatitudinem
580 2250 618 2314 dc
640 2249 690 2315 his
713 2251 817 2314 causis
837 2251 956 2315 utendo
970 2249 1098 2334 litteris,
1122 2254 1155 2315 et
1169 2250 1295 2316 oblatas
1309 2251 1438 2316 sibimet

164 2351 206 2416 ab
226 2349 529 2435 Hierosolymitanis
551 2355 584 2416 et
606 2351 825 2417 Orientalibus
846 2351 1019 2436 petitiones
1041 2352 1225 2417 destinavit.
1270 2352 1337 2418 Nos
1359 2375 1437 2441 ergo

163 2452 366 2518 occasionem
388 2453 592 2518 salutationis
614 2454 759 2519 invenire
783 2453 935 2536 volentes,
959 2451 1044 2518 hanc
1066 2453 1106 2517 ad
1128 2475 1184 2518 vos
1209 2454 1344 2520 fecimus
1371 2456 1436 2540 epi·

163 2554 296 2638 stolam,
319 2576 377 2639 per
398 2576 494 2639 quam
517 2556 747 2639 supplicamus,
771 2557 987 2639 proponentes
1009 2555 1098 2619 vobis
1119 2556 1330 2621 sanctissimis
1351 2557 1437 2623 hanc

162 2677 274 2722 vocem
295 2656 452 2721 divinam:
476 2662 555 2722 Ecce
576 2670 690 2739 tempus
712 2662 907 2737 acceptabile,
932 2678 1002 2722 ecce
1016 2679 1097 2722 nunc
1111 2663 1176 2721 dies
1189 2660 1314 2723 salutis!
1349 2658 1435 2725 Ecce
1447 2640 1531 2763 ²6⁰?

164 2757 299 2824 credidit
331 2758 424 2824 nobis
457 2758 600 2823 omnium
626 2758 783 2823 Dominus
815 2758 990 2841 talentum,
1024 2758 1107 2843 quod
1140 2762 1434 2848 augmentatumw)
1481 2751 1517 2776 ”

162 2860 266 2944 possit
287 2860 414 2925 restitui
436 2860 513 2925 boni
535 2860 641 2946 operis
669 2860 793 2944 fructu,
822 2861 902 2946 et¹¹)
931 2860 1055 2925 salvare
1076 2882 1134 2945 per
1161 2859 1355 2926 laudabilem
1384 2886 1434 2928 ve-

231 3117 252 3184 ῦ)
270 3115 289 3169 1)
303 3133 338 3170 cc
357 3120 501 3185 Utriusque.
536 3115 601 3170 Mox
613 3116 685 3170 forte
696 3115 847 3186 legendum
859 3117 922 3186 (pro
939 3119 1056 3184 rimatur)
1070 3121 1213 3180 derivare,
1232 3117 1261 3171 et
1272 3117 1356 3187 paulo
1369 3120 1434 3172 ante

161 3220 213 3255 aaa
229 3210 338 3270 utraque
352 3207 384 3267 fit
402 3202 536 3269 (nonsit).
576 3200 673 3269 Neque
691 3216 757 3254 vero
776 3199 997 3267 existimandum,
1015 3211 1136 3271 utrasque
1152 3206 1343 3270 patriarchales
1359 3210 1435 3258 sedes

162 3285 198 3340 ab
216 3283 374 3356 Epiphanio
396 3285 552 3340 Rommam
575 3285 605 3340 et
626 3283 966 3356 Constantinopolitanam
993 3284 1054 3340 dici.
1100 3284 1209 3356 Quippe
1236 3286 1284 3354 qui
1310 3286 1433 3344 studiose

161 3369 233 3426 adeo
252 3370 381 3438 carebat,
399 3386 434 3425 ne
453 3369 519 3439 quid
538 3370 612 3439 quod
629 3369 795 3426 Hormisdae
813 3369 959 3425 offensioni
976 3386 1036 3425 ease
1053 3371 1148 3442 posset
1165 3371 1316 3440 proferret,
1334 3373 1432 3443 procul

161 3455 275 3521 aberat,
296 3455 329 3509 ut
349 3454 444 3510 sedem
466 3472 544 3509 suem
566 3454 782 3525 patriarchalem
801 3455 1024 3525 cognominaret,
1047 3472 1131 3525 quarn
1148 3456 1268 3510 Romani
1287 3457 1432 3527 pontifices

160 3540 294 3594 hactenus
313 3559 343 3594 ne
360 3545 520 3595 interserta
538 3546 648 3608 quidem,
672 3542 704 3594 ut
727 3539 768 3594 ait
785 3538 911 3596 Gelasius
933 3538 1006 3610 epist
1023 3544 1056 3593 16
1074 3558 1099 3593 n.
1122 3546 1166 3606 10,
1189 3542 1326 3597 recenseri
1348 3559 1432 3613 posse

161 3624 376 3680 contendissent.
420 3623 475 3680 Sed
501 3637 631 3694 utramque
658 3631 789 3679 eeclesiam
814 3624 948 3695 iutelligit
970 3622 1140 3680 Orientalem
1163 3626 1192 3680 et
1216 3625 1431 3696 Occidentalem‚

160 3726 292 3781 graecam
310 3711 340 3766 et
355 3709 479 3764 latinam.

228 3799 250 3864 7)
269 3794 374 3851 Graece
393 3793 553 3864 σύγκελλος,
577 3795 650 3863 quod
673 3794 772 3850 eadem
790 3795 898 3851 ratione
916 3797 945 3851 et
963 3794 999 3850 ab
1018 3795 1129 3864 eodem,
1152 3796 1184 3850 ut
1200 3795 1323 3864 videtur,
1347 3797 1431 3855 inter·

159 3883 241 3953 preto
259 3879 338 3952 epist.
360 3886 407 3935 131
425 3898 451 3935 n.
471 3887 487 3935 3
504 3880 592 3935 latino
609 3879 663 3934 fuit
681 3896 851 3935 conversum.
887 3879 945 3935 Usu
962 3882 1057 3935 tanim
1075 3882 1219 3951 receptum
1237 3888 1311 3950 erat,
1335 3888 1367 3938 ut
1384 3885 1431 3953 qui

159 3968 214 4022 hoc
239 3965 411 4036 fungebatur
437 3982 564 4033 munere,
592 3965 677 4021 etiam
701 3965 788 4020 latine
815 3970 941 4035 syncellus
968 3971 1108 4026 diceretur,
1137 3981 1193 4035 quo
1221 3965 1332 4023 nomine
1354 3973 1429 4025 recte

160 4051 249 4108 utitur
265 4050 413 4107 Dioscorus
436 4050 516 4120 epist.
538 4057 598 4116 111,
621 4051 688 4105 dum
709 4048 896 4121 Epiphaniam
914 4049 1049 4105 Johannis
1071 4057 1208 4120 speretium
1233 4050 1288 4122 ipsi
1309 4054 1430 4109 iohanni

160 4135 324 4193 successisse
336 4135 455 4191 nuntiat.
485 4135 556 4190 Eum
568 4137 662 4190 autem
673 4135 843 4202 iohannem,
861 4133 909 4204 qui
925 4133 972 4188 hic
988 4132 1114 4204 proxime
1132 4134 1262 4191 laudatus
1278 4140 1332 4205 est,
1351 4137 1429 4193 Clau-

160 4221 350 4293 diopolitanae
369 4219 489 4276 civitatis
507 4219 667 4290 episcopum
684 4219 776 4287 fuisse,
793 4236 911 4288 sequens
929 4219 1047 4290 epistola
1063 4227 1117 4275 n.3
1135 4220 1224 4276 docet.

228 4305 372 4377 ε)111,(1“.
402 4305 453 4359 Ed.
473 4304 563 4359 omit.
582 4309 702 4373 symbola.

226 4394 249 4462 ⁹)
266 4390 334 4446 bec
351 4396 515 4446 attendentis.
550 4389 675 4445 Verbum
697 4395 860 4445 ostendentes
882 4389 976 4445 autem
994 4389 1031 4445 ad
1052 4396 1190 4459 petitiones
1206 4390 1306 4447 referri
1327 4393 1428 4463 potest,

160 4476 280 4533 maxime
298 4494 384 4546 quum
401 4476 488 4531 verbo
506 4480 605 4531 citatas
622 4475 813 4545 praeponatur
830 4486 864 4531 et.

230 4564 261 4631 ¹⁰)
278 4562 323 4616 lta
340 4560 374 4617 G¹
389 4565 415 4616 οἵ
432 4578 485 4629 sq.;
503 4561 572 4617 1111)ἱ
587 4563 615 4615 a⁸
632 4570 796 4630 auprrteattua.

229 4649 261 4717 ¹¹)
280 4646 313 4701 G¹
327 4648 353 4701 a¹
373 4658 400 4701 ut
415 4652 519 4710 salomi,
538 4648 604 4701 bcc
623 4658 648 4700 et
664 4653 772 4711 actuari,
791 4644 924 4700 orationis
941 4644 1026 4700 series
1043 4645 1169 4717 postulat
1181 4656 1205 4700 et
1217 4652 1326 4702 saltare.
1354 4647 1425 4703 Tum

159 4748 212 4803 per
229 4737 453 4801 dispensationem,
473 4749 544 4802 quae
561 4731 717 4802 temtatur,
735 4729 909 4801 indulgentia
920 4729 1086 4786 etr-emissio
1099 4730 1244 4786 severioris
1257 4731 1426 4803 disciplinae,

159 4817 209 4876 illa
226 4816 397 4873 Graecorum
416 4812 605 4886 διατόπωοις,
624 4816 774 4886 οἰκονομία
792 4814 836 4870 vel
855 4815 1080 4886 οογκαοοὶβασις,
1100 4815 1278 4885 significatur.
