3450 5678
556 785 819 884 MONITA
862 786 1160 885 PRAEVIA

844 1005 880 1052 lu

450 1160 686 1222 EPISTOLAS
708 1161 983 1224 ROMANORUM
1005 1161 1274 1223 PONTIFIOUM

259 1330 491 1422 uiuant,
532 1329 819 1423 sinecion,
860 1299 1443 1423 ecclesiasticisis,

291 1465 605 1541 nunsrnsu
630 1466 691 1557 ιι,
727 1467 1039 1559 eruuncffl,
1084 1466 1418 1542 Honursunu.

759 1656 960 1665 ——--——-

688 1777 842 1850 Manita
867 1778 1029 1871 praevia

530 1945 575 2016 in
600 1943 753 2017 Hilari
779 1969 924 2040 papae
950 1946 1189 2040 epistolas,

397 2183 436 2244 In
456 2182 560 2244 Hilari
581 2182 775 2261 epistolant
798 2179 1012 2264 (,,Σπουὸὴν“,
1035 2187 1186 2258 „Studium
1208 2181 1321 2266 mitid).

307 2304 403 2362 Exstat
425 2307 451 2361 in
474 2305 563 2361 latinis
586 2305 723 2361 codicibus
746 2304 914 2362 collectionis
937 2304 1176 2369 Calchedouensis,
1206 2323 1238 2361 er
1261 2305 1359 2379 quibus
1382 2309 1410 2363 in
1432 2306 1493 2364 cod.
1507 2299 1553 2369 [11²
1566 2300 1631 2369 Eds]

218 2392 358 2447 venetum
373 2409 396 2446 s.
412 2390 491 2446 blarci
508 2391 546 2448 te
563 2389 588 2462 (a
599 2390 747 2446 balleriniis
764 2393 829 2447 coll.
837 2391 931 2447 XXII
934 2389 1081 2464 signatura)
1098 2390 1220 2446 traducta
1236 2390 1296 2447 tuit.
1313 2391 1342 2447 ln
1358 2391 1494 2466 plerisque

219 2494 285 2533 sero
300 2475 441 2532 codicibus
458 2475 564 2531 Graccis
580 2474 702 2546 ejusdem
717 2474 885 2531 collectionis
902 2474 1127 2532 Calclrcdoncnsis
1144 2475 1325 2539 desideratum
1348 2484 1375 2531 at
1390 2478 1495 2533 aliote-

221 2562 289 2617 lerio
306 2563 415 2616 inventa
431 2560 481 2615 suit
497 2562 524 2615 in
539 2559 647 2615 duobus
663 2558 836 2635 mssliegiis,
854 2577 885 2616 os
902 2560 999 2634 quibus
1016 2577 1073 2615 curn
1089 2559 1173 2616 edidit
1187 2560 1493 2618 inblonurnent.ecclcs

223 2647 317 2703 Graec.
342 2645 435 2701 tenni
456 2662 519 2719 pag.
531 2645 580 2704 60.
627 2645 762 2719 Originale
785 2645 896 2701 latinum
919 2645 1002 2716 hujus
1018 2645 1149 2719 epistolae
1164 2645 1334 2702 intercidisse
1349 2646 1493 2722 credimus.

224 2729 334 2786 latinus
363 2732 561 2792 winiterius,
586 2732 631 2804 qui
654 2739 795 2804 superest,
819 2738 897 2786 vetus
918 2732 1009 2804 potius
1031 2747 1064 2785 cn
1080 2729 1181 2786 Gracco
1203 2731 1392 2805 interpretatio
1415 2748 1493 2805 quain

226 2815 365 2890 originalis
389 2815 504 2871 ridetur.
542 2814 617 2871 Unde
640 2815 768 2872 chronica
782 2817 886 2872 notatio
909 2832 963 2872 noir
980 2816 1069 2871 minus
1090 2816 1118 2871 iu
1135 2815 1236 2871 Graeco
1259 2833 1338 2890 quani
1360 2817 1387 2871 in
1410 2816 1493 2871 latino

227 2909 300 2955 textu
316 2899 407 2964 deest,
431 2917 510 2998 quani
532 2900 632 2956 latinus
647 2900 779 2957 collector
800 2917 908 2974 seraper
930 2900 1075 2975 supplevit,
1099 2901 1205 2998 quoties
1229 2899 1359 2974 originale
1382 2901 1494 2955 latinuui

229 3078 314 3125 autem
328 3028 477 3126 secundum
490 3070 648 3127 ballerinii
642 3088 668 3127 in
685 3030 804 3127 editione
819 3088 866 3126 sua
878 3069 945 3146 opp.
959 3069 1057 3126 Leonis
1074 3068 1107 3125 bl.
1125 3078 1191 3125 torn
1204 3068 1291 3143 lpag.
1300 3068 1361 3126 925
1379 3002 1494 3125 vindica·

231 3166 330 3217 tertiat,
339 3173 408 3229 quos
422 3173 535 3229 prorsus
546 3158 695 3229 sequimur.
707 3155 855 3230 —Scripta
872 3174 935 3212 vcro
952 3156 1003 3211 luit
1018 3156 1084 3211 baec
1099 3154 1221 3229 epistola,
1238 3171 1320 3227 ipuurn
1333 3155 1375 3208 vir
1387 3153 1493 3209 llilarus
1603 3195 1610 3209 .

232 3237 323 3296 honis
346 3241 452 3314 legatus
474 3259 506 3296 cr
521 3243 665 3315 irnpiorurn
682 3240 879 3315 prcsinoruru
895 3241 1017 3297 inanibus
1033 3242 1169 3303 evasisset,
1192 3247 1220 3295 et
1236 3257 1287 3295 unu
1303 3256 1363 3294 curn
1379 3239 1450 3295 illius
1467 3247 1493 3292 ct

232 3326 322 3397 sinodi
332 3324 466 3381 llonranae
481 3326 653 3400 epistolalll
666 3327 737 3383 Idus
751 3327 882 3384 Octobris
893 3329 1011 3384 Asturis
1027 3333 1054 3382 ct
1065 3327 1229 3400 Protopenc
1245 3326 1411 3382 cortentibus
1426 3323 1454 3397 (i.
1468 3341 1492 3378 c.

232 3427 254 3465 ι.
269 3411 339 3484 449)
355 3409 416 3467 data
432 3410 526 3482 (Leon.
544 3413 622 3485 epist.
639 3411 691 3484 45)
708 3412 740 3466 ad
755 3411 923 3468 Pulcheriam
939 3415 1088 3487 Augustani
1104 3412 1259 3467 transmissa
1275 3418 1326 3466 est.

337 3544 376 3605 In
397 3543 500 3605 Hilari
521 3544 666 3623 epistolas
688 3543 707 3604 2
730 3548 762 3607 et
783 3545 802 3605 3
830 3541 957 3626 („Quum
971 3548 1134 3623 pterapuc“
1155 3557 1183 3604 et
1204 3541 1386 3627 „Utinom“).

313 3669 339 3723 1.
364 3665 400 3722 Ex
416 3667 529 3741 Aegidio
545 3667 692 3733 bucherio,
717 3667 794 3737 cujus
815 3669 907 3724 studio
928 3670 956 3724 in
970 3668 1058 3724 lucem
1073 3660 1241 3742 prodierc¹),
1264 3666 1425 3723 exhibentur
1446 3659 1555 3728 bacld³¹
1568 3659 1627 3728 Edi

233 3752 366 3825 epistolae.
417 3753 589 3809 Occasionem
616 3754 648 3809 iis
670 3752 794 3827 praebuit
816 3754 959 3809 vehemens
982 3754 1140 3827 scrupulus,
1178 3770 1232 3826 quo
1252 3752 1307 3808 Leo
1330 3751 1377 3806 diu
1399 3753 1493 3807 stimu-

234 3836 296 3892 latus
324 3838 376 3893 luit
403 3840 472 3893 circa
499 3838 651 3912 paschalem
679 3839 740 3893 anni
768 3837 829 3896 455
853 3838 937 3901 dieni,
966 3841 993 3894 in
1021 3856 1075 3911 quo
1104 3837 1271 3911 designando
1301 3854 1384 3910 quurn
1411 3836 1494 3910 louge

231 3921 415 3985 dissentirent,
445 3939 511 3996 quas
534 3924 662 3979 bostonus
684 3925 771 3979 secuti
800 3931 876 3978 erant
899 3923 1078 3979 occidentales
1108 3939 1228 3997 quasque
1251 3920 1394 3977 orientales
1417 3939 1494 3994 prae-

230 4007 378 4063 scribebant
400 4007 489 4081 leges‚
520 4011 608 4065 ornnia
632 4009 744 4064 tentavit
772 4008 901 4081 providus
922 4007 1058 4082 pontifex,
1090 4009 1129 4063 uti
1159 4007 1303 4064 orientales
1326 4005 1359 4061 ad
1381 4023 1492 4069 moreni,

228 4111 305 4167 quern
334 4095 362 4148 iu
385 4093 524 4148 occidente
553 4102 691 4168 receptum
720 4092 859 4156 credebat,
889 4093 1045 4149 adduceret.
1091 4094 1125 4147 nt
1152 4091 1220 4149 nibil
1248 4109 1427 4166 progressus,
1452 4092 1493 4146 bis

227 4181 337 4235 unitatis
368 4185 394 4232 ct
428 4179 501 4251 pacis
529 4179 620 4235 studio
653 4180 746 4253 potius
775 4195 854 4252 quain
882 4178 963 4234 ullius
990 4178 1148 4234 ruauiiestae
1177 4178 1289 4233 rationis
1317 4177 1493 4251 persuasione

224 4263 376 4320 cedendum
399 4255 515 4335 durit2).
552 4264 605 4320 Sed
628 4281 661 4319 ne
678 4263 742 4337 quid
757 4264 845 4319 sirnile
867 4266 894 4318 iu
909 4272 1050 4338 posterum
1066 4264 1252 4343 contingeret,
1276 4263 1361 4317 rirurn
1377 4262 1492 4335 aliquern

222 4350 373 4424 diligenter
385 4349 489 4422 exquiri
502 4351 638 4423 praecepit
649 4365 739 4405 rerurn
752 4347 908 4420 liujusruodi
922 4350 1048 4422 peritura,
1065 4351 1110 4422 qui
1123 4366 1222 4404 novum
1231 4347 1347 4404 Paschae
1363 4363 1492 4404 canoncur

291 4536 298 4566 ¹
303 4540 311 4589 l
330 4475 444 4597 Aegidii
455 4527 597 4582 Bucherii:
617 4532 656 4581 oe
668 4535 786 4583 doctrina
799 4539 935 4597 temporum
947 4535 1137 4583 connnentenus
1149 4535 1175 4582 in
1188 4534 1328 4583 Victoriana
1340 4532 1493 4597 Aquilonum

216 4616 253 4669 {a
276 4592 359 4666 1364)
377 4597 421 4651 ed
435 4599 573 4674 Antrerp
594 4601 658 4674 1634
675 4614 740 4666 pag
762 4604 822 4650 les

287 4667 384 4733 Leo
396 4664 477 4734 eprst
500 4669 546 4719 138
559 4664 595 4718 ad
613 4663 756 4750 episcopos
769 4663 876 4719 Galliae
894 4684 922 4718 se
938 4671 1023 4720 studio
1039 4671 1144 4719 vinitatis
1162 4674 1186 4717 et
1204 4674 1287 4733 pacis,
1307 4664 1358 4729 siit,
1377 4670 1492 4718 malitiose

213 4743 385 4812 rnientatimn
402 4739 544 4800 definitioni
560 4753 734 4803 acquiescere,
782 4754 831 4786 rum
854 4740 880 4786 in
903 4745 989 4787 tantae
1005 4736 1154 4801 festivitatis
1176 4738 1338 4787 clamantia
1359 4737 1491 4786 diffidere.

212 4803 385 4862 Similiter
376 4819 441 4855 me
426 4802 507 4855 cist.
528 4807 575 4856 rat
594 4804 623 4854 et
641 4808 689 4856 142
708 4802 744 4856 ad
791 4801 894 4856 arcion
913 4739 1040 4871 impertit.
1062 4802 1138 4870 (edit.
1158 4801 1313 4867 Ballerinq)
1332 4801 1360 4853 et
1372 4799 1493 4869 Prosper

212 4878 241 4932 in
262 4871 428 4929 chronico
476 4887 501 4924 a.
519 4876 577 4924 433

247 4975 418 5014 errorores
431 4973 535 5011 ιιοιιιιιι.
550 4974 662 5009 ronrrr.
682 4960 702 5009 l.
1275 4965 1287 5017 ι
