3450 5678
654 335 825 384 urrsronl
849 326 879 383 8.
1017 394 1020 399 p
1350 322 1410 387 757

131 492 269 557 hominis
292 489 447 554 mentitur
469 510 538 553 esse
560 488 766 573 genitricem,
798 489 917 553 oblitus
940 490 1107 574 angelicae
1130 492 1398 578 annuntiationis,
1413 515 1437 553 a.
1449 507 1506 553 515.

130 615 305 679 perquam
327 592 447 657 mundo
468 592 626 674 innotuit,
656 591 731 675 quia
753 592 835 675 quod
859 614 896 656 en
926 615 963 656 ea
991 596 1191 677 nasceretur,
1221 594 1400 660 vocandum
1409 601 1550 668 Laenas.

131 700 215 761 esset
236 697 395 776 sanctum,
419 691 519 755 Filius
542 693 612 757 llei.
658 692 810 758 Facessat
832 694 1002 778 impiorum
1024 698 1092 758 tam
1115 697 1344 761 contumeliosa
1366 698 1402 762 in

130 799 198 863 Deo
213 796 473 862 honorificentia:
496 795 648 880 quoniam
670 794 715 859 sic
736 796 840 859 estin
864 797 954 859 utero
977 797 1113 881 virginis
1131 801 1263 882 operata
1277 798 1401 863 Divini-

129 904 198 983 tas,
232 903 269 963 ut
291 920 329 963 ex
358 921 395 962 ea
422 898 548 982 unita⁷)
576 897 637 961 sibi
664 895 852 982 procederet
878 899 985 962 carnis
1014 894 1208 986 'animaeque
1242 900 1401 965 humanae

131 1002 303 1067 indiscreta
325 1001 451 1085 quidem
473 999 528 1064 sed
551 1021 615 1063 non
640 998 773 1063 confusa
796 999 994 1064 connexione
1016 1001 1215 1085 substantia3
1245 1003 1344 1067 etsie
1367 1003 1401 1068 in

131 1106 273 1188 utrisque
295 1103 419 1168 naturis
442 1124 500 1187 pro
523 1104 651 1166 nostrae
673 1100 900 1185 redemptionis
922 1101 1093 1167 dilectione
1109 1103 1229 1168 Christi
1244 1104 1322 1168 Jesu
1338 1104 1400 1169 Do

130 1207 210 1271 nrini
232 1206 333 1270 nostri
357 1226 494 1289 persona
509 1226 574 1268 una
590 1207 649 1286 est,
674 1203 864 1267 aedificante
878 1204 1032 1287 mysterio
1049 1254 1145 1269 ......
1154 1207 1181 1290 ⁸)
1198 1205 1401 1271 restitutione

129 1311 265 1373 mortem
293 1307 400 1371 subire
427 1305 667 1390 potuisset
692 1309 828 1370 naturae
860 1306 1074 1390 fragilitatem
1103 1307 1248 1372 coelestis
1275 1308 1401 1392 imperii

130 1409 266 1475 valuerit
288 1410 406 1473 virtute
428 1430 595 1492 reparare,
633 1407 683 1471 vel
711 1408 758 1471 ita
779 1429 837 1492 pro
866 1407 992 1472 unitate
1014 1431 1168 1492 personae
1191 1413 1224 1473 et
1245 1408 1401 1474 Dominus

129 1511 308 1596 majestatis
332 1511 500 1574 crucifixus
523 1513 555 1573 et
570 1509 671 1573 Filius
686 1509 825 1573 hominis
848 1509 996 1574 credatur
1018 1511 1219 1576 descendisse
1241 1510 1280 1574 de
1302 1511 1399 1576 coelo.

129 1613 319 1698 Eutyehctis
342 1634 465 1696 quoque
487 1611 673 1697 ignorantia
697 1611 793 1697 ....⁹)
822 1611 978 1675 bonorum
1007 1613 1149 1677 omnium
1178 1616 1210 1677 et
1236 1614 1307 1698 ipso
1330 1636 1402 1679 cum

129 1716 224 1780 sociis
247 1713 437 1779 detestanda
455 1714 525 1795 jam
547 1714 677 1777 nomine
699 1714 866 1778 abdicetur
887 1714 1057 1797 hebetudo,
1081 1715 1135 1798 qui
1157 1715 1262 1780 Deum
1284 1719 1318 1781 et
1338 1716 1401 1780 Do-

129 1819 251 1881 minum
278 1819 424 1880 nostrrun
450 1815 562 1880 desum
585 1815 747 1880 Christum
783 1816 921 1901 figuram
953 1820 1081 1881 tautum
1116 1818 1221 1882 cuniis
1252 1817 1401 1883 habuisse

129 1922 267 1984 testatus
290 1921 349 2001 est,
374 1922 407 1982 et
428 1921 558 1981 nostrae
575 1917 742 1981 veritatem
759 1939 825 1981 non
841 1918 991 1982 habuisse
1006 1918 1217 2003 substantiae,
1241 1921 1399 2003 nesciens,
1472 1930 1475 1934 ⁴

129 2023 168 2086 de
183 2043 246 2106 quo
261 2020 451 2104 promissum
472 2020 525 2102 sit,
550 2019 624 2104 quia
646 2025 787 2084 uidebant
803 2033 1016 2101 persecutores
1037 2026 1114 2101 ejus,
1137 2029 1168 2086 r'n
1184 2044 1268 2102 prtem
1280 2045 1400 2102 praeno·
1414 1997 1492 2119 33³2,

129 2136 245 2189 verrent.
279 2122 330 2186 Ita
352 2122 494 2186 enimin
516 2145 581 2185 una
603 2121 776 2205 eademque
798 2143 935 2205 persona
956 2123 1101 2207 persistit
1122 2127 1256 2208 utraque
1271 2127 1397 2208 natura,
1411 2107 1500 2187 Za’chs

128 2231 165 2291 ut
187 2225 273 2290 Deus
296 2228 391 2308 atquc
414 2224 508 2287 homo
531 2245 612 2287 unus
636 2222 695 2287 Dei
719 2223 818 2287 Filius
840 2224 936 2288 Jesus
959 2224 1104 2289 Christus
1136 2225 1276 2290 fidelium
1300 2225 1399 2290 cordi·
1414 2206 1499 2268 ¹2¹⁰·

129 2329 188 2394 bus
210 2329 411 2412 apparescat.
446 2323 528 2400 Quid
551 2325 637 2389 enirn
659 2325 876 2411 quadraghrta
898 2326 1022 2390 diorum
1043 2331 1118 2411 post
1136 2327 1401 2393 resurrectionem

129 2429 260 2494 Domini
284 2451 355 2492 cum
376 2427 558 2492 hominibus
582 2427 780 2492 conviventis
808 2431 840 2491 ot
862 2429 1083 2493 convescentis
1112 2430 1180 2514 egit
1206 2430 1399 2514 praesentia,

128 2532 192 2596 nisi
219 2530 253 2595 in
280 2531 352 2595 istis
385 2519 526 2614 riegotiis
554 2529 698 2612 illorum,
739 2530 793 2614 qui
822 2529 991 2593 veritatem
1020 2531 1126 2595 carnis
1154 2531 1222 2615 ejus
1250 2533 1401 2617 negaturi

130 2637 238 2716 erant,
273 2632 431 2697 seniorem
458 2631 581 2696 faceret
609 2635 749 2696 aetatem
777 2632 950 2695 curationis
978 2633 1094 2719 essem)
1117 2656 1213 2718 quam
1235 2634 1399 2698 uulneris?

130 2736 183 2801 Sic
204 2735 291 2800 enim
313 2735 394 2798 dixit
417 2734 456 2797 ad
479 2735 667 2817 discipulos:
692 2738 769 2808 Ouid
791 2740 932 2814 copitalia
954 2741 985 2799 ia
1007 2741 1149 2800 cordibus
1170 2742 1297 2800 vestris?
1330 2710 1532 2833 Pul-{ggffffg

126 2849 201 2919 pute
215 2849 244 2902 et
260 2844 366 2915 uidete,
391 2844 463 2916 piria
484 2843 609 2915 spiritus
629 2857 753 2901 circuens
775 2847 804 2900 et
826 2857 893 2900 ossa
915 2858 974 2901 non
996 2842 1100 2915 lrabct,
1129 2845 1206 2902 sicul
1227 2860 1273 2901 me
1294 2844 1400 2902 videtis

129 2947 250 3005 trabere.
288 2938 400 3023 Neque
423 2939 538 3002 fuisset
557 2937 756 3022 mysterium,
781 2937 864 3022 quod
887 2939 977 3002 ost-iis
1000 2939 1039 3002 ad
1062 2961 1115 3002 eos
1138 2937 1254 3003 clausis
1276 2939 1400 3024 ingres·

129 3065 183 3106 sus
206 3046 265 3124 est,
289 3042 316 3105 si
339 3040 561 3125 integritatem
584 3040 716 3104 humani
740 3041 880 3124 eorporis
902 3062 969 3104 non
991 3041 1139 3105 habebat.
1173 3040 1346 3105 Possumus
1361 3064 1399 3105 ex

131 3144 190 3208 hoc
212 3144 295 3208 dono
319 3141 407 3206 verbi
429 3141 674 3225 praecedentem
702 3141 830 3226 lougius
852 3142 995 3225 proferre
1018 3164 1209 3226 sermonem,
1239 3143 1294 3208 scd
1321 3144 1399 3208 satis

196 3369 217 3432 ¹)
237 3364 376 3417 Hactenus
399 3361 558 3415 obtinuerat
581 3368 665 3415 revellas
688 3366 722 3415 ibi
746 3365 912 3429 procederet,
942 3361 1008 3414 vitio
1032 3361 1221 3430 librariorum,
1248 3362 1296 3432 qui
1318 3379 1399 3416 voces

131 3449 195 3502 olim
218 3450 254 3503 al»
277 3447 440 3516 arrtiqnariis
468 3447 631 3500 indiscretas
655 3449 730 3501 reete
753 3463 884 3516 separare
911 3447 1075 3501 nescierant.
1119 3447 1280 3516 Legeudurn
1307 3448 1400 3503 fuerat

131 3541 200 3588 uuita
222 3538 282 3595 sibi,
307 3531 412 3587 seilicet
437 3537 576 3588 llioiuiluli.
616 3532 681 3585 Mox
703 3532 731 3585 in
754 3531 875 3599 vulgatis
892 3537 1008 3585 burrum
1027 3538 1137 3602 quidem,
1161 3538 1275 3587 sednon
1294 3537 1401 3600 eorrfresa

131 3625 287 3674 ‹euuexioue
305 3622 461 3671 substaniae
479 3627 504 3671 et
522 3623 552 3673 si.
591 3617 632 3670 Ex
651 3617 684 3672 G¹
705 3634 866 3672 revocamus
883 3622 1024 3671 substantia
1043 3628 1067 3671 et
1085 3624 1136 3670 sic:
1159 3619 1243 3672 antea
1260 3634 1326 3672 vcro
1347 3635 1399 3687 pro

131 3711 246 3758 increata
265 3703 300 3756 dc
318 3704 413 3756 nostro
431 3701 577 3755 restituere
596 3703 676 3756 nobis
693 3702 777 3757 licere
796 3703 951 3758 eansrrimus
968 3709 1122 3764 inclames,
1141 3701 1194 3756 hoo
1206 3704 1262 3768 ost,
1276 3707 1397 3756 indivisa.

132 3789 174 3844 lta
198 3790 252 3844 hac
278 3806 333 3843 una
359 3787 497 3842 sententia
518 3787 680 3856 Eutychetis
703 3790 732 3841 et
747 3787 877 3842 ⁴Nestorii
904 3788 1048 3857 oppositae
1067 3787 1195 3841 haereses
1222 3786 1303 3841 simul
1329 3787 1400 3858 peri-

132 3876 250 3928 muntur.

198 3962 218 4028 ⁸)
236 3958 288 4013 llic
305 3959 333 4012 in
352 3958 386 4013 G¹
406 3957 499 4025 unius,
518 3960 546 4012 et
564 3975 626 4012 mox
646 3957 777 4013 dimidiae
795 3959 885 4012 linoae
904 3956 1025 4027 spatium
1043 3974 1160 4011 vacuum
1178 3956 1314 4011 relictum.
1350 3958 1400 4012 La·

133 4062 229 4099 cimam
248 4061 309 4099 eam
328 4042 474 4112 supplendi
498 4043 579 4112 copia
601 4044 680 4097 nobis
704 4044 798 4097 defuit.
842 4044 963 4097 Tantum
982 4043 1174 4107 observamus,
1196 4042 1266 4095 hacc
1284 4041 1320 4096 ad
1342 4042 1400 4096 imi-

133 4129 266 4183 tationem
285 4128 361 4183 dieta
379 4146 438 4182 essu
456 4129 605 4182 verborum
618 4127 718 4183 Leonis
736 4128 815 4198 epist.
830 4135 862 4182 ‘28
881 4128 916 4181 ad
934 4127 1097 4182 Flavianum
1116 4145 1137 4180 c.
1153 4134 1180 4180 5:
1204 4132 1319 4196 Propter
1337 4132 1402 4181 berae

133 4235 192 4283 erpo
209 4221 329 4268 unitatem
350 4235 478 4282 personae
501 4219 527 4266 iu
549 4225 656 4284 atraque
675 4225 767 4268 aratura
789 4218 976 4281 irrlelliqeudom
994 4224 1019 4265 e!
1038 4219 1106 4280 filius
1123 4217 1228 4266 leorrriuis
1246 4219 1339 4281 legitur·
1357 4220 1400 4267 de-

133 4305 259 4355 scendisse
278 4305 310 4353 (le
328 4306 398 4354 coelo
475 4310 500 4353 el
516 4319 606 4352 rursus
621 4305 688 4365 filias
707 4304 757 4352 Ilei
773 4304 911 4365 erucifiacus
929 4303 1031 4355 dicitur.

198 4387 220 4454 ⁹)
239 4384 273 4440 G¹
293 4391 366 4453 ipaor
440 4388 568 4439 bonoram.
605 4382 759 4453 spatiolum
781 4400 897 4438 vacuum
915 4381 1050 4437 Baronius
1072 4382 1168 4437 addito
1185 4370 1321 4437 uocabulo
1340 4387 1401 4437 divi·

134 4491 218 4525 uorum
235 4469 368 4540 implevit.
410 4469 477 4538 Ejus
499 4469 560 4522 loco
579 4489 675 4538 expers
697 4468 787 4538 niagis
808 4468 939 4538 placeret.
980 4468 1045 4522 Mox
1069 4468 1112 4523 ed.
1134 4474 1284 4523 detestando
1356 4488 1400 4536 ap·

134 4567 218 4624 paret.

200 4642 231 4708 ¹⁰)
249 4638 353 4709 Supplc
371 4645 469 4708 prorius:
489 4657 560 4707 quiue
578 4639 716 4709 particula
734 4640 816 4694 otiam
836 4637 909 4694 infra
927 4638 1006 4710 epist.
1023 4645 1053 4693 14
1071 4645 1125 4693 nl
1147 4640 1178 4692 ut
1196 4641 1224 4691 et
1242 4637 1309 4691 alibi
1326 4637 1401 4707 apud

134 4724 261 4794 antiquos
283 4726 378 4795 patres
400 4743 455 4779 non
477 4741 540 4778 raro
564 4724 704 4779 reticetur.
745 4726 805 4780 lloc
827 4727 922 4779 autern
944 4724 997 4778 sibi
1015 4725 1086 4778 vult:
1111 4728 1168 4777 ll⁷isi
1189 4729 1215 4775 in
1238 4726 1276 4775 lus
1295 4728 1402 4790 nepotas

134 4816 273 4878 effecisset,
291 4824 317 4864 ul
334 4817 421 4865 senior·
438 4822 511 4863 aelus·
528 4818 699 4878 ‹rprrslolorrua
717 4817 776 4872 illis,
796 4818 839 4881 qui
856 4817 977 4881 ‹leiaeepe
994 4813 1126 4865 veritatem
1145 4813 1230 4862 errrrrr's
1249 4812 1305 4874 ejrrs
1327 4821 1402 4861 erari(

134 4902 260 4965 aepulari,
279 4901 418 4950 cia-arione·
436 4906 501 4949 esset
519 4903 604 4964 polias
622 4917 711 4959 carcaa,
731 4917 804 4966 quam
821 4904 939 4951 uulneris.
