3450 5678
265 286 331 375 184⁴
721 321 749 369 s.
768 318 934 369 sinemcn
957 318 1071 366 anana

155 481 329 546 14111011
356 477 502 563 permoti,
532 476 614 560 quod
644 474 711 540 illia
732 475 819 539 infra
841 471 1021 539 Ecclesiam
1049 472 1110 538 Dei
1138 472 1362 538 scandalorum
1395 476 1537 541 recidiva

264 583 442 648 nascuntur
463 578 623 660 incendia,
647 578 701 641 uhi
723 577 850 663 toties³)
873 576 1065 641 arictriritatc
1087 575 1282 661 apostolicae
1304 577 1387 642 sedis
1411 581 1446 643 ct
1466 601 1537 644 sen-

264 684 369 750 tentia
391 681 504 767 synodi
526 680 715 745 universalis
744 680 903 745 exstincta
931 683 1015 744 sunt.
1062 679 1121 745 Oui
1142 701 1280 764 namque
1308 679 1344 744 in
1368 683 1439 747 toto
1461 683 1538 748 orbe

265 792 422 851 terrarum
452 806 522 849 erun
551 784 761 868 perversitate
795 783 981 868 dogmatum
1008 781 1221 846 nefandorum
1247 781 1407 868 Nestorii,
1436 783 1539 870 Euty·

267 888 369 954 chetis
391 886 599 971 Dioscorique
626 887 800 970 damnatio,
831 887 881 951 cui
903 884 1062 949 Timothei
1090 906 1197 949 rursus
1224 884 1467 953 Alexandrinae
1490 910 1543 953 ec·

268 991 382 1056 clesioe
404 989 584 1075 pervasoris
607 1011 673 1053 non
696 994 742 1053 est
766 993 843 1053 nota
866 987 1026 1071 dejectio?
1054 986 1160 1051 Testis
1175 991 1224 1051 est
1238 988 1415 1075 1111111111)
1431 988 1541 1075 Ephe

267 1094 372 1159 sinum
379 1144 387 1177 ,
426 1094 518 1156 testis
552 1095 601 1154 est
634 1113 744 1156 recens
774 1091 1033 1157 Cialchedonense
1062 1090 1242 1174 concilium,
1277 1090 1361 1175 quod
1393 1091 1542 1177 quisquis

267 1196 427 1261 desiderat
454 1194 634 1277 retractari,
671 1195 706 1258 in
733 1215 866 1258 numero
892 1193 1034 1257 fidelium
1055 1178 1091 1256 se
1110 1193 1301 1278 pronuntiat
1321 1215 1387 1259 non
1410 1194 1542 1262 haberi:
1588 1244 1593 1249 -

267 1296 364 1384 quum
391 1297 627 1383 praedictorum
655 1296 729 1360 talis
756 1297 920 1380 impietae,
960 1295 1176 1382 arrctorihus⁵)
1206 1295 1304 1360 etiarn
1337 1297 1544 1382 principibus

270 1401 465 1467 Christianis
488 1422 553 1465 non
577 1398 679 1464 solum
702 1400 743 1463 oh
758 1399 923 1463 Ecclesiae
947 1420 1077 1483 corpore
1100 1420 1209 1463 verum
1232 1398 1359 1464 acoetu
1373 1398 1545 1465 hominum

269 1505 389 1570 exsiliis
420 1506 591 1587 scgregata
617 1500 769 1584 diversis,
805 1501 916 1565 inritae
944 1501 1124 1566 sententiae
1152 1500 1360 1566 damnatione
1387 1524 1545 1587 pereussa

270 1611 326 1672 est.
371 1607 420 1670 De
448 1627 581 1690 ‹puonrm
608 1603 690 1669 nihil
717 1607 766 1668 est
797 1626 882 1668 nime
905 1626 1011 1668 errore
1039 1604 1219 1689 dicendum,
1248 1606 1324 1690 qrria
1344 1608 1419 1689 post
1442 1606 1545 1671 tradi-

269 1711 390 1774 tionem
412 1711 576 1773 tantorum
592 1706 722 1772 Domini
746 1707 956 1799 sacerdotnm,
980 1707 1034 1790 qui
1056 1707 1153 1792 longe
1176 1711 1251 1771 ante
1265 1728 1325 1772 nos
1340 1708 1376 1772 in
1390 1708 1549 1781 universa

270 1811 381 1876 mundi
407 1814 500 1895 parte
532 1810 590 1874 has
623 1831 746 1893 quoquc
773 1809 921 1874 haereses
953 1810 1133 1893 evicerunt,
1168 1810 1281 1877 heatae
1308 1810 1547 1877 recordationis

270 1914 493 1999 praedeeessor
516 1914 625 1976 noster
640 1910 703 1976 Leo
726 1912 896 1997 multiplici
911 1933 1056 1977 sermono
1072 1912 1247 1994 doetrinae,
1271 1912 1346 1996 quid
1362 1912 1547 1980 catholicae

270 2016 414 2080 veritatis
430 2017 581 2099 sequatur
596 2014 779 2099 integritas,
803 2015 878 2099 quid
896 2015 1082 2096 detestetur,
1101 2015 1245 2079 assensit.
1275 2013 1346 2079 Hac
1362 2015 1549 2083 eruditione

270 2118 406 2182 hnnlata
439 2139 504 2181 non
535 2117 740 2181 contentione
769 2139 847 2201 (spiris
877 2121 941 2200 est,
975 2120 1012 2181 nt
1043 2116 1147 2181 adhue
1174 2120 1339 2202 tamquam
1367 2118 1408 2184 de
1437 2119 1549 2187 dubiis

266 2220 437 2304 judicetur.
488 2218 549 2284 Sed
578 2219 662 2283 sieut
694 2219 898 2285 dilectionem
926 2223 1065 2283 vestram
1093 2219 1268 2303 gaudemus
1295 2221 1414 2305 facere,
1443 2222 1550 2289 firmis

271 2327 383 2388 contra
406 2321 546 2404 dejectos
569 2325 654 2386 state
676 2322 832 2407 vestigiis,
864 2345 923 2385 nec
946 2344 1001 2386 vos
1024 2322 1225 2386 aduersarius
1246 2326 1378 2406 terreat,
1401 2328 1461 2389 aut
1480 2328 1551 2391 tar·

271 2427 345 2490 dam
368 2424 488 2509 prutetis
510 2425 645 2508 desuper
667 2425 777 2489 verrire
800 2425 977 2489 victoriam.
1024 2424 1144 2491 Cadere
1167 2425 1295 2509 didicit,
1319 2425 1374 2510 qui
1395 2427 1548 2495 resultat.

356 2528 386 2591 2.
422 2526 568 2591 Breviter
590 2525 668 2590 haec
692 2528 732 2590 ad
756 2528 1024 2592 consultationem
1052 2528 1149 2593 immo
1172 2527 1269 2592 etiam
1290 2528 1551 2597 consolationem

273 2635 399 2696 vestrae
422 2630 606 2715 scripsimus
631 2630 770 2714 caritati,
793 2631 937 2694 volentes
964 2631 1097 2715 aliquos,
1117 2630 1393 2723 =quemadmodum
1415 2632 1549 2718 cupitis,

271 2757 330 2820 pro
360 2755 474 2798 causae
503 2733 695 2797 necessitate
723 2732 872 2817 dirigere,
901 2733 963 2797 nisi
997 2733 1036 2797 ad
1068 2756 1194 2798 omnem
1222 2733 1457 2819 plenitudinem
1480 2758 1550 2802 non

268 2837 337 2921 jam
359 2835 589 2918 defendendae,
619 2857 700 2919 (puae
723 2834 822 2899 solide
846 2836 936 2920 jacta
960 2839 1017 2919 est,
1048 2836 1120 2901 fidei
1144 2839 1199 2900 sed
1221 2836 1413 2921 repellendis
1435 2836 1551 2905 haere

272 2940 345 3004 tieis
368 2942 464 3023 atque
495 2938 655 3002 danmatis
683 2938 739 3003 illa
761 2939 957 3021 sufficerent,
988 2959 1068 3022 (puae
1091 2939 1188 3002 etiam
1212 2939 1250 3002 ad
1273 2942 1405 3004 sanctae
1427 2961 1552 3007 meme

272 3043 338 3106 riae
361 3042 551 3106 hlaivianum
575 3044 671 3124 atque
699 3040 739 3105 ad
767 3044 912 3105 sanctam
935 3039 1230 3106 Calchedonensem
1252 3042 1408 3126 synodum
1430 3043 1484 3107 vel
1508 3044 1551 3110 ad

273 3148 429 3228 augustae
452 3143 682 3208 reeordationis
698 3142 899 3208 Marcianum
923 3165 959 3207 ac
977 3142 1115 3207 Leonem
1137 3143 1252 3208 beatae
1268 3144 1441 3210 memoriae
1455 3152 1551 3213 ante-

274 3268 429 3311 cessorem
458 3268 563 3309 meum
591 3246 754 3330 scripsisse
784 3226 945 3330 retinetis,
982 3250 1077 3331 atque
1105 3245 1204 3309 totius
1233 3246 1383 3311 Orientis
1402 3247 1552 3335 episcopi

273 3347 437 3431 rescriptis
446 3349 472 3431 6)
496 3347 535 3410 ad
564 3348 743 3432 principem
772 3352 850 3412 tunc
872 3348 1011 3411 Leonem
1039 3348 1177 3433 propriis
1204 3348 1405 3415 intimarimt.
1450 3349 1553 3417 Unde

274 3448 442 3512 insolubile
465 3470 533 3511 esse
556 3471 621 3513 non
644 3448 774 3513 (1111111111
797 3453 855 3532 est,
883 3450 966 3533 ‹prrod
989 3451 1038 3513 vel
1062 3455 1138 3515 alite
1160 3450 1369 3516 decreverunt
1388 3452 1425 3517 in
1445 3474 1554 3521 unum

275 3549 501 3613 convenientes
524 3552 572 3613 tot
594 3550 724 3614 Domini
748 3551 939 3633 sacerdotes,
964 3553 1013 3616 sel
1036 3552 1118 3636 (pared
1135 3552 1254 3637 singuli
1269 3575 1327 3639 per
1348 3576 1424 3619 suas
1446 3556 1553 3623 ecele-

274 3651 337 3715 sias
361 3650 537 3733 eonstituti,
562 3651 672 3715 eadem
694 3651 903 3717 nihilominus
923 3655 1109 3739 sentientes,
1134 3655 1267 3720 diversis
1282 3655 1445 3744 quidena⁷)
1462 3660 1554 3725 voci·

274 3755 333 3817 bus
361 3752 416 3817 sed
439 3775 503 3816 una
525 3757 632 3818 mente
656 3753 815 3841 dixerunt,
846 3757 1037 3821 damnantes
1060 3779 1201 3823 errorum
1228 3758 1475 3826 exsecrabilium
1496 3784 1554 3829 an·

276 3900 406 3908 ——-·-

274 3958 362 4014 stolae
380 3958 409 4011 in
426 3957 547 4028 vulgatis
565 3959 729 4029 praemissa:
754 3966 907 4017 Clen'eornn
925 3983 956 4016 uc
974 3967 1148 4017 sponsaliorum
1168 3966 1388 4033 Constantinopoli
1404 3970 1557 4035 deponetur

271 4051 335 4113 fidei
351 4051 518 4099 resistentiam
536 4052 698 4100 corrrrnemlnl.

341 4131 363 4198 ¹)
381 4129 486 4183 Rursus
505 4130 577 4185 infra
596 4132 700 4202 epist?
719 4141 770 4187 nl
791 4132 947 4204 Simplicius
965 4132 1073 4188 litteras
1096 4131 1149 4186 sihi
1165 4149 1216 4202 por
1235 4136 1407 4202 Epiphanius
1429 4134 1558 4195 troiffim

275 4215 419 4281 memorat,
439 4216 486 4269 sed
506 4217 624 4271 alterum
643 4217 846 4285 cognominem,
866 4220 963 4287 utpote
982 4217 1030 4285 qui
1048 4216 1180 4272 (liaconus
1198 4217 1363 4288 appelletur.

342 4304 363 4371 ³)
383 4301 426 4355 lta
444 4300 478 4355 (11
493 4304 528 4356 a¹.
566 4306 591 4355 e⁷
610 4309 693 4360 rosires.
731 4303 761 4357 In
781 4303 898 4373 epistola
918 4302 1045 4372 sequenti
1063 4301 1190 4358 similiter
1207 4302 1281 4358 idom
1299 4322 1376 4376 papa
1393 4309 1508 4376 monet,
1525 4312 1561 4367 ut

275 4408 306 4443 ne
325 4391 522 4463 retinetene
540 4398 636 4441 enititur
654 4395 785 4443 visitentur.
1420 4390 1425 4401 '

343 4475 364 4541 ⁴)
384 4477 506 4527 Anlcrr‘nr
524 4476 604 4526 vocal
624 4473 659 4527 ad
678 4473 826 4546 ‹liserimcn
845 4473 983 4527 latrocinii
1001 4473 1146 4544 Ephesini‚
1169 4474 1244 4543 qnod
1262 4474 1402 4545 posterius
1419 4476 1492 4548 snit,
1512 4482 1560 4537 vel

276 4559 362 4613 etiam
380 4559 446 4626 qnia
464 4558 697 4623 Calchedonense,
716 4560 791 4626 quod
809 4580 898 4613 reeens
916 4560 1066 4629 nuncupat,
1084 4560 1245 4629 praecessit.

343 4647 364 4711 ὖ)
385 4645 426 4699 lta
445 4646 489 4699 G'.
525 4643 599 4697 Editi
618 4642 762 4698 (terroribus
780 4657 805 4698 et
821 4649 980 4714 [111ἠοί1111111
1053 4666 1069 4698 u
1087 4655 1159 4699 coelo
1178 4652 1289 4699 eninirnn.

343 4734 365 4787 “l
383 4730 460 4795 erae
477 4729 617 4784 hahentur
634 4729 708 4783 inter
726 4731 789 4783 acta
812 4728 920 4783 concilii
938 4729 1169 4784 Calchedonensis
1187 4733 1260 4800 part.
1275 4730 1312 4784 lll
1330 4736 1451 4788 116-41
1474 4736 1561 4803 (Har-

276 4815 349 4869 duin
370 4815 430 4869 coll.
439 4832 525 4890 ,cone
540 4815 573 4881 ll,
588 4820 740 4881 703—772).
810 4814 917 4868 11111111ι
935 4814 1001 4869 editi
1021 4821 1128 4870 artocreis
1146 4821 1209 4885 perid
1224 4820 1334 4873 noriam.

344 4904 364 4967 ⁷)
383 4901 424 4955 lla
444 4901 477 4956 G'
492 4901 536 4957 Gl.
572 4898 648 4954 Editi
666 4906 727 4971 qnid
801 4907 949 4956 rlurnnontes
968 4921 1052 4956 eornm
1070 4904 1273 4958 exsecrabilium.
1298 4887 1302 4895 Δ
