3450 5678
620 339 791 391 arrs'roun
816 325 866 390 42.
1170 392 1175 406 ,
1314 323 1379 413 4651

190 493 415 583 neveluiott),
439 517 520 580 quae
544 496 725 581 appellatur
747 496 900 579 Thomas,
925 497 1118 582 apocrypha.
1396 507 1482 556 atta

189 599 366 681 Revelatio,
390 621 471 682 quae
494 599 676 683 appellatur
698 599 801 682 Pauli,
826 599 1020 685 apocrypha.
1390 575 1482 623 ‘4⁹⁶'

189 701 367 785 RevelatiO,
384 723 472 785 xquae
495 702 678 786 appellatur
700 700 867 785 Stephani,
891 701 1085 787 apocrypha.

189 804 349 889 hibern),
383 805 438 888 qui
466 804 649 888 appellatur
681 803 851 868 Transitus
884 804 916 868 id
951 808 1000 868 est
1032 806 1211 889 assumptio
1244 809 1376 870 sanctae

103 907 238 990 Mariae,
262 906 473 992 apocryphas.

188 1008 343 1094 hiberii),
366 1010 421 1094 qui
444 1009 625 1105 appellatur
648 1009 852 1072 Poenitentia
874 1009 976 1093 Adae,
1000 1009 1211 1094 apocryphus

190 1111 285 1175 Liber
311 1111 351 1176 de
359 1110 399 1195 63)
429 1111 491 1197 Ogi
520 1111 648 1175 homine
675 1111 822 1196 gigante,
851 1111 906 1195 qui
936 1134 1008 1175 cum
1035 1112 1173 1176 dracone
1202 1115 1276 1196 post
1297 1113 1377 1178 dilu-

51 1202 74 1226 '
98 1213 190 1276 nium
214 1213 255 1277 ab
276 1213 447 1277 haereticis
469 1235 632 1298 pugnasse
655 1214 800 1298 fingitur,
825 1213 1038 1304 apocryphus.

189 1314 294 1399 Liber,
318 1317 372 1399 qui
396 1315 577 1399 appellatur
598 1315 843 1380 Testamentum
864 1316 938 1399 Job,
963 1318 1173 1402 apocryphus

189 1415 293 1500 Liber,
317 1418 372 1503 qui
395 1418 576 1503 appellatur
597 1418 804 1483 Poenitentia
827 1419 988 1503 Origeuis,
1013 1419 1224 1503 apocryphus.

190 1519 293 1603 Liber,
318 1520 372 1605 qui
387 1519 569 1605 appellatur
584 1519 836 1606 Poenitentiaffl)
852 1523 957 1585 sancti
974 1521 1137 1605 Cypriani,
1161 1523 1386 1607 apocryphus.¹
1447 1562 1461 1583 .

172 1761 206 1829 ⁸⁰)
223 1759 310 1815 Deest
325 1757 355 1813 in
373 1758 433 1814 cod.
452 1757 521 1813 Lab.
535 1765 564 1813 et
575 1759 632 1813 ΗΝ.
662 1759 727 1813 Mox
745 1760 777 1814 θ’
789 1760 816 1838 J?
835 1760 943 1815 addunt
961 1767 1083 1828 apostoli,
1102 1760 1178 1830 quod
1196 1761 1278 1817 abest
1294 1780 1312 1817 a
1328 1778 1377 1833 po-

85 1844 223 1900 fioribus
234 1861 299 1899 mss.
328 1844 366 1899 Et
381 1844 455 1898 forte
472 1844 606 1913 hocopus
619 1844 744 1899 Thomas
756 1845 875 1900 Manetis
892 1843 1018 1914 discipuli
1031 1846 1100 1899 erat.
1128 1845 1299 1902 Eorumdem
1311 1865 1374 1902 mss.

87 1925 271 1986 auctoritate
294 1931 380 1986 etiam
401 1929 431 1983 in
452 1929 579 1997 sequenti
600 1946 682 1984 versu
705 1930 886 2001 expunximus
907 1930 982 1985 idem
1005 1938 1118 1999 apostmi
1140 1933 1320 2000 vombulum,
1344 1950 1378 1988 ac

90 2014 205 2070 deinde
222 2017 399 2084 remittente
418 2017 562 2083 Stephani).

171 2103 204 2169 ⁸¹)
222 2099 260 2155 Η8
277 2106 407 2156 Revelatio
430 2121 495 2171 qaae
512 2108 658 2168 appellatur
681 2109 816 2158 translatio
834 2108 851 2156 i.
869 2123 891 2156 e.
910 2108 1052 2170 adsumptio
1070 2115 1176 2157 sanctae
1195 2107 1309 2157 Mariae.
1342 2104 1377 2158 li(¹

91 2184 142 2240 F·
156 2185 192 2241 Ο*
205 2185 245 2240 X¹
262 2187 292 2241 et
309 2189 326 2257 β
343 2185 492 2255 (inferioris
510 2186 604 2255 notae)
622 2194 747 2241 transitus
764 2199 870 2241 sanctae
887 2191 991 2242 Martae
1009 2208 1108 2256 apocr„
1128 2189 1157 2242 et
1169 2187 1249 2242 aaut
1266 2190 1284 2256 β
1302 2192 1375 2243 Idem

96 2277 242 2340 assmptio
259 2292 324 2341 guae
341 2284 446 2326 sanctae
458 2275 562 2324 ituriae
580 2280 727 2340 appellatur
744 2293 833 2341 apocr.
855 2276 881 2326 Γ
896 2273 1002 2327 omittit
1016 2280 1144 2328 assumtio.
1157 2303 1191 2311 -
1204 2272 1376 2342 Opusoulum

96 2354 178 2411 istud
195 2356 247 2411 sub
265 2356 376 2412 nomine
392 2355 481 2411 Meliti
498 2348 543 2410 iel
560 2355 700 2411 Melitonis
718 2356 893 2425 Smyrnensis
911 2358 999 2415 lotum
1016 2357 1326 2428 Pseudo-Hieronymus
1347 2359 1377 2413 in

104 2457 233 2505 sannone
255 2441 290 2497 de
308 2441 499 2512 assumptione
516 2440 544 2493 b.
563 2442 669 2496 Mariae
687 2442 724 2496 ad
740 2442 857 2497 Paulam
880 2444 909 2497 ot
925 2442 1056 2497 Eustoch.
1076 2443 1161 2512 paulo
1183 2446 1249 2513 post
1267 2444 1378 2498 initium

105 2528 246 2582 memorat
263 2527 307 2582 his
323 2528 430 2583 verbis:
457 2532 497 2580 Ne
513 2523 584 2596 sorte
602 2535 626 2582 si
639 2535 737 2583 uenerit
755 2535 780 2582 in
797 2550 883 2583 titanus
895 2540 994 2583 uestras
1007 2533 1070 2582 iilud
1080 2534 1252 2598 apocrpplnrm
1265 2537 1297 2584 dc
1309 2543 1379 2584 tran·

106 2618 155 2665 ritu
172 2618 287 2681 qudem
304 2619 422 2682 virginis,
441 2618 517 2669 dubia
532 2636 583 2685 pro
601 2623 672 2668 certo
689 2620 830 2683 recipiatis.
1453 2607 1458 2613 ¹

96 2693 102 2703 “
175 2700 208 2768 ⁸¹)
226 2698 310 2769 Apud
331 2699 521 2770 Epiphanium
544 2701 622 2754 haer.
640 2705 672 2752 26
695 2717 721 2751 n.
740 2703 755 2752 8
778 2693 1022 2766 ἀποκαλύψεις
1050 2701 1110 2753 τοῦ
1131 2694 1229 2768 Ἀδάμ
1251 2701 1379 2766 vocatum

108 2798 170 2837 usin
188 2781 265 2844 idem
282 2783 337 2839 hoo
354 2802 424 2855 opus
443 2801 505 2866 esse
522 2785 604 2840 docet
622 2783 763 2838 Cedrenus
781 2783 799 2835 l.
813 2800 835 2836 e.

171 2870 205 2937 ⁸³)
222 2867 259 2922 Et
276 2867 321 2924 hic
338 2886 424 2939 quum
441 2871 563 2925 maxima
581 2870 617 2924 sit
635 2869 762 2923 codicum
773 2868 908 2934 varietas,
926 2868 1049 2937 singulas
1061 2885 1157 2923 eorum
1168 2867 1302 2924 lectiones
1315 2871 1378 2924 sub-

107 2950 228 3021 jicimus,
246 2954 279 3007 ut
295 2970 329 3008 ex
345 2954 389 3008 his
407 2956 509 3025 seligat
526 2956 656 3024 quisque,
674 2970 760 3023 qnam
771 2952 861 3022 magis
873 2952 1041 3023 probaverit.
1069 2953 1159 3022 Igitur
1171 2953 1209 3007 Ηἰ
1221 2960 1253 3009 de
1266 2959 1378 3023 Engiani

106 3045 202 3092 nornine
220 3048 329 3107 gigante.
363 3039 398 3094 F'
415 3041 508 3110 prima
524 3058 608 3096 manu
627 3044 729 3108 Eugea,
749 3055 802 3092 sec.
821 3055 907 3097 manu
924 3042 1034 3105 Eugenii
1050 3060 1067 3092 a
1086 3045 1182 3093 nomine
1198 3046 1310 3108 gigante.
1342 3038 1376 3093 C*
1430 3103 1436 3120 ἱ

106 3122 137 3175 θ’
150 3122 183 3177 0¹
203 3124 233 3177 et
254 3129 350 3178 lmus.
370 3125 534 3180 Hormisdae
557 3133 588 3179 de
613 3129 729 3192 Eugenia
752 3123 794 3191 (0²
817 3140 871 3177 seo.
895 3139 979 3176 manu
1006 3127 1130 3192 l'cgenr'a)
1152 3129 1251 3178 viciniae
1272 3130 1378 3193 gigante

103 3206 149 3275 (0¹
163 3211 298 3277 giganta),
318 3227 402 3277 quarn
419 3211 568 3265 lectionem
586 3208 720 3280 praetulit
733 3206 853 3261 Chililet.
887 3207 942 3262 Sed
959 3207 1060 3263 deinde
1078 3209 1247 3263 substituere
1266 3211 1378 3263 coactus

104 3295 148 3346 est
166 3314 244 3363 grear,
260 3293 329 3348 licet
345 3296 374 3349 in
393 3294 520 3351 omnibus
537 3296 616 3350 libris
633 3294 744 3364 legatur
762 3299 812 3363 gai.
840 3294 857 3362 β
875 3299 907 3347 de
921 3296 1004 3361 Eogiu
1020 3314 1084 3347 nom.
1103 3301 1212 3363 gigante.
1238 3294 1379 3348 Exhibeat

102 3377 154 3432 atii
170 3380 280 3449 septem
301 3384 333 3434 de
355 3367 438 3450 Vegia
460 3388 557 3437 nomine
578 3386 689 3449 gigante.
725 3376 746 3430 F
749 3386 759 3420 i
776 3377 808 3430 tif
823 3377 862 3430 X*
883 3384 914 3431 de
935 3381 1001 3445 Ugia
1022 3399 1110 3433 nornen
1130 3385 1241 3449 gigantis
1263 3379 1310 3447 (X'
1334 3400 1378 3434 no-

101 3471 168 3518 rnine
184 3466 311 3534 gigante),
329 3464 365 3519 Ι(4
384 3471 416 3519 dc
431 3470 528 3536 Vigitia
546 3471 643 3520 nomine
661 3469 774 3533 gigante,
794 3462 828 3516 Fi
840 3463 880 3516 ΕΝ
894 3462 928 3516 0²
941 3465 967 3516 a¹
982 3480 1012 3517 ec
1030 3469 1062 3517 de
1078 3468 1156 3533 Ogiae
1174 3460 1226 3533 (ΕΝ
1239 3467 1312 3535 Ogia)
1333 3486 1377 3520 nos

99 3555 168 3602 nine
188 3555 300 3618 gigantis
318 3550 363 3620 (F‘¹
375 3550 415 3604 ΡΜ
432 3554 560 3620 gigante),
579 3550 612 3603 F²
623 3550 667 3602 H*
679 3555 710 3603 de
724 3552 809 3615 Engia
827 3554 923 3602 nomine
939 3553 1052 3617 gigante.
1082 3548 1190 3604 Deinde
1209 3549 1277 3604 editi
1290 3556 1334 3620 gai
1346 3553 1378 3604 ab

100 3639 242 3688 Mentiris
252 3655 306 3689 wan
317 3641 431 3711 dracone
446 3648 506 3705 post
518 3643 635 3691 dilnvium
645 3654 774 3702 pugnasse
789 3625 898 3702 fingitur
914 3632 957 3700 (θ’
968 3632 1003 3687 F*
1014 3633 1036 3687 F
1038 3636 1049 3672 ἅ
1063 3634 1103 3687 F*n
1121 3638 1287 3704 perhibetur).
1320 3634 1377 3690 Six-

101 3724 149 3774 tus
167 3717 296 3775 werris
313 3719 391 3776 lius
409 3721 597 3776 bibliothecae
615 3736 710 3774 merae
733 3718 836 3772 librum
855 3721 891 3787 Op
908 3725 978 3786 regis
995 3722 1086 3773 Busan
1104 3720 1195 3788 (Num.
1210 3726 1256 3787 21,
1268 3723 1312 3790 33)
1330 3737 1378 3775 no-

101 3804 179 3860 mine
191 3805 380 3876 conscriptum
390 3806 436 3862 hic
447 3806 564 3861 indicari
577 3805 742 3876 suspicatur,
761 3803 876 3873 ejusque
895 3803 1072 3880 conjecturae
1091 3805 1180 3871 fovet,
1198 3804 1274 3872 quod
1286 3804 1314 3859 in
1326 3823 1377 3860 ms.

101 3889 266 3946 colbertino
285 3891 434 3947 Gelssiana
451 3892 591 3961 quaedam
608 3890 767 3960 traginenta
784 3887 943 3942 continente
962 3889 1001 3942 sic
1019 3889 1148 3959 legimus:
1173 3895 1253 3944 Liber
1272 3897 1315 3961 qut
1331 3913 1378 3961 ap-

99 3982 216 4046 pellans:
233 3979 271 4046 Og
288 3983 398 4046 gigantis
416 3999 519 4046 apocr.;
541 3977 587 4032 vel
608 3975 683 4046 quod
707 3974 736 4027 in
753 3974 841 4028 altero
860 3973 985 4042 ejusdem
1003 3973 1191 4030 bibliothecae
1210 3975 1304 4031 codice
1325 3977 1378 4031 hoo

101 4060 250 4116 demetam
266 4061 422 4116 identidem
440 4061 616 4135 decurtatum
630 4078 664 4115 ac
675 4059 834 4113 mutilatum
853 4058 1001 4113 exhibente
1018 4058 1060 4113 ita
1078 4059 1204 4114 effertur:
1227 4066 1307 4116 Liber
1325 4064 1380 4116 nori

52 4180 60 4189 ,
102 4149 144 4216 Og
158 4152 282 4218 mantis,
301 4153 346 4218 gui
362 4168 415 4201 curn
433 4154 546 4203 dracone
557 4158 616 4216 post
635 4152 751 4201 diluuium
766 4164 894 4213 pugnasse
913 4150 1014 4200 dicitur.
1042 4144 1091 4198 Ille
1110 4144 1222 4213 quidem
1236 4149 1272 4213 Og
1284 4145 1377 4216 potius

100 4231 195 4302 Moysi
211 4235 339 4303 tempore
357 4250 420 4288 curn
436 4232 578 4300 Israelitis,
596 4249 680 4299 quam
696 4243 756 4298 post
773 4236 889 4284 dilnvium
907 4251 961 4284 cum
975 4235 1087 4285 dracone
1103 4252 1233 4299 pugnasse
1246 4230 1377 4285 dicendus

100 4316 210 4373 ruisset
238 4319 278 4372 At
294 4318 452 4373 fabulosum
463 4318 628 4388 scriptorem
640 4335 658 4371 a
669 4316 788 4371 veritate
807 4313 941 4368 dissidere
955 4314 1112 4368 mirandum
1124 4333 1180 4370 non
1194 4318 1242 4370 est.
1271 4314 1376 4381 Lectio,

100 4419 190 4473 quarn
211 4403 406 4474 praeferimus,
433 4404 548 4474 propius
570 4420 587 4456 a
608 4401 749 4471 plerisque
772 4418 834 4454 mss.
859 4401 888 4455 et
910 4399 992 4454 editis
1015 4399 1133 4468 recedit,
1156 4401 1376 4469 nominatimque

99 4487 140 4543 1¹¹⁴¹
151 4487 184 4542 Fi
199 4487 241 4543 F*
252 4488 287 4543 Fi
299 4489 337 4544 X*¹
351 4489 385 4544 Ο*
398 4491 415 4561 β
433 4490 459 4544 ei
477 4489 675 4558 suffragantur.
711 4486 826 4541 Photlus
845 4485 904 4541 cod.
921 4491 955 4541 δῦ
972 4489 1062 4539 librant
1082 4490 1228 4556 Giganteutn
1246 4481 1377 4556 (gignie-

100 4593 202 4631 τηαν
220 4576 353 4646 βίβλον)
370 4574 444 4630 inter
462 4575 688 4629 Manichaeorum
706 4570 811 4642 scripta
828 4572 963 4627 recenset.
995 4569 1161 4626 Conferatur
1179 4571 1264 4624 etiam
1282 4568 1378 4624 Fabri-

100 4660 164 4715 cius
181 4660 242 4715 cod.
261 4660 440 4731 pseudepigr.
458 4680 483 4716 v.
502 4664 523 4716 t.
535 4653 608 4731 pag.
626 4666 675 4714 too
693 4677 733 4727 sq.
764 4703 765 4706 ,
1384 4670 1391 4678 ·

172 4747 206 4815 “)
224 4752 240 4801 2
255 4750 281 4801 Γ
290 4766 370 4801 coena
382 4767 402 4801 s.
415 4751 540 4817 Cypriani
544 4769 553 4806 ,·
570 4746 605 4799 Fi
615 4745 655 4799 ΡΜ
669 4744 759 4798 omitt.
773 4749 856 4797 sancti
867 4759 900 4796 ac
912 4741 1012 4796 deinde
1025 4748 1192 4811 poenitentia.
1217 4739 1301 4795 Libro
1314 4739 1378 4795 huie

100 4831 286 4888 occasionem
293 4831 401 4887 dedisse
410 4831 520 4886 ridetur
533 4832 648 4885 contusa
659 4829 797 4900 quaedam
810 4831 869 4881 tum
880 4826 1010 4898 Cypriani
1020 4824 1247 4896 Carthaginensis
1256 4826 1317 4879 tum
1327 4825 1377 4895 Cy·

88 4915 92 4919 ’
98 4917 197 4991 priani
207 4916 287 4989 prins
298 4917 375 4988 magi
387 4935 420 4974 ao
431 4923 531 4988 postea
539 4915 677 4986 martyris,
690 4933 772 4986 quoru
786 4916 811 4970 d.
823 4920 856 4970 26
865 4912 1038 4983 Scptcmbris
1048 4913 1172 4968 Ecclesia
1182 4911 1256 4978 colit,
1267 4909 1376 4968 notitia.

137 5023 297 5060 nersrouns
311 5023 415 5062 sonan.
430 5022 544 5059 nonnis.
563 5008 585 5058 1.
1133 5008 1174 5066 30
