3450 5678
251 275 313 342 952
691 290 719 338 s.
737 287 944 338 nonnisnaa
967 287 1081 335 aaran

128 467 239 536 (acuo.)
251 447 330 511 sisse
345 445 555 530 dignoscitur,
579 442 703 508 habens
717 443 752 507 in
774 445 882 507 mente
904 442 994 525 illud,
1017 442 1102 528 quod
1124 443 1243 508 asueri
1259 444 1378 508 cantici
1395 447 1514 511 auctore

137 552 237 610 Psalm.
251 548 388 613 relatum
416 554 480 611 est:
516 549 555 610 Os
580 566 675 610 meum
704 552 843 625 loquetur
868 552 1065 626 sapientiam,
1097 557 1126 609 et
1152 552 1311 613 meditatio
1338 552 1443 612 caua
1467 554 1518 612 arei

154 631 225 693 48’4·
246 656 454 733 prudentiam.
504 646 598 713 Unde
625 647 799 712 secundum
831 650 953 711 rectam
986 649 1019 711 et
1050 647 1248 732 probabilem
1282 647 1460 713 fidelissimi
1491 654 1518 713 et

253 749 518 819 Christianissimi
540 749 643 814 nostri
664 748 820 833 principis
843 752 876 813 et
896 736 1059 834 piissimae
1081 750 1212 835 reginae
1234 754 1267 815 et
1281 749 1519 835 gloriosissimo

252 875 323 918 rum
346 852 523 917 communis
542 849 735 936 reipublicae
750 871 918 935 procerum
932 851 1138 935 sententiam,
1161 855 1272 917 nostra
1287 874 1415 938 quoque
1430 854 1520 919 etiarn

254 955 397 1021 omnium
417 954 453 1018 in
475 952 536 1017 hac
558 951 637 1017 urbe
658 952 876 1017 habitantium
892 953 1131 1037 testificatione,
1151 953 1310 1039 judicium
1324 952 1419 1020 Pauli
1435 956 1521 1020 mira

143 1068 241 1125 1'lim.
255 1057 330 1123 bilis
364 1055 541 1120 communis
569 1053 734 1119 Ecclesiae
760 1054 898 1118 doctoris
921 1076 988 1119 non
1015 1059 1065 1119 est
1097 1056 1132 1119 in
1167 1077 1204 1120 eo
1235 1055 1441 1139 fraudatum,
1474 1058 1522 1142 qni

174 1146 199 1205 3,
209 1145 233 1192 ²·
256 1156 575 1244 irreprehensibilem
597 1155 712 1220 debere
734 1177 803 1221 esse
825 1157 1009 1240 episcopum
1032 1157 1217 1222 denuntiat:
1244 1158 1292 1221 ita
1318 1163 1354 1224 et
1383 1163 1522 1224 nostruin

254 1261 439 1347 pontificem
462 1258 635 1323 virtuubus
657 1258 797 1342 undique
821 1261 1007 1322 coronatum
1030 1280 1099 1323 esse
1116 1259 1269 1325 videmus.
1307 1259 1417 1344 Igitur
1431 1261 1523 1326 eccle

254 1364 417 1429 siasticam
445 1361 550 1445 legem
577 1358 763 1444 implentes,
798 1359 990 1444 apostolatui
1018 1362 1124 1425 vestro
1151 1361 1357 1427 salutationis
1385 1363 1523 1429 debiturn

254 1465 472 1551 persolventes
500 1462 658 1544 officium,
691 1483 869 1545 speramus,
903 1466 940 1527 nt
968 1461 1104 1546 amplius
1131 1463 1277 1528 caritatis
1303 1463 1470 1530 vinculum
1496 1470 1524 1530 et

254 1571 426 1652 paternum
454 1565 602 1629 affectum
629 1564 714 1629 circa
741 1585 800 1628 nos
829 1564 946 1629 caritas
975 1567 1081 1628 vestra
1109 1564 1267 1629 custodire
1294 1566 1465 1652 dignetur,
1496 1572 1523 1632 a

255 1669 394 1754 sapienti
416 1666 652 1753 gubernatione
668 1668 700 1730 et
715 1665 906 1750 humilitate,
929 1687 1010 1751 quae
1026 1664 1245 1732 Christianum
1265 1668 1369 1752 decet,
1393 1673 1428 1734 et
1441 1691 1524 1734 man·

255 1770 440 1853 suetudine,
467 1789 548 1854 quae
571 1767 612 1832 ad
633 1768 835 1833 rationabilis
856 1768 968 1832 traditi
990 1768 1080 1833 vobis
1102 1768 1194 1833 ovilis
1216 1769 1355 1834 salutem
1377 1771 1523 1856 pertinet,

256 1873 431 1959 peragatis,
456 1891 623 1935 commune
645 1870 769 1934 lucrum
792 1871 1023 1954 existimantes,
1047 1870 1131 1956 quod
1152 1891 1210 1955 per
1231 1893 1288 1935 ros
1305 1876 1338 1936 et
1353 1863 1524 1958 reshnmb

257 1996 446 2060 germanum
469 1976 503 2037 et
524 1972 862 2054 comministratorem,
891 1975 1037 2036 noshum
1060 1976 1166 2037 autem
1189 1973 1356 2038 dominum
1378 1978 1413 2039 et
1433 1977 1524 2061 patri·

161 2089 242 2143 Prov.
257 2076 397 2159 archam,
421 2096 534 2160 pacem
555 2074 654 2139 totius
676 2073 761 2138 orbis
785 2075 990 2139 ecclesiarum
1012 2095 1080 2139 esse
1101 2075 1272 2158 provisam.
1314 2082 1434 2140 Frater
1454 2086 1525 2143 eata

147 2163 277 2243 18’Ῑ9·α
301 2183 407 2256 fratre
435 2176 614 2260 adjuvare)
642 2183 856 2256 spiritualiter,
891 2198 996 2242 murus
1022 2190 1065 2241 est
1092 2181 1341 2256 inexpugnabilis
1370 2191 1400 2242 at
1426 2187 1525 2245 datas

257 2287 390 2362 munita,
426 2301 465 2343 ex
492 2277 609 2342 divinis
638 2280 687 2341 est
715 2278 860 2363 accipere
887 2278 1065 2362 scripturis.
1115 2277 1200 2342 Nam
1228 2279 1255 2342 si
1265 2278 1291 2364 ⁵)
1319 2301 1404 2365 quae
1434 2281 1525 2346 inter·

259 2380 455 2447 cessionibus
477 2384 603 2445 vestrae
625 2379 833 2444 beatitudinis
853 2379 1014 2465 generalis
1028 2380 1249 2465 tranquillitas
1264 2381 1411 2447 ecclesiis
1426 2382 1524 2448 ortlio

19 2490 25 2503 '
105 2500 244 2567 Lucam.
258 2483 413 2548 donorum
438 2482 536 2546 fuerit
563 2482 734 2564 redonata,
768 2481 873 2566 gloria
898 2482 1026 2566 quidam
1059 2481 1096 2546 in
1124 2482 1257 2546 excelsis
1286 2482 1357 2548 Deo
1390 2486 1526 2549 omnium

258 2585 417 2651 Salvatori
440 2605 497 2668 per
519 2584 651 2668 angelos
675 2605 746 2649 cum
767 2582 891 2648 laetitia
913 2584 1087 2666 referetur,
1110 2606 1173 2668 pax
1195 2585 1328 2649 veroin
1350 2590 1439 2651 terra
1460 2609 1525 2651 cou-

218 2676 223 2686 ⁸
258 2686 455 2769 firmabitur,
486 2685 571 2750 bona
594 2689 701 2750 autem
727 2684 875 2750 voluntas
902 2687 937 2750 in
964 2685 1110 2750 fidelibus
1138 2687 1315 2751 communis
1342 2687 1474 2754 Domini
1499 2692 1526 2754 a

258 2787 433 2854 Salvatoris
455 2788 558 2851 nostri
580 2787 658 2851 Jesu
681 2786 802 2853 Christi
824 2788 923 2852 servis
944 2788 1108 2853 fundetur.

341 2890 373 2954 3.
408 2889 574 2974 Adjioient
595 2889 697 2974 igitur
719 2889 837 2953 nostris
860 2889 1158 2975 supplicationibus,
1182 2891 1264 2974 quod
1283 2892 1394 2958 minus
1411 2893 1526 2958 dictum

259 2997 317 3076 est,
341 2991 507 3057 Johannes
530 2991 751 3056 sanctissimus
767 2991 933 3075 episcopus
949 2991 1246 3076 Claudiopolitanae
1265 2993 1410 3059 civitatis
1426 3002 1528 3061 nasta

260 3093 545 3174 comministrator,
580 3095 613 3156 et
639 3092 851 3158 Heraclianus
882 3094 1164 3158 reverendissimus
1197 3098 1369 3180 presbyter
1402 3104 1527 3163 sanctae

259 3196 389 3281 majoris
412 3193 564 3259 ecclesiae
586 3197 619 3259 et
641 3194 842 3259 cohabitator
850 3195 875 3279 6)
897 3196 1054 3279 praedicti
1077 3196 1272 3262 sanctissimi
1301 3197 1528 3284 archiepiscopi

259 3302 292 3363 et
313 3295 515 3383 patriarchae
531 3296 717 3381 Epiphanii,
742 3300 774 3361 et
796 3296 1028 3362 Constantinus
1050 3298 1098 3361 vir
1120 3298 1405 3365 reverendissimus
1431 3302 1527 3366 diaeo

259 3423 320 3464 nus
343 3399 485 3484 ejusdem
506 3406 638 3463 sanctae
661 3398 828 3481 ecclesiae,
852 3399 906 3483 qui
928 3399 1151 3482 probationem
1173 3422 1249 3465 suae
1271 3406 1381 3466 rectae
1403 3404 1478 3468 fidei
1499 3408 1526 3468 et

259 3502 363 3566 bonae
384 3499 560 3565 voluntatis
582 3499 658 3563 olim
679 3498 745 3583 his,
776 3501 829 3583 qui
852 3522 871 3563 a
893 3504 999 3565 vestra
1027 3501 1202 3586 apostolica
1225 3502 1300 3566 sede
1328 3504 1462 3569 fuerant
1488 3505 1527 3569 di·

260 3603 351 3685 recti,
374 3602 531 3693 dedisse7)
555 3603 808 3687 cognoscuntur:
836 3602 927 3686 digni
950 3606 1112 3668 autemst
1137 3607 1262 3668 restrae
1292 3607 1481 3672 sanctitatis
1500 3611 1527 3671 et

260 3704 495 3769 ministratione
517 3705 616 3788 pacis,
641 3706 673 3768 et
695 3704 820 3788 gutiae
843 3702 973 3768 Domini
995 3705 1097 3769 nostri
1112 3705 1191 3769 Jesu
1207 3705 1328 3771 Christi
1349 3706 1409 3772 Dei
1434 3707 1527 3774 nostri

328 3910 349 3978 ³)
367 3910 394 3963 a¹
412 3920 520 3964 oestrum
540 3912 686 3963 damarum
705 3924 767 3962 cum
784 3907 876 3977 prima
887 3907 982 3962 littera
993 3907 1159 3977 maiuscula,
1177 3909 1256 3979 qnasi
1269 3925 1373 3968 nomeu
1391 3912 1528 3983 proprium

261 3995 415 4049 efferretur.
446 3991 552 4048 Graece
565 3992 650 4048 dubio
668 3993 766 4062 procul
783 3994 913 4048 exstabat
930 3987 1062 4062 oidelerio
1079 3995 1128 4048 rat
1144 3988 1379 4065 cattaroaardr,
1399 3997 1475 4066 quod
1490 3999 1526 4051 in·

262 4082 370 4150 terpres
384 4082 495 4145 fratrem
513 4088 538 4132 et
555 4083 761 4133 eomacerdotem
779 4095 828 4134 seu
845 4084 1036 4133 comministrum
1052 4077 1139 4136 utine
1157 4083 1319 4135 convertere
1338 4081 1486 4148 debueret,
1501 4098 1528 4137 tc

261 4163 392 4218 subinde:
410 4184 467 4233 pas
538 4169 572 4217 rit
587 4169 704 4233 prouisa,
722 4183 767 4218 aaa
782 4169 844 4232 paci
860 4169 895 4217 rit
910 4169 1038 4232 proriaaa
1055 4173 1131 4234 atque
1149 4171 1295 4223 coasultum.

329 4252 351 4319 ⁴)
368 4249 443 4319 Lege
462 4253 574 4316 adjutus.
609 4247 675 4301 Mox
693 4249 727 4303 G¹
746 4255 871 4318 medatem
888 4255 1014 4306 munitam.

330 4337 351 4403 ⁵)
370 4334 404 4388 G¹
423 4340 448 4388 si
464 4339 545 4404 quart,
563 4332 637 4387 unde
654 4335 779 4389 nostram
797 4333 946 4389 lectionem
962 4333 1111 4388 hausimus.
1148 4352 1183 4390 cc
1199 4345 1225 4389 st
1240 4342 1275 4393 in.

330 4423 351 4488 ⁶)
368 4419 430 4474 Vox
448 4413 615 4488 adpositae,
640 4436 725 4488 quum
743 4418 771 4472 in
789 4435 891 4489 graeco
909 4421 986 4474 fonte
1004 4419 1141 4475 exstitisse
1158 4437 1210 4490 pro
1229 4421 1306 4475 certo
1324 4422 1471 4491 ponimns,
1489 4440 1532 4479 ro

264 4494 363 4560 c'abiilo
380 4503 468 4559 latino
486 4510 612 4573 synadae
630 4502 709 4558 reddi
727 4504 806 4558 solet.
836 4506 928 4574 Atque
940 4503 1004 4558 hinc
1018 4504 1152 4559 habemus
1163 4505 1362 4561 Heraclianum
1374 4506 1450 4562 idem
1463 4506 1531 4579 apud

263 4589 449 4660 Epiphaniam
466 4607 566 4644 mimus
583 4588 695 4656 obiisse,
714 4606 768 4658 quo
786 4588 958 4659 Epiphanius
975 4589 1050 4660 apud
1067 4589 1235 4656 iohannem,
1253 4592 1282 4644 et
1299 4591 1446 4647 iohannes
1464 4590 1533 4663 apud

265 4674 443 4730 Timotheum
461 4674 604 4744 utriusque
623 4673 796 4729 decessorem
814 4673 902 4728 functi
919 4674 1038 4729 fuerant.

332 4764 353 4829 ⁷)
371 4760 443 4814 Puta
459 4759 584 4814 libellum
602 4758 814 4827 subscribendo,
833 4776 915 4827 quern
932 4759 1032 4829 legatis
1045 4759 1195 4815 Hormisda
1212 4760 1337 4816 dederat.
1349 4819 1355 4829 ,
1367 4761 1434 4818 Mox
1447 4764 1482 4816 (tt
1495 4783 1532 4817 eo·

261 4852 395 4916 praecitur
464 4850 648 4900 ministratione
667 4844 720 4912 (ed.
740 4857 977 4914 remorarentur
997 4851 1235 4915 adudat'stratioae).
