3412 5664
607 329 779 379 asrsrona
804 321 833 378 3.
1296 318 1358 385 135

169 486 201 551 8.
237 483 358 560 Quibus
374 483 515 569 undique
538 483 637 547 versis
660 484 891 569 congruentius
906 485 1050 549 restabat
1065 485 1196 570 inquiri,
1221 487 1248 551 si
1263 487 1359 554 lunae
1371 516 1396 552 a.
1407 505 1464 554 457.

45 587 314 670 dinumeratio,
349 608 433 671 quae
465 586 515 651 die
543 588 658 670 quarta
686 586 853 651 existentis
881 586 991 651 mundi
1026 587 1047 651 i.
1071 610 1100 652 e.
1137 587 1168 652 V
1195 588 1358 654 Kalendas

53 689 207 780 Aprilis
228 688 341 774 plena,
371 688 404 754 h.
422 709 450 754 e.
473 687 568 771 XIV,
593 688 728 771 jubente
738 689 777 774 19)
801 692 942 753 creatore
969 688 1004 753 in
1026 690 1232 755 inchoatione
1253 692 1358 756 noctis

55 795 197 862 exorta
216 795 276 873 cat,
306 790 378 874 pari
405 789 479 876 lege
508 791 684 855 transactis
712 791 995 876 praesentibusque
1023 792 1220 876 temporibus
1248 814 1357 857 conso-

62 898 192 964 naret.
240 891 343 969 Quam
378 894 429 958 tot
455 892 592 958 saeculis
621 895 854 976 computatam,
893 896 925 956 et
951 890 1114 958 Kalendas
1122 894 1162 980 ²⁰)
1185 895 1357 960 Ianuarias

63 998 128 1065 111
162 995 244 1061 feria
270 994 347 1061 luna
373 993 528 1078 XXVIII,
557 993 721 1060 Kalendas
749 994 872 1078 Aprilis
899 993 981 1058 feria
1009 995 1043 1058 Π
1069 995 1146 1060 luna
1175 996 1253 1062 XIV
1276 997 1496 1064 Con-afflui.

68 1097 231 1166 stantino
252 1101 286 1162 et
306 1096 394 1163 Rufo
417 1097 599 1162 consulibus
621 1096 841 1181 perseveranti
864 1095 988 1161 ratione
1002 1098 1197 1181 provenisse,
1217 1121 1358 1193 comper-

70 1209 157 1267 tum
179 1203 226 1265 est
241 1199 339 1285 juxta
360 1199 559 1284 Aegyptiam
581 1198 801 1282 disciplinam:
835 1220 897 1282 qua
923 1198 1161 1264 evidentissime
1183 1201 1358 1285 deprehen-

73 1325 160 1368 sum
177 1305 232 1385 est,
254 1301 340 1386 quod
362 1299 441 1366 XIX
457 1322 616 1365 annorum
631 1304 781 1384 porrecta
797 1300 973 1382 curriculis,
996 1301 1032 1364 in
1047 1303 1219 1386 semetipsa
1234 1325 1360 1387 semper

73 1405 200 1470 iisdem
226 1403 371 1489 vestigiis
398 1425 433 1468 se
455 1402 632 1485 revolvem,
660 1425 793 1486 annum,
830 1423 924 1486 quem
951 1402 1141 1487 vigesimum
1163 1404 1356 1491 inclloat²¹),

73 1508 177 1573 huno
200 1505 345 1572 eumdem
373 1505 527 1570 metiatur
557 1508 589 1569 et
616 1504 765 1588 primum.
810 1503 914 1580 Quum
943 1504 1051 1588 itaque
1079 1505 1160 1569 nihil
1189 1506 1359 1572 resedisset

76 1608 242 1695 ambigui,
270 1607 384 1673 diebus
405 1606 491 1672 lunis
514 1609 611 1691 atque
634 1606 783 1671 bissextis
805 1606 881 1671 inde
903 1630 922 1670 a
945 1607 1174 1672 constitutione
1195 1609 1359 1674 mundana

77 1709 121 1774 in
147 1714 289 1776 nostram
311 1729 410 1794 usque
433 1709 620 1793 progeniem
642 1708 781 1773 mirabili
804 1708 991 1773 decursione
1007 1709 1226 1793 concordibus,
1250 1732 1358 1775 neces·

74 1812 208 1878 sarium
230 1811 310 1896 fuit,
346 1813 477 1896 propter
485 1811 525 1894 ²²)
553 1832 649 1895 quam
682 1811 820 1875 maxime
852 1810 928 1874 huic
955 1810 1154 1895 inquisitioni
1184 1812 1358 1877 secundum

76 1914 303 1980 venerationis
337 1916 412 1978 tuae
439 1912 628 1977 mandatum
654 1934 726 1977 mea
754 1912 930 1977 desudabat
957 1911 1114 1995 intentio,
1144 1917 1180 1978 ut
1208 1914 1358 1979 instituta

76 2011 252 2094 phelelia
273 2017 493 2102 perscrutarer
520 2015 570 2078 vel
598 2014 684 2079 illius
710 2014 874 2099 temporis,
904 2035 966 2098 quo
995 2014 1220 2099 praeceptione
1249 2015 1358 2080 divina
1380 2077 1465 2131 Exod.

74 2133 149 2195 per
167 2117 291 2205 lloyaen
315 2140 335 2182 a
356 2117 430 2182 filiis
445 2116 546 2182 lsrael
568 2138 674 2202 agnus
696 2119 746 2181 est
767 2115 949 2180 immolatus
971 2117 1006 2181 in
1022 2116 1183 2202 Aegypto,
1209 2118 1258 2182 vel
1272 2117 1358 2183 illius
1378 2152 1480 2212 Μ,

75 2222 271 2306 Ρηεοίριιθ,
295 2241 358 2306 quo
380 2240 438 2303 pro
459 2219 679 2303 redemptione
701 2221 813 2283 nostra
836 2222 930 2302 atque
945 2219 1049 2283 saluts
1064 2219 1117 2284 ille
1132 2241 1226 2284 verus
1242 2241 1356 2305 agnus,

76 2320 186 2403 eujus
203 2325 303 2411 figura
324 2325 554 2407 praecesserat,
575 2326 695 2401 pascha
716 2326 1042 2386 nostrumvimmolatus
1063 2333 1108 2386 est
1130 2325 1276 2386 Christus.
1369 2315 1507 2382 ¹001'·5›⁷·

179 2427 204 2493 9.
244 2424 432 2510 Rursusque
458 2423 607 2490 omnibns
635 2422 729 2487 annis
761 2422 958 2507 temporibus
986 2423 1098 2488 diebus
1127 2446 1164 2488 ac
1192 2423 1270 2488 luna
1292 2446 1356 2489 ma·

72 2518 195 2610 fimo,
223 2548 305 2613 quae
327 2527 423 2612 juxta
450 2525 616 2590 Hebraeos
642 2546 769 2589 menses
795 2524 891 2608 facit,
920 2525 981 2590 rite
1011 2525 1168 2608 decursis,
1199 2549 1219 2589 a
1246 2526 1357 2590 mundi

72 2624 246 2714 principio
271 2629 448 2694 secundum
477 2626 660 2713 praedictae
689 2625 842 2691 historiae
869 2627 964 2692 fidem
986 2626 1142 2710 usquein
1165 2626 1260 2711 diem,
1294 2649 1357 2711 quo

70 2717 151 2791 filii
180 2730 271 2797 lsrael
302 2729 453 2816 paschale
485 2728 670 2814 mysterium
700 2729 828 2794 coelesti
861 2729 1030 2793 initiarere
1062 2730 1213 2794 mandato
1247 2733 1281 2794 et
1316 2731 1357 2795 ab

71 2819 252 2919 Aegyptia
272 2832 364 2900 clade
385 2832 463 2918 agni
485 2831 645 2896 occisione
670 2830 784 2896 salvati
808 2834 894 2914 sunt,
924 2831 1136 2896 bissextorum
1159 2830 1281 2913 pariter
1302 2854 1356 2894 ne·

67 2935 237 3002 was
258 2935 455 3019 decursam),
484 2937 642 3018 quantum
664 2933 728 2999 fida
755 2933 940 3017 supputatio
968 2932 1158 3015 vestigavit,
1187 2932 1265 2996 anni
1293 2931 1357 2996 tria

66 3029 194 3103 mini„
214 3035 434 3107 DChXXXIX
457 3035 572 3120 quinia
592 3035 689 3118 teria,
713 3035 806 3118 lX²¹)
825 3033 988 3098 Kalendas
1005 3032 1143 3117 Aprilis,
1166 3034 1242 3097 luna
1265 3032 1355 3115 XIII,

63 3138 262 3224 ¹1leipiente
280 3140 350 3224 jam
372 3159 515 3223 vespera,
538 3137 694 3202 docentur
715 3135 849 3221 impleti.
888 3135 985 3218 Cujus
1007 3135 1152 3218 sequenti
1175 3134 1237 3217 die,
1261 3134 1357 3198 tertio

64 3232 256 3308 ulillesimo
269 3241 395 3309 scilicet
408 3262 495 3305 anno
508 3263 546 3305 ac
560 3238 791 3304 sexcentesimo
806 3237 1014 3323 nonagesimo
1029 3236 1232 3322 procedente,
1247 3256 1357 3300 mense

65 3336 197 3407 Primo
214 3347 304 3409 sexta
325 3342 407 3408 feria
430 3341 509 3407 VIII
528 3341 691 3406 Kalendas
703 3340 824 3424 Aprilis
847 3340 925 3404 luna
947 3339 1024 3404 XlV
1039 3340 1143 3404 noctis
1165 3338 1268 3421 initio,
1293 3336 1357 3401 He·

64 3423 203 3509 bracos
234 3445 351 3512 claruit
385 3444 462 3530 agni
496 3443 688 3509 sacrificium
725 3442 897 3527 peregisse.
942 3440 1067 3506 Pascha
1103 3440 1238 3525 quippe,
1273 3439 1358 3504 sicut

66 3547 182 3610 ⁰¹nni
200 3547 290 3613 modo
311 3545 486 3611 traditione
509 3544 723 3630 cognoscitur,
753 3544 831 3608 anni
859 3542 1020 3628 principio
1043 3564 1109 3608 non
1131 3542 1195 3606 fine
1217 3541 1356 3606 celebra·

70 3684 182 3714 N
211 3706 390 3717 -.----.....

71 3768 263 3854 &aaa
274 3797 314 3842 m
331 3805 389 3840 em
402 3789 445 3839 xi
458 3787 592 3838 salensis
604 3785 705 3851 Aprile
779 3791 806 3834 a
817 3784 850 3834 aa
862 3784 907 3835 rr
918 3785 1052 3835 saranum
1065 3783 1165 3847 Aptae
1182 3784 1277 3832 sacrum
1290 3756 1358 3833 aies

73 3865 269 4021 zaim
286 3872 319 3938 (a.
339 3871 411 3939 Aug.
431 3868 482 3938 Op.
502 3867 574 3922 stud.
594 3866 720 3921 monach.
739 3884 759 3920 s.
780 3865 882 3920 Bencd.
903 3865 946 3920 ed.
966 3866 1004 3919 111
1022 3863 1120 3919 Venet.
1139 3865 1207 3918 tom.
1221 3863 1293 3930 xvi,
1305 3868 1356 3918 386

169 3999 236 4105 u'n
252 4039 391 4111 principio
408 4037 512 4094 ianm
528 4037 605 4092 raca
621 4037 689 4091 nna
705 4035 758 4091 suit
776 4035 884 4091 decima
901 4035 1014 4102 quara,
1034 4033 1100 4101 qna
1117 4037 1200 4088 omna
1211 4040 1287 4102 „aaa
1298 4045 1357 4086 „aa

71 4106 180 4258 sc:
202 4125 292 4194 inquit
314 4126 394 4179 vehis
415 4124 514 4179 auctor
539 4121 732 4191 quaestionum
759 4139 792 4175 ex
821 4122 938 4187 utroque
967 4120 1135 4174 testamento
1159 4117 1354 4185 qu.1os(1.c.

167 4207 357 4359 'ivliililiii'im
378 4292 449 4349 haec
469 4292 510 4347 ita
532 4291 666 4362 disponit:
690 4295 751 4348 Kal.
764 4295 842 4348 dana.
856 4293 915 4347 111.
934 4295 1025 4354 Faria,
1051 4294 1126 4343 Luna
1145 4291 1205 4342 1111.
1223 4299 1249 4342 el
1271 4289 1356 4342 Vm.

61 4353 165 4425 “1-
177 4384 276 4449 Μὴ,
295 4382 376 4433 raa
388 4381 430 4432 11.
450 4381 612 4432 summ
633 4366 637 4371 '

167 4461 191 4528 ¹¹)
205 4465 259 4519 Alii
275 4467 420 4521 mac
448 4461 533 4518 Buoh.

167 4546 192 4609 'l
207 4548 282 4615 Quas
299 4547 346 4603 hic
362 4546 491 4603 videntur
509 4547 692 4613 subobscura,
710 4547 794 4617 plana
812 4547 880 4601 liant
896 4544 949 4599 hoc
966 4543 1115 4599 verborum
1133 4541 1242 4598 ordine:
1266 4559 1354 4593 secran-

37 4683 138 4753 ἡ
171 4640 303 4690 wan
318 4639 489 4690 venereum
505 4643 575 4698 tuae,
591 4643 702 4702 propter
719 4653 793 4703 qm
809 4636 917 4686 mine
933 4635 990 4685 dicio
1007 4634 1164 4700 inquisitioni
1180 4647 1235 4681 mea
1247 4630 1357 4681 deoida·

163 4727 262 4869 m
274 4810 400 4861 mmm.
429 4803 514 4859 Buch.

168 4886 193 4956 ¹⁸)
208 4891 260 4947 Alii
281 4893 359 4945 VIII
371 4894 507 4945 Kalendas
524 4887 604 4944 male.
636 4887 721 4943 Buels
