3412 5664
355 298 417 365 846
793 314 821 363 s.
838 313 1045 363 ncnnrsosa
1067 312 1182 361 raras

226 471 443 546 (a.519.)tione
465 469 617 552 pascaris.
664 467 697 533 Si
719 467 885 532 nobiscum
906 468 1056 532 universa
1076 465 1260 551 praedicaS,
1290 486 1346 529 cur
1367 464 1521 532 nobiscum
1536 494 1578 539 non

354 572 504 636 universa
533 569 749 635 condemnas?
791 570 883 635 Tunc
912 571 998 634 enim
1030 570 1196 634 nobiscum
1225 590 1307 653 quae
1337 588 1512 631 veneramur
1533 595 1575 637 aa.

355 674 521 757 plecteris,
552 672 578 736 si
600 672 767 736 nobiscum
789 694 870 756 quae
896 672 1091 736 detestamur
1112 670 1284 736 horrueris.
1328 668 1398 733 Pax
1419 669 1524 755 integra
1538 696 1573 738 ue

356 776 418 839 scit
439 775 579 859 aliquam
600 774 717 838 habere
741 773 945 856 distantiam,
975 776 1008 838 et
1034 774 1128 838 unius
1155 772 1217 837 Dei
1239 793 1316 835 vera
1339 792 1408 835 esse
1429 794 1486 837 non
1503 780 1573 858 potest

355 876 418 941 nisi
440 877 475 941 in
500 875 709 942 confessionis
730 877 855 941 unitate
879 876 1012 941 cultura.

439 981 470 1044 4.
504 978 705 1064 Quapropter
727 978 904 1042 salutantes
925 980 958 1042 te
979 970 1143 1041 fraternae
1167 975 1312 1041 caritatis
1335 975 1463 1058 affectu,
1487 978 1572 1061 petitio

356 1102 429 1144 nem
451 1083 540 1144 tuam
548 1088 570 1163 ,⁸
586 1081 710 1163 missis,
744 1081 827 1145 sicut
849 1080 1003 1165 sperasti,
1027 1078 1278 1163 religiosissimis
1300 1077 1377 1142 viris
1400 1077 1533 1144 Germano
1548 1103 1572 1144 ac

355 1182 505 1246 Johanne
528 1183 700 1268 episcopis,
732 1182 836 1246 Felice
864 1183 1015 1264 diacono,
1044 1181 1198 1245 Dioscoro
1220 1180 1357 1244 diacono
1380 1183 1469 1264 atque
1488 1178 1574 1245 blando

355 1284 557 1368 presbytero,
581 1284 833 1370 significamnsl)
864 1306 933 1349 esse
956 1284 1157 1368 completam.
1202 1280 1246 1345 Hi
1269 1303 1346 1346 vero
1368 1282 1477 1366 quibus
1491 1282 1575 1346 henot

355 1386 516 1450 mandatis
543 1386 709 1469 instructi,
740 1390 815 1450 ante
844 1385 1054 1471 allegationes
1082 1406 1206 1468 eorum,
1236 1384 1263 1448 si
1291 1383 1428 1469 cogites,
1455 1382 1576 1448 callenter

357 1509 521 1572 agnosces.
566 1487 611 1551 Hi
633 1510 745 1571 pacem
767 1491 857 1551 tuam
878 1488 937 1551 sub
960 1510 1012 1571 ea,
1042 1509 1105 1572 qua
1133 1507 1228 1571 saepe
1256 1485 1512 1571 rescripsimus),
1529 1507 1576 1569 pro

355 1588 495 1653 fossione
517 1589 705 1673 suscipient.
739 1589 842 1674 lmple
865 1612 951 1675 erge,
975 1589 1076 1654 frater
1094 1588 1266 1670 carissime,
1290 1586 1443 1671 gaudium
1462 1590 1575 1667 notum,

358 1694 390 1753 et
405 1693 496 1754 tunm
518 1690 558 1754 ad
580 1713 639 1755 nos
661 1713 719 1777 per
735 1713 787 1755 eos
802 1696 908 1757 rectae
930 1691 1005 1756 fidei
1026 1696 1102 1756 tuae
1116 1690 1243 1755 remitte
1265 1688 1478 1774 praeconium,
1496 1692 1525 1752 ut
1539 1708 1576 1772 per

357 1795 390 1855 te
411 1793 568 1856 universis
591 1792 683 1857 detur
705 1793 894 1878 exemplum.

855 1963 1036 2068 Epistola
1063 1963 1121 2048 53.

207 2115 242 2181 (a.
246 2118 298 2235 ,52¹3
308 2129 344 2166 ¹11·
357 2113 568 2182 Hormisdae
591 2133 702 2201 papae
724 2117 767 2183 ad
790 2116 1026 2184 Theodosium
1048 2115 1341 2184 archidiaconum
1372 2117 1409 2183 et
1434 2115 1577 2181 unisonas

241 2217 246 2232 '
297 2224 301 2234 '
572 2219 740 2286 ecclesiae
763 2219 1180 2303 Constantinopolitanae
1202 2218 1409 2285 catholicos.

393 2358 466 2419 Quod
481 2358 513 2408 ab
531 2360 713 2410 haereticorum
731 2361 851 2411 molestiis
868 2360 970 2410 liberati
985 2361 1036 2410 sint
1051 2362 1209 2425 maculatur,
1231 2374 1309 2424 seque
1333 2361 1428 2424 &patos
1444 2359 1555 2409 &stiam

559 2447 670 2508 indicat,
689 2461 737 2511 quo
755 2447 837 2509 possit
852 2445 972 2510 perfecta
990 2444 1123 2495 Ecclesiae
1140 2446 1279 2495 concordia
1296 2446 1420 2509 componi.

509 2576 719 2642 Hormisda
741 2577 962 2642 Theodosio
985 2577 1266 2641 archidiacono
1288 2575 1577 2655 Constantinopo

560 2680 688 2744 litano
711 2683 749 2744 et
770 2681 973 2745 universis
997 2679 1214 2744 catholicis
1237 2702 1256 2742 a
1277 2679 1376 2763 pari.

443 2798 571 2864 Gratias
587 2799 822 2863 misericordiae
837 2799 963 2864 divinae
979 2802 1197 2883 competenter
1212 2798 1412 2880 exsolvimus,
1430 2818 1501 2882 quae
1513 2793 1577 2859 fidem

359 2905 498 2965 vestram
520 2901 573 2965 diu
595 2901 741 2965 laborare
763 2925 829 2966 non
850 2923 945 2986 passa
967 2905 1025 2965 est.
1057 2900 1141 2964 Nam
1163 2903 1289 2984 tempus
1312 2900 1453 2963 oblatum
1471 2900 1520 2978 est,
1537 2914 1578 2977 quo

358 3004 469 3087 fidos¹)
492 3003 609 3067 milites
632 3025 705 3067 suos
729 3003 886 3068 catholica
908 3024 1095 3087 recuperare
1117 3003 1218 3087 possit
1239 3001 1395 3066 Ecclesia.
1425 2999 1502 3075 Quae
1519 2994 1578 3060 enim

358 3106 460 3188 major
483 3105 624 3169 animum
646 3107 787 3169 vestrum
809 3108 915 3189 potest
936 3105 1081 3169 obtinere
1105 3103 1308 3187 jucunditas,
1343 3125 1437 3188 quam
1461 3100 1579 3165 malorum

359 3211 605 3271 commemorata
632 3206 800 3292 depulsio?
844 3207 976 3271 Gaudiis
1004 3206 1226 3291 praesentibus
1249 3208 1450 3288 compensate
1469 3199 1578 3266 afflictio

358 3310 409 3374 nis
437 3309 653 3374 incommoda:
691 3309 765 3393 quia
793 3309 880 3372 Deus
907 3312 1032 3390 noster,
1061 3309 1115 3392 qui
1137 3308 1276 3372 remedio
1298 3309 1377 3389 tuit,
1406 3302 1527 3370 adverse
1542 3321 1578 3381 op

357 3411 451 3494 primi
476 3411 643 3475 caritatem
665 3414 805 3475 vestram
826 3411 930 3475 noluit
952 3410 1007 3475 sed
1028 3410 1168 3495 probari.
1208 3409 1293 3473 Nam
1316 3409 1344 3473 si
1365 3405 1509 3472 transacti
1525 3406 1579 3466 aa·

357 3514 443 3596 poris
465 3512 549 3576 mala
573 3535 644 3577 cum
666 3514 841 3597 praesenti,
865 3534 947 3597 quae
970 3511 1078 3576 divina
1100 3533 1255 3576 essenon
1277 3511 1461 3595 ambigitur,
1480 3503 1580 3571 retribu-

358 3615 445 3678 tione
473 3614 702 3699 compensetis,
736 3615 806 3699 quis
834 3614 960 3678 dubitat
988 3613 1143 3697 ampliora
1169 3634 1225 3677 vos
1253 3612 1395 3697 praemis
1422 3610 1579 3681 consecutos,

357 3739 453 3800 quam
474 3738 589 3781 nocere
611 3717 768 3800 potuisset
790 3716 989 3781 adversitas?
1018 3715 1062 3779 st
1077 3715 1219 3799 quamvis
1241 3737 1301 3800 pro
1316 3718 1403 3779 statu
1416 3712 1484 3778 fidei
1503 3706 1580 3774 cstbo

357 3819 438 3882 licae
460 3840 625 3903 nunquam
647 3817 826 3882 sollicitudo
848 3821 959 3883 nostra
982 3818 1162 3901 cessaverit,
1186 3821 1296 3881 tamen
1317 3813 1502 3882 serenissimi
1519 3807 1581 3895 prin·

359 3920 438 4003 cipis
460 3921 559 3984 sacris
581 3920 731 3984 affatibus
753 3920 896 4003 incitati,
927 3919 1052 4004 legatos
1079 3919 1239 3983 destinare
1263 3919 1454 3999 curavimus,
1480 3928 1582 4000 quorum

358 4021 464 4086 ofticio
486 4021 554 4086 Deo
582 4026 712 4087 auctore
734 4022 770 4086 in
793 4022 859 4104 his,
889 4043 970 4107 quae
993 4043 1087 4106 saepe
1109 4020 1348 4103 mandavimus,
1378 4017 1516 4102 subsequi
1536 4031 1583 4077 110ss

358 4123 540 4188 dubitamus
563 4118 719 4188 effectum.
764 4124 809 4188 Et
830 4125 901 4189 ideo
924 4126 1141 4208 competenter
1163 4123 1302 4205 enitere,
1325 4124 1364 4186 ut
1384 4118 1532 4186 Ecclesiae
1548 4132 1583 4177 ee·

357 4226 496 4290 tholicae
519 4226 578 4291 boc
600 4228 808 4311 praecipuum
829 4231 954 4291 vestrae
977 4226 1174 4290 liberationis
1196 4246 1312 4289 munus
1339 4223 1467 4308 possitis
1485 4221 1583 4284 offerre:

359 4332 533 4412 quatenus,
557 4329 692 4413 repulsis
714 4328 861 4392 omnibus
884 4349 965 4413 quae
987 4327 1142 4392 hactenus
1164 4329 1359 4408 nocuenmt,
1383 4325 1417 4390 in
1439 4345 1498 4388 una
1515 4335 1585 4405 qum

359 4454 483 4515 semper
504 4431 684 4514 optavimus
707 4432 949 4496 communionae
971 4430 1188 4515 gratulantcS,
1220 4428 1290 4493 Deo
1311 4431 1422 4493 nostro
1441 4424 1536 4490 laudea
1552 4438 1585 4481 rt

358 4534 442 4597 ferre
464 4534 533 4597 sine
557 4533 734 4598 cessatione
756 4532 923 4618 possimus.

426 4708 445 4771 ³)
465 4705 498 4759 G'
513 4708 539 4759 al
558 4712 690 4776 ripuarias.
727 4703 791 4757 Mox
809 4704 875 4758 bcc
891 4709 1044 4773 scripsimus.

358 4795 390 4844 53
429 4793 445 4853 ¹)
464 4791 507 4844 lta
529 4791 607 4857 bcc;
631 4793 664 4843 (a
679 4793 704 4844 al
726 4796 801 4856 filios.
842 4789 906 4841 Mox
924 4789 990 4843 boo
1008 4794 1112 4843 salarium
1134 4800 1234 4842 eversae
1315 4799 1493 4843 consecuturos
1553 4790 1589 4831 m

357 4895 519 4929 serenissime.
