3412 5664
232 272 234 278 ⁵
296 295 359 361 960
737 311 765 359 s.
781 309 988 359 conmenta
1010 310 1125 357 PAPAE

188 490 214 528 a.
224 477 281 526 521.
297 463 481 529 vectoribus
502 466 570 527 tam
592 463 803 527 nefandorum
826 463 1012 548 dogmatum
1035 462 1261 528 convenientia
1285 462 1322 527 in
1348 484 1434 527 unum
1452 486 1514 549 tyno

294 567 367 631 dica
389 566 517 630 decreta
538 569 740 650 presserunt,
769 588 831 631 neo
851 564 987 633 ulterius
1009 565 1165 630 remansit
1185 565 1274 630 loeus
1296 565 1377 630 ullus
1395 567 1449 629 tam
1464 567 1515 632 diris

294 668 447 751 perfidiae
470 668 644 732 seminibus
667 669 852 752 amputatio,
876 669 933 731 aut
955 666 1118 732 Christum
1139 665 1314 733 Dominum
1335 669 1458 733 naum
1472 691 1516 734 cre

294 770 368 833 dere
398 770 467 834 sine
498 770 602 834 carnis
633 769 730 834 fuisse
759 770 909 853 veritate,
944 772 1001 833 aut
1028 769 1173 834 eumdem
1206 791 1272 836 non
1306 769 1369 856 eti)
1394 769 1516 836 Deunei

293 871 456 936 hominem
478 872 516 936 de
538 871 677 936 materni
704 871 788 936 uteri
817 870 1008 936 intemereta
1032 870 1233 937 fecunditate
1259 871 1425 957 prodiisse:
1451 894 1516 957 qum

294 972 376 1038 altor
398 996 506 1038 eorum
522 973 792 1056 dispensationem
814 996 876 1058 qua
898 973 1014 1037 salvati
1037 995 1145 1038 sumus
1167 974 1329 1059 negando,
1351 975 1517 1058 quantumin

294 1097 327 1138 se
354 1078 418 1159 est,
448 1076 573 1139 irritam
595 1075 735 1158 faceret,
766 1076 847 1138 alter
868 1075 1020 1159 opinione
1043 1075 1206 1140 contraria
1228 1075 1284 1140 sed
1305 1075 1454 1160 impietate
1470 1098 1518 1140 con·

294 1177 390 1241 simili
413 1177 447 1241 in
470 1177 579 1241 eodem
602 1176 739 1241 Domino
767 1180 877 1241 nostro
899 1177 978 1243 Jesu
1000 1177 1127 1243 Christo
1155 1180 1349 1262 potestatem
1375 1177 1519 1242 divinam

292 1301 368 1343 vera
390 1278 605 1363 humilitate⁴)
629 1278 822 1363 secluderet;
844 1301 947 1364 neque
969 1279 1023 1344 ille
1046 1280 1248 1363 recordatus,
1272 1280 1347 1364 quia
1368 1279 1520 1365 palpandam

191 1355 280 1477 &3³30
294 1403 423 1445 carnem
446 1403 535 1444 suam
558 1380 704 1446 Christus
727 1381 877 1465 ostendit,
901 1403 1004 1467 neque
1026 1381 1081 1446 ille
1104 1382 1265 1467 evangelii
1287 1380 1521 1445 memorVerbm

141 1465 281 1558 Jch.1',14.
294 1506 422 1547 carnem
444 1483 566 1547 factum
589 1504 657 1547 esse
680 1481 833 1565 dicentis,
864 1483 913 1547 cui
937 1505 998 1548 vox
1019 1483 1150 1548 Domini
1172 1482 1393 1548 indeficienter
1410 1485 1522 1548 metum

141 1593 279 1661 Joh.3‚13.
292 1585 456 1668 debuerat,
478 1606 540 1669 qua
562 1585 644 1649 dixit
665 1587 698 1648 et
720 1585 842 1649 docuit:
876 1589 969 1650 Nemo
995 1592 1133 1651 ascendit
1154 1591 1186 1648 in
1214 1590 1344 1662 coetum,
1374 1592 1428 1650 triti¹
1444 1593 1486 1665 qai
1498 1590 1524 1648 de

291 1694 375 1753 coeto
397 1692 551 1753 descendit
572 1693 669 1752 Filius
690 1692 818 1752 bominis
839 1694 955 1765 quiesi
977 1693 1008 1751 in
1031 1693 1123 1752 cocto.
1169 1684 1272 1771 Saepe
1295 1685 1374 1751 haec
1398 1691 1428 1752 et
1444 1686 1524 1752 mollit

292 1789 584 1874 praecedentiumi)
618 1792 694 1853 sunt
725 1787 955 1870 comprehensa
986 1788 1172 1871 sententiis3
1209 1787 1267 1852 sed
1298 1810 1360 1853 nec
1392 1788 1525 1853 censa

291 1895 414 1974 vestra,
443 1891 519 1956 licet
543 1891 613 1975 jam
640 1890 726 1954 dieta
754 1888 836 1972 sint,
864 1889 1029 1954 fastidiose
1055 1890 1175 1973 poterit
1197 1890 1337 1973 repetita
1359 1910 1524 1976 cognoscere,

291 2014 351 2057 nec
373 1991 466 2057 nobis
487 1993 590 2077 pudor
612 1994 671 2074 est,
695 1966 733 2055 ei
755 2013 836 2075 quae
858 1994 934 2055 sunt
956 1990 1288 2076 apraedecessoribus
1303 1991 1420 2056 nostrie
1434 1991 1525 2076 praedi·

293 2097 365 2159 cata
385 2092 558 2159 revolvere.
603 2092 716 2178 Neque
738 2094 825 2158 enim
846 2093 1086 2177 possibile'est,
1115 2096 1151 2158 ut
1173 2093 1217 2157 sit
1242 2093 1411 2159 diversitas
1434 2092 1525 2179 praedi

293 2196 440 2281 cationis,
463 2195 519 2260 ubi
541 2217 606 2259 una
628 2199 678 2260 est
698 2194 802 2259 forma
824 2195 985 2280 veritatis3
1006 2216 1068 2260 nec
1090 2194 1131 2259 ab
1146 2216 1182 2259 re
1193 2194 1392 2279 judicabitur
1408 2195 1524 2276 adeum

291 2298 414 2363 sicum
435 2295 497 2380 his,
522 2319 593 2362 cum
615 2296 729 2381 quibus
755 2299 961 2362 convenimus
988 2297 1066 2381 fide,
1099 2318 1315 2381 congruamus
1342 2301 1375 2362 et
1400 2298 1523 2383 dogmate.

291 2398 510 2464 Revolvuntur
531 2398 593 2482 piis
616 2399 872 2464 mansuetudinis
895 2403 1018 2464 vestrae
1041 2399 1172 2463 auribus
1193 2398 1325 2464 decreta
1351 2399 1523 2484 synodicae

291 2502 380 2566 beati
400 2523 504 2587 papae
526 2500 641 2565 Leonis
665 2502 889 2566 convenientia
917 2522 1027 2566 sacrae
1053 2500 1128 2566 fidei
1156 2501 1351 2566 constituta:
1379 2500 1522 2566 cadmia

291 2603 426 2669 venietis
447 2603 483 2668 in
510 2603 589 2686 illis,
619 2624 700 2687 quae
727 2603 900 2668 recensetis
908 2604 933 2689 11)
961 2604 997 2667 in
1023 2603 1153 2668 nostris.
1197 2601 1282 2679 Quid
1310 2624 1387 2689 ergo
1410 2607 1455 2669 esi
1473 2606 1522 2687 poti

291 2705 383 2771 illum
404 2704 528 2770 iontem
550 2705 692 2770 fidelium
713 2707 906 2770 statutorum
925 2704 1008 2791 quod
1016 2705 1041 2791 ⁷)
1066 2705 1218 2790 amplius,
1243 2706 1271 2770 si
1286 2708 1394 2771 tamen
1407 2704 1469 2769 fidei
1479 2707 1520 2768 te·

290 2807 395 2873 minos
422 2810 544 2891 servat,
572 2806 748 2892 quamlibet
775 2809 917 2872 curiosus
944 2810 1103 2872 scrutator
1130 2806 1297 2892 inquirat?
1346 2806 1447 2894 Noni)
1466 2826 1520 2890 opu

291 2941 359 2948 Ρ..
373 2941 385 2945 .,
397 2941 414 2946 -.
420 2940 596 2947 -.......-.,-.-

359 2999 379 3064 1)
398 2998 424 3050 01
443 3011 500 3063 seq.
520 2994 610 3048 omitt.
629 3005 662 3048 et.
697 2993 762 3051 Mox
780 2994 816 3048 Η1
835 2999 950 3063 opinioni
965 3014 1035 3049 omne
1053 3000 1192 3050 contraria

358 3082 379 3149 ⁴)
396 3080 498 3135 JOcc
514 3085 673 3142 humanitate,
692 3078 850 3134 concinnius
868 3077 902 3134 (11
915 3079 942 3133 Η
953 3079 982 3132 h¹
1000 3084 1152 3138 humilitate,-
1169 3080 1201 3134 ut
1220 3078 1381 3135 omnimoda
1390 3075 1518 3133 diutim

291 3165 328 3219 sis
347 3182 409 3220 cum
430 3175 568 3233 potestate,
591 3163 636 3218 hic
658 3165 688 3218 et
708 3164 782 3220 infra
799 3183 825 3218 n.
844 3170 860 3217 1
878 3164 953 3219 idem
972 3163 1096 3218 christun
1117 3169 1243 3218 himilitas
1260 3176 1287 3218 et
1304 3171 1422 3232 majestas
1440 3158 1520 3233 praedi·

291 3251 377 3304 catur.
409 3250 583 3319 Quamquam
596 3248 743 3317 utrobique
760 3254 885 3303 humilitas
896 3249 1048 3303 humanam
1059 3251 1189 3303 neumam
1201 3251 1297 3316 sonat,
1314 3249 1384 3304 sicui
1399 3250 1426 3304 et
1438 3256 1520 3317 pasta

291 3337 341 3390 aut
357 3342 479 3403 trajectas
502 3333 631 3389 divinam.
668 3334 713 3388 Ita
732 3334 789 3389 Leo
808 3351 889 3389 serm.
908 3334 921 3387 Ι
938 3334 967 3387 in
985 3334 1069 3403 natal.
1089 3333 1169 3388 Dom.
1189 3333 1258 3389 dicit
1279 3351 1307 3388 n.
1326 3341 1354 3388 t:
1384 3338 1437 3389 Gen
1454 3336 1522 3388 aad·

290 3426 352 3476 rimo
370 3425 441 3476 boote
459 3439 508 3474 non
526 3426 552 3474 in
568 3440 616 3475 suo
632 3425 768 3487 mqjeetote
785 3424 833 3474 ted
849 3425 874 3473 in
893 3430 983 3473 nostro
1000 3425 1165 3488 coapreditar
1182 3423 1329 3473 timreititote.

359 3507 380 3575 ⁵)
398 3505 436 3558 Η1
451 3510 652 3575 praedicentium
669 3515 727 3560 eunt
744 3509 992 3573 comprehendendas
1014 3519 1133 3573 moxque
1151 3502 1179 3556 h¹
1193 3500 1215 3557 i²
1233 3523 1373 3574 opnoreere
1390 3503 1433 3573 (111
1446 3503 1468 3557 11
1481 3520 1524 3569 req-

291 3593 421 3660 aoaeere),
440 3594 466 3646 01
483 3607 540 3659 seq.
560 3610 576 3644 o
594 3594 769 3645 decessoribus
835 3594 980 3658 proedicto.
1016 3587 1123 3643 Deinde
1142 3586 1184 3643 ed.
1203 3595 1384 3646 conveniemus.

358 3678 379 3746 1)
398 3674 432 3731 Gt
446 3674 511 3729 Hh¹
524 3674 547 3728 i²
563 3680 713 3738 recensetis,
731 3674 758 3728 J¹
777 3679 952 3740 recenset-itia,
971 3673 1006 3728 ab
1025 3678 1215 3732 recensueritis

358 3763 380 3830 1)
399 3760 432 3816 (11
446 3762 541 3831 idqui,
560 3759 594 3815 el.
607 3766 675 3830 quid.
712 3757 834 3813 Subinde
852 3760 879 3814 a¹
894 3762 920 3812 01
937 3775 995 3828 seq.
1010 3765 1074 3827 fidet
1091 3764 1235 3819 terminaret
1252 3759 1429 3830 corrigentem
1443 3773 1529 3815 erm

291 3847 320 3901 ot
336 3845 365 3898 h¹
380 3843 408 3899 i’.
665 3856 669 3864 ’

359 3934 379 4001 ⁸)
398 3930 432 3985 G¹
446 3932 473 3985 al
487 3932 513 3985 01
531 3951 581 3987 aon
598 3950 680 4000 opera
696 3942 741 3985 eat
757 3935 913 3985 institutione
929 3934 1067 4000 perfecte,
1092 3931 1270 3984 0101011001
1292 3951 1371 4000 opere
1392 3942 1433 3985 mit
1451 3934 1530 3983 iara-

291 4021 358 4071 tione
374 4021 528 4084 perfectius.
551 4015 625 4072 etin
642 4033 731 4085 marg.
749 4036 798 4071 non
821 4035 884 4085 opus
907 4027 950 4070 out
973 4020 1119 4083 adjectione
1139 4020 1241 4084 plenius
1259 4027 1305 4069 out
1325 4022 1473 4071 instintione
1488 4033 1533 4082 per

288 4107 389 4168 sectius.
426 4103 449 4155 01
463 4100 491 4154 h⁸
512 4119 574 4156 cum
591 4100 1014 4155 Η1Η1Η1111101120100.01ι
1050 4105 1109 4155 Non
1131 4119 1196 4170 opus
1217 4112 1264 4154 aut
1285 4105 1430 4168 adjectione
1445 4098 1533 4167 (ntae

284 4188 411 4254 jectione)
429 4190 510 4255 plebia
532 4198 576 4241 aut
598 4192 754 4242 institutione
770 4191 908 4254 perfectis,
932 4185 980 4240 ubi
999 4202 1062 4240 cum
1080 4187 1105 4240 01
1118 4185 1179 4240 a⁸i²
1200 4184 1264 4241 1000
1285 4190 1369 4255 piebis
1389 4184 1533 4241 restiterim

288 4278 380 4341 plenis.
416 4269 540 4325 Similem
556 4270 656 4327 Leonis
676 4287 767 4342 papae
790 4270 826 4326 ad
843 4270 965 4325 Leonem
982 4271 1138 4341 Augustum
1159 4286 1213 4340 pro
1234 4269 1297 4341 ipso
1315 4271 1429 4327 eonmlio
1444 4269 1534 4325 tede

291 4356 404 4412 donansi
421 4355 614 4427 respondentis
631 4356 797 4411 sententiam
815 4355 961 4410 Facundus
977 4355 1025 4410 lib.
1044 4361 1059 4410 1
1078 4372 1138 4425 cop.
1157 4360 1173 4409 6
1191 4353 1291 4411 modat
1306 4355 1351 4411 hie
1367 4355 1454 4413 verbis
1468 4370 1533 4410 mae

291 4440 401 4496 tiatam:
424 4447 554 4511 Persectio
577 4450 753 4497 incrementum
776 4451 801 4496 et
824 4446 991 4510 adjectionem
1012 4445 1145 4509 plenitudo
1167 4461 1219 4495 noa
1240 4445 1344 4512 recipit.
1383 4440 1437 4497 Sed
1455 4442 1481 4495 ei
1493 4439 1533 4493 bot

288 4525 380 4597 ipsum
397 4527 471 4583 idom
488 4544 564 4598 papa
581 4527 618 4582 ad
636 4527 763 4582 eumdem
786 4526 985 4598 imperatorem
1001 4525 1086 4582 variis
1103 4525 1240 4598 epistolia,
1261 4530 1335 4600 puta
1352 4534 1408 4596 115,
1425 4532 1475 4593 tte,
1490 4527 1532 4588 lit

291 4617 339 4665 tot
357 4614 387 4668 et
406 4618 454 4667 161
475 4611 614 4668 inculcare
637 4629 692 4667 non
711 4610 819 4667 desinit.
852 4613 929 4668 Haec
951 4611 1100 4668 Hormisda
1122 4611 1255 4668 adversus
1272 4612 1391 4684 Scythae
1407 4608 1532 4668 mamete·

290 4696 441 4768 eloquitur,
464 4696 513 4768 qui
530 4696 760 4757 Calchedoneneia
783 4697 880 4768 synodi
899 4697 1100 4766 definitionem,
1122 4697 1174 4752 nisi
1192 4697 1217 4753 ei
1239 4697 1410 4771 adjicerem
1428 4715 1491 4751 m
1504 4711 1531 4747 ex

293 4785 417 4837 Trinitote
433 4804 484 4852 pro
501 4788 573 4839 nobie
591 4790 737 4853 crucifixum
755 4804 823 4851 ecee,
840 4783 1033 4854 imperfectam
1045 4782 1187 4839 volebant
1215 4780 1392 4855 Quamquam
1408 4795 1531 4840 eorm>

290 4868 346 4921 eius
369 4885 402 4923 ac
424 4868 504 4924 tacito
526 4868 654 4940 princeps
671 4868 811 4925 iohannes
828 4869 984 4925 Maxentius
1005 4869 1034 4924 iu
1056 4867 1229 4925 confessione
1253 4868 1289 4925 de
1306 4868 1415 4926 Christo
1434 4868 1529 4938 qaus
