3450 5678
608 328 809 378 amuranus
832 331 865 377 v.
890 331 936 377 vr.
1218 380 1220 384 Α
1342 315 1406 382 599

140 483 315 551 membrum
337 484 441 549 omnis
464 483 665 550 Christianus
687 483 850 548 Ecclesiae
872 487 931 566 est,
960 486 1179 568 competenter
1200 484 1315 550 debeat
1336 486 1404 550 vin-

140 583 248 652 dicari.
277 586 383 652 'Panto
404 587 491 651 enim
514 585 673 671 sacrilegii
696 585 799 669 majus
821 590 871 651 est
893 586 1023 668 crimen,
1048 589 1169 671 quanto
1192 587 1320 653 animae
1342 588 1405 653 for-

140 687 258 754 nicatio
281 689 372 772 pejor
393 692 443 753 est
464 688 619 774 corporis,
646 710 722 752 nam
744 710 802 772 per
824 688 951 753 animae
973 687 1220 754 fornicationem
1243 689 1283 754 ab
1306 690 1405 776 ipsius

140 788 197 856 Dei
220 791 448 876 conjunctione
473 791 657 874 disceditur,
688 795 785 876 atque
812 790 852 854 ad
880 790 1060 855 immundos
1089 791 1221 875 spiritus
1251 791 1406 877 spiritalis

140 892 288 959 adulterii
309 915 428 979 genere
450 893 618 958 transitur.

221 995 252 1060 2.
284 993 577 1071 Quomodo‘autem
598 1018 664 1059 non
686 994 754 1080 in²)
777 993 863 1060 hanc
884 1000 1009 1080 partem
1028 996 1152 1078 recidit,
1177 997 1231 1081 qui
1253 1019 1351 1082 quum
1372 1020 1406 1063 sc

139 1095 359 1163 Ubristianum
380 1097 481 1162 videri
503 1097 581 1163 velit
603 1101 636 1162 et
657 1097 847 1182 profiteatur
867 1100 901 1161 et
922 1098 1019 1182 dieat,
1043 1098 1150 1183 palam
1172 1101 1282 1163 tamen
1304 1099 1406 1183 publi·
1438 1151 1441 1156 .

139 1221 235 1285 caque
262 1198 446 1284 praedicare
475 1222 541 1264 non
559 1199 719 1282 'horreat,
753 1221 819 1263 non
847 1199 1004 1284 refugiat,
1036 1223 1102 1265 nou
1134 1203 1302 1284 pavescat:
1336 1200 1406 1265 ideo

139 1302 264 1367 morbos
286 1302 394 1387 gigni,
429 1303 504 1386 quia
527 1302 694 1366 daemonia
722 1323 788 1366 nou
812 1300 973 1385 colantur,
1003 1309 1037 1367 et
1064 1302 1123 1366 deo
1144 1302 1318 1366 Februario
1340 1325 1406 1367 non

139 1403 308 1488 litetur³)?
340 1402 453 1487 Video,
471 1404 525 1467 ubi
543 1403 623 1468 haec
642 1402 853 1466 deliramenta
876 1404 1104 1489 conceperit4).
1139 1403 1301 1480 Quomodo
1316 1426 1406 1489 prae-

139 1505 297 1570 varicator
324 1527 390 1570 non
418 1509 481 1588 est,
519 1505 575 1590 qui
606 1505 640 1569 in
674 1504 733 1569 has
761 1504 979 1588 blasphemiae
1007 1507 1221 1591 profanitates
1249 1507 1407 1570 incurrit?

139 1608 300 1684 Quomodo
322 1608 498 1692 sacrilegus
526 1629 592 1672 non
615 1608 816 1692 aestimetur,
851 1609 905 1692 qui
933 1609 1082 1692 abjurata
1104 1608 1199 1672 unius
1221 1608 1282 1672 Dei
1304 1609 1406 1693 provi-

139 1710 247 1776 dentia
269 1713 302 1774 et
322 1712 492 1794 potestate,
516 1730 612 1793 quam
628 1709 791 1774 confessus
808 1712 866 1793 est,
891 1710 930 1774 ad
945 1709 1144 1794 prodigiosas
1163 1712 1406 1794 superstitiones

139 1816 170 1877 et
195 1835 281 1877 vana
308 1812 464 1896 figmenta
491 1810 676 1876 seducitur?
723 1809 904 1875 Secundum
937 1813 1117 1896 apostolum
1144 1812 1240 1897 longe
1268 1813 1406 1877 deterius

139 1935 209 1978 reus
228 1914 363 1999 jureque
386 1914 597 1995 damnandus,
622 1912 801 1978 confessam
823 1913 993 1978 veritatem
1014 1914 1169 1997 deserere,
1199 1936 1295 1999 quam
1322 1916 1349 1979 si
1371 1915 1406 1979 in

139 2038 207 2081 eam
229 2015 413 2080 nullatenus
436 2015 631 2080 credidisset.
676 2014 827 2091 Quamvis
856 2015 941 2080 enim
971 2015 1142 2080 ridiculosa
1164 2017 1230 2081 sint
1251 2017 1407 2101 figmenta

138 2141 219 2205 quae
246 2118 405 2203 proferat,
439 2121 550 2182 tamen
575 2119 644 2202 ipse
672 2102 804 2182 affectus
827 2120 862 2182 et
882 2116 1030 2182 voluutas
1056 2119 1091 2181 in
1121 2117 1253 2183 crimine
1276 2122 1339 2200 est,
1375 2122 1407 2182 et

139 2221 292 2306 professio
320 2241 358 2284 ac
385 2220 582 2304 praedicatio
606 2221 679 2304 jure
707 2219 904 2304 damnanda3
942 2240 980 2283 ac
1007 2241 1065 2303 per
1093 2219 1153 2283 hoc
1175 2221 1230 2304 qui
1251 2221 1285 2284 in
1308 2221 1408 2285 alium

139 2323 331 2389 sententiam
353 2322 571 2387 damnationis
593 2322 662 2387 vult
684 2322 753 2386 sine
775 2320 962 2406 dilatione5)
985 2323 1137 2406 proferri,
1167 2322 1202 2385 in
1224 2344 1285 2407 quo
1309 2323 1407 2387 alium

138 2425 267 2510 judicat,
291 2425 498 2509 semetipsum
520 2447 554 2488 se
577 2425 789 2489 condemnare
813 2436 996 2509 cognoscat.

220 2528 253 2592 3.
290 2525 454 2612 Numquid
477 2527 563 2591 enim
585 2527 732 2610 pontifex
761 2525 922 2590 vindicare
950 2526 1046 2591 debet
1073 2528 1108 2590 in
1137 2550 1205 2611 eos,
1235 2527 1289 2611 qui
1318 2526 1406 2590 adul·

138 2630 253 2696 terium
276 2629 440 2714 corporale
464 2629 680 2711 committunt,
704 2632 737 2692 et
757 2629 792 2691 in
815 2649 878 2710 eos,
902 2627 957 2711 qui
979 2629 1194 2712 sacrilegium,
1218 2628 1251 2691 id
1274 2630 1323 2691 est
1343 2627 1406 2691 for-

138 2732 333 2798 nicationem
355 2733 388 2795 et
411 2731 602 2796 adulterium
624 2731 807 2815 spirituale,
838 2734 972 2815 gerunt,
1002 2752 1068 2794 non
1096 2730 1192 2794 debet
1218 2728 1407 2792 vindicare?

138 2832 253 2899 Nonne
267 2833 336 2918 ipse
353 2832 520 2917 Dominus,
544 2856 641 2918 quum
658 2831 801 2896 adultera
824 2832 863 2895 ad
886 2854 959 2895 eum
981 2835 1065 2896 esset
1081 2832 1238 2914 adducta,
1254 2853 1406 2895 accusan-

138 2936 222 3001 tibus
245 2936 341 3000 dixit:
370 2940 406 3001 Se·
426 2944 493 3017 ques
515 2948 642 3001 uestrum
664 2941 729 2999 sine
747 2946 873 3014 peccate
895 2946 953 3010 est,
978 2941 1098 3015 primus
1126 2941 1156 2997 in
1184 2954 1249 2997 eam
1271 2937 1406 3012 lapidem
1418 2942 1480 2996 Joh.
1488 2949 1512 3007 8,
1520 2947 1541 2995 7.

138 3039 259 3104 mittat?
291 3037 367 3103 Non
382 3039 443 3103 ait:
465 3046 578 3118 siquis
600 3049 728 3102 uestrum
750 3058 810 3102 aon
832 3042 969 3101 similiter
991 3041 1114 3099 adulter
1128 3047 1186 3107 est;
1209 3033 1279 3098 sed:
1302 3041 1329 3098 si
1342 3041 1408 3113 quis

138 3149 200 3207 riae
216 3152 347 3222 peceato
367 3152 419 3206 est.
456 3140 604 3217 Quolibet
627 3160 704 3224 ergo
726 3139 899 3202 obstrictus
922 3138 1055 3222 quisque
1077 3139 1210 3220 peccato
1224 3137 1260 3201 in
1276 3134 1406 3200 alterius
1581 3166 1586 3196 ι
1655 3204 1659 3210 ‚

138 3243 262 3329 pocomi
289 3263 380 3306 reum
407 3243 547 3328 lapidem
575 3264 641 3305 non
670 3241 787 3305 audeat
818 3241 957 3304 mittere.
1007 3237 1129 3314 Quibus
1156 3242 1234 3302 tunc
1262 3259 1320 3322 pro
1349 3259 1406 3300 sua

139 3344 336 3411 conscientia
358 3345 596 3409 discedentibus
623 3342 734 3406 mundi
757 3341 904 3407 Salvator
933 3341 1066 3425 adjecit:
1101 3346 1232 3422 ilfalier,
1261 3344 1312 3404 ubi
1337 3352 1407 3404 suast
1415 3350 1509 3418 Johs,
1517 3356 1556 3404 10.

138 3459 330 3515 accusatores
352 3453 416 3512 tui?
454 3453 548 3511 Nemo
570 3460 598 3510 te
620 3451 853 3511 condemnauit?
891 3449 954 3509 Nec
975 3465 1032 3522 epe
1054 3455 1082 3506 te
1104 3448 1327 3516 condemnatam
1354 3448 1408 3506 sed

138 3556 224 3626 aede,
256 3556 383 3614 ulterius
398 3557 468 3630 jem
490 3556 554 3614 noli
570 3570 714 3631 peceare.
760 3546 864 3611 Tenes
887 3549 919 3610 et
939 3545 1070 3628 teneris,
1100 3565 1195 3629 urges
1218 3547 1250 3608 et
1272 3544 1405 3629 urgeris,

138 3652 313 3738 obstringis
336 3655 368 3716 et
389 3651 616 3736 obstringeris,
638 3649 799 3735 pontificis
822 3649 1052 3762 discussionem
1074 3646 1203 3732 flagitas
1218 3645 1408 3710 vindictam·

203 3872 278 3944 ')G¹
298 3872 386 3926 omitt.
407 3879 439 3926 in.
469 3872 534 3926 Mox
547 3872 580 3926 G'
598 3876 748 3941 publiceque
766 3876 930 3940 suppliceque
946 3875 1116 3939 praedicare,
1136 3869 1269 3937 corrupta
1282 3867 1408 3936 ejusdem

139 3958 216 4013 verbi
233 3957 410 4029 repetitione.

202 4045 272 4113 ⁸)b¹
291 4047 390 4098 libetur.
421 4043 534 4098 Rectius
553 4045 580 4096 a¹
600 4048 700 4097 litetur:
718 4040 793 4110 quod
810 4041 926 4095 verbum
944 4042 973 4094 et
989 4040 1064 4094 infra
1080 4045 1135 4094 u.5
1153 4037 1304 4108 repetitum
1322 4036 1408 4090 visuri

139 4148 240 4184 samua
270 4130 362 4183 Antea
379 4129 468 4198 magis
487 4128 625 4183 arrideret
641 4133 689 4182 deo
707 4131 822 4182 Februo:
840 4143 858 4178 a
875 4141 930 4193 que
949 4123 1054 4179 seilicet
1071 4123 1240 4179 Februarius
1252 4121 1353 4176 mensis
1365 4126 1409 4175 est

138 4216 318 4286 nuncupatus.
354 4213 393 4268 Ut
416 4214 489 4267 enim
511 4213 682 4282 Augustinus
705 4213 802 4269 contra
824 4209 959 4263 Faustmn
984 4209 1002 4262 l.
1023 4215 1054 4265 18
1072 4227 1094 4263 c.
1115 4215 1131 4263 ὃ
1149 4207 1242 4274 docet,
1266 4226 1283 4261 a
1302 4212 1408 4260 l'ebruls

137 4307 219 4356 samis
231 4305 405 4370 Lupercorum
424 4298 642 4369 appellationem
660 4297 704 4351 hic
722 4295 824 4351 mensis
843 4295 958 4350 sortitus
977 4296 1032 4359 est,
1051 4293 1117 4361 quia
1128 4293 1266 4358 nimirum,
1285 4295 1316 4345 ut
1333 4291 1408 4345 idem

139 4385 171 4440 (lc
189 4383 263 4440 civit.
282 4384 336 4438 Dei
353 4385 370 4438 l.
386 4391 400 4438 7
419 4391 470 4438 ci
490 4385 586 4439 auctor
605 4385 659 4448 est,
682 4382 762 4436 ineo
782 4387 813 4450 fit
830 4401 930 4435 sumum
946 4385 1135 4448 prcrpelorr'urn,
1159 4385 1228 4449 quod
1250 4388 1340 4432 vocent
1358 4381 1407 4430 Fe·

138 4475 231 4531 trum
266 4470 406 4525 Februum
424 4469 493 4522 illud
509 4470 727 4538 purgamentum
744 4466 835 4522 Varro
853 4466 901 4520 lib.
921 4472 937 4520 5
955 4466 989 4520 de
1008 4464 1097 4519 latina
1113 4463 1211 4533 lingua
1228 4462 1334 4532 pariter
1351 4479 1407 4515 me·

138 4559 242 4623 morat,
261 4573 295 4610 ex
314 4573 368 4624 quo
387 4555 472 4609 ritum
489 4555 566 4607 illum
585 4572 602 4607 a
620 4552 731 4607 Sabinis
749 4551 786 4606 ad
803 4552 945 4606 Romanos
963 4550 1111 4605 advectum
1128 4548 1211 4603 fuisse
1224 4546 1372 4615 colligitur.

203 4643 226 4710 ⁴)
243 4642 288 4696 lta
304 4641 343 4695 b¹.
373 4641 411 4694 At
429 4640 463 4695 G¹
477 4643 503 4694 a¹
517 4645 675 4708 compererit,
696 4640 721 4692 c⁷
734 4639 771 4690 c¹⁰
789 4643 952 4706 compererit.
983 4635 1114 4706 Superius
1131 4640 1213 4689 Viden
1226 4649 1309 4701 quam
1327 4637 1408 4684 Video

138 4727 292 4782 mallemus.

205 4816 227 4881 5)
246 4812 306 4867 Hoc
328 4811 432 4866 dictum
454 4814 495 4865 est
518 4813 616 4864 contra
638 4826 697 4875 eos,
725 4808 772 4875 qui
799 4807 928 4862 clericum
952 4809 1113 4862 accusatum
1138 4804 1214 4861 nulla
1241 4801 1408 4875 interposita

138 4914 219 4954 mora
236 4913 288 4952 nee
306 4896 433 4968 legitimo
448 4896 555 4966 judicie
575 4896 736 4966 exspectato
755 4892 882 4948 damnari
899 4893 1039 4948 volebant.
