3450 5678
374 302 436 366 722
584 386 589 413 Ι
828 316 855 364 s.
872 315 1050 364 srnnnuei
1073 315 1187 363 encas

265 499 290 537 a.
301 487 359 537 512.
374 493 442 537 esse
471 473 622 552 ventura,
657 470 793 554 quaein
817 468 1177 552 Constantinopolitano
1204 490 1308 552 nuper
1336 468 1475 535 ecclesia
1504 472 1662 559 contige·

373 578 465 657 runt:
501 572 541 636 de
568 573 683 657 quibus
710 571 790 635 milri
818 572 939 655 pariter
971 571 1182 656 ingemiscere
1214 592 1345 636 necesse
1377 576 1427 637 est
1461 576 1497 637 et
1530 578 1658 639 tacere.

372 676 456 741 Nam
478 675 531 759 qui
555 674 749 758 apostolieae
781 672 865 737 sedis
888 673 1139 739 admonitionem
1161 673 1390 758 negligendam
1412 695 1486 738 esse
1508 676 1660 741 credide

372 781 458 861 runt,
482 778 596 841 merito
618 776 800 840 inciderunt
821 775 856 838 in
879 798 927 858 ea,
951 797 1033 859 quae
1055 776 1184 840 evenire
1206 775 1311 840 solent
1333 775 1449 839 solatio
1473 776 1659 845 destitutis.

455 880 485 942 8.
522 878 555 943 si
578 878 648 961 quis
671 899 748 962 ergo
771 877 906 941 salutem
933 877 1094 961 propriam
1123 877 1272 962 cogitans
1299 898 1424 941 servare
1455 879 1552 961 cupit
1582 902 1660 965 apo

371 981 484 1045 stolica
503 980 641 1063 judicia,
665 1001 762 1063 quum
778 1002 797 1042 a
812 980 1030 1063 praefatorum
1052 1001 1086 1043 se
1102 979 1174 1043 labe
1189 979 1383 1062 sejunxerit,
1406 984 1547 1044 nostrae
1572 1004 1660 1047 eorn-

371 1082 533 1147 munionis
556 1104 589 1145 se
611 1082 738 1146 noverit
759 1082 829 1145 sine
851 1081 1051 1146 dubitatione
1073 1081 1282 1166 participem:
1310 1081 1385 1166 quia
1406 1081 1433 1145 si
1459 1082 1502 1144 ab
1528 1104 1659 1165 eorum,

370 1206 449 1269 quos
472 1183 648 1268 apostolica
675 1182 766 1246 sedes
793 1183 974 1266 damnavit,
1008 1206 1073 1248 non
1101 1205 1136 1247 se
1164 1184 1318 1247 societate
1345 1183 1541 1265 removerit,
1573 1186 1660 1250 sciat

370 1286 459 1350 nullo
482 1286 602 1368 colore,
637 1284 725 1349 nullo
752 1286 908 1369 figmento
945 1284 1094 1369 nullaque
1129 1284 1305 1349 calliditate
1338 1283 1590 1351 ecclesiasticae
1624 1310 1660 1351 se

371 1388 533 1452 custodiae
555 1409 647 1471 posse
670 1388 856 1470 subrepere:
879 1386 954 1471 quia
976 1387 1058 1450 sicut
1080 1387 1240 1471 illos-qui
1262 1408 1296 1451 se
1318 1387 1659 1472 asupraseriptorunr

370 1490 431 1553 hoc
453 1494 502 1553 est
524 1489 725 1574 Eutychetis,
749 1488 905 1573 Dioscori,
929 1488 1100 1572 Timothei,
1125 1488 1213 1552 Petri
1236 1493 1270 1553 et
1289 1488 1402 1553 Aeacii
1424 1490 1570 1555 venenis
1594 1491 1659 1555 dis-

370 1592 505 1675 sociant,
530 1591 669 1656 libenter
690 1591 929 1675 amplectimur,
963 1592 1011 1655 ita
1039 1591 1125 1655 circa
1152 1591 1287 1655 istorum
1314 1592 1493 1655 sectatores
1516 1613 1605 1657 cura
1627 1598 1660 1657 et

370 1693 551 1758 sollicitudo
572 1697 700 1777 nostra,
734 1716 775 1757 ne
798 1694 969 1777 subrepere
992 1695 1134 1778 possint,
1163 1715 1288 1778 semper
1309 1693 1474 1777 invigilet.
1521 1698 1570 1759 Et
1592 1698 1661 1760 nri·

369 1818 474 1862 manu:
497 1795 584 1859 Deus
606 1819 661 1861 vos
684 1794 858 1859 incolumes
882 1796 1053 1880 custodiat,
1076 1796 1193 1860 fratres
1217 1795 1390 1860 carissimi!
1430 1794 1522 1859 Data
1537 1800 1662 1861 octavo

369 1898 445 1962 Idus
467 1898 616 1963 Octobris
638 1902 710 1983 post
733 1897 935 1963 consulatum
957 1898 1072 1962 Felicis
1095 1897 1155 1962 viri
1178 1897 1359 1962 clarissimi.

869 2085 1053 2187 Epistola
1079 2086 1133 2169 14.
1228 2187 1235 2207 ¹

611 2236 813 2319 Symmachi
839 2255 949 2322 papae
971 2237 1015 2303 ad
1038 2238 1220 2321 epicospos
1244 2237 1396 2305 Galliac.

230 2231 254 2267 a.
268 2220 318 2268 513
331 2213 357 2266 d.

256 2281 350 2335 6Nov.

425 2378 562 2440 Confirmat
581 2379 725 2428 diets-ionem
741 2380 889 2442 provinciae
906 2380 974 2428 inter
995 2379 1161 2427 Viennensem
1184 2385 1209 2427 ce
1228 2378 1406 2427 Arclrvtensem
1423 2379 1560 2427 ecclesias
1578 2396 1597 2427 n
1664 2384 1715 2447 ps.

820 2464 907 2513 Leone
924 2479 996 2528 pnpn
1013 2464 1181 2512 constilrctnm.

522 2595 811 2660 Dilectissimis
848 2595 1049 2660 fratribus
1091 2596 1292 2660 universis
1329 2594 1544 2680 episcopis
1587 2620 1658 2683 per

616 2697 772 2762 Gallias
796 2698 1115 2762 consistentibus
1138 2696 1436 2783 Symmaclrus¹).

458 2822 485 2881 l.
522 2815 613 2882 Sedis
635 2817 836 2901 apostolicae·
851 2818 942 2901 nos²)
965 2816 1116 2882 instituta
1145 2816 1361 2902 praedicanda
1383 2815 1590 2899 sollicitant,
1618 2824 1653 2883 ut

370 2921 409 2984 de
432 2919 601 2985 concordia
623 2919 812 2984 universalis
835 2919 1016 3003 Ecclesiae,
1044 2941 1126 3004 quae
1148 2922 1217 2984 toto
1239 2920 1315 2984 orbe
1338 2918 1455 2983 diffusa
1478 2924 1549 3005 est,
1580 2944 1651 3007 per-

369 3023 460 3108 vigili
484 3044 560 3087 cura
581 3024 771 3087 tractemus:
793 3042 875 3105 quae
896 3024 975 3086 tunc
997 3012 1168 3107 pra'ecipue
1191 3022 1354 3086 efficacius
1369 3021 1542 3107 adolescit,
1568 3024 1597 3089 si
1613 3048 1650 3087 ea

369 3148 451 3210 quae
473 3148 492 3188 a
515 3124 659 3209 patribus
681 3127 804 3188 statuta
826 3127 913 3207 suut,
942 3128 1032 3188 aetas
1059 3125 1255 3209 subsequens
1276 3127 1463 3188 reverenter
1486 3124 1646 3191 observet.

370 3227 537 3292 Caesarius
559 3226 716 3312 siquidem
737 3226 839 3289 frater
860 3228 894 3289 et
909 3227 1113 3310 coepiscopus
1134 3230 1255 3310 noster,
1278 3225 1554 3311 metropolitanae
1570 3229 1646 3292 Are

368 3328 503 3393 latensis
532 3328 672 3394 civitatis
699 3327 863 3411 sacerdos,
898 3328 1051 3393 ecclesiae
1078 3329 1166 3393 beati
1194 3328 1331 3413 apostoli
1357 3326 1448 3393 Petri
1477 3328 1644 3395 liminibus

370 3434 609 3516 praesentatus,
640 3453 678 3495 ea
705 3453 785 3514 <puae
813 3430 936 3515 pridem
964 3430 1002 3495 de
1031 3430 1208 3516 privilegiis
1236 3429 1442 3495 ecelesiarum
1465 3432 1643 3497 oonsfituta

369 3537 460 3617 sunt,
494 3533 612 3597 nostris
634 3533 809 3617 postulavit
835 3532 983 3607 innovari
1012 3532 1220 3597 sermonibus.
1272 3532 1398 3599 Oimcta
1426 3532 1533 3619 igitir
1559 3534 1644 3599 inter

370 3635 520 3700 ecclesias
543 3635 764 3699 Arelatenscm
788 3638 821 3699 et
842 3634 1061 3700 Viennensem
1090 3658 1110 3699 a
1131 3634 1295 3699 decessore
1322 3636 1434 3700 nostro
1457 3636 1577 3702 imme
1597 3658 1641 3701 re·

370 3737 563 3802 cordationis
585 3737 691 3802 Leone
713 3760 799 3821 papa
820 3759 901 3822 quae
923 3759 1019 3821 super
1039 3737 1100 3801 hac
1121 3740 1214 3821 parte
1241 3735 1390 3803 ordinata
1418 3742 1515 3821 sunt,
1543 3738 1642 3803 eccle·

370 3839 436 3903 siae
458 3839 623 3904 Romanae
651 3838 753 3903 fidelis
781 3839 924 3903 declarat
950 3838 1131 3904 instructio.
1176 3839 1284 3924 Atque
1311 3837 1382 3903 ideo
1403 3860 1447 3903 ne
1469 3862 1528 3923 ea,
1561 3862 1642 3927 quac

369 3962 494 4026 semper
517 3941 660 4005 veritatis
683 3944 733 4005 est
754 3941 888 4025 aemula,
918 3941 978 4005 sibi
1001 3940 1120 4026 aliquid
1142 3940 1307 4007 vindicare
1327 3944 1425 4027 queat
1446 3940 1580 4027 oblivio,
1609 3946 1642 4007 et

439 4201 457 4267 ¹)
476 4197 507 4252 ln
530 4196 698 4252 Floriaecnsi
720 4195 895 4251 Bibliotheca
919 4195 1072 4266 praemissa
1097 4194 1277 4266 inscript'one
1300 4198 1418 4251 Oriades
1439 4202 1573 4269 apocope·
1592 4216 1639 4267 per

371 4288 467 4341 Gallias
489 4289 632 4337 constitutis
655 4281 801 4350 subjicitur
827 4280 881 4335 hoc
903 4280 1058 4336 exordium:
1085 4286 1196 4335 Genetes
1216 4287 1284 4336 inter
1305 4286 1427 4337 ecclesias
1446 4286 1589 4339 Galliam
1608 4286 1638 4337 at

368 4373 522 4437 proecipuus
539 4373 705 4421 Viennensem
723 4377 748 4419 et
767 4371 943 4420 Arelatenmm
960 4373 1060 4421 eaemr'n't
1077 4371 1260 4421 controversia.
1288 4372 1358 4431 (lane
1370 4386 1432 4421 nero
1448 4388 1467 4420 n
1483 4374 1636 4437 prastern-

368 4474 428 4509 rore
446 4463 534 4508 nostro
553 4456 642 4506 beatae
660 4457 849 4505 reeordationis
866 4462 926 4513 etc,
950 4452 979 4505 et
1001 4451 1131 4520 deinceps
1153 4450 1457 4507 adherentium:
1473 4460 1637 4523 nauplio-r

370 4543 524 4597 transcendi.
544 4535 643 4604 quibus
661 4535 758 4589 addito
781 4542 871 4591 Valere
888 4538 1078 4605 fragmentum
1096 4534 1242 4594 clauditur.
1276 4534 1348 4591 ilinc
1364 4536 1550 4593 confirmatur
1565 4536 1637 4607 quod

369 4623 437 4677 alibi
455 4621 670 4687 observavimus,
688 4621 836 4690 plerasque
855 4621 994 4693 epistolas,
1012 4638 1084 4689 quae
1102 4621 1131 4675 in
1147 4620 1197 4675 illa
1212 4619 1388 4675 Bibliotheca
1404 4624 1533 4679 vetemur
1550 4622 1637 4695 ponfi-

369 4710 450 4761 licum
469 4706 625 4761 nominibus
642 4705 837 4773 insigniuntur,
857 4707 1054 4777 utplurimum
1071 4724 1201 4761 vcrarrnn
1213 4706 1396 4777 epistolarum
1408 4708 1551 4777 quaedam
1562 4708 1636 4763 dun-

370 4794 449 4847 taxat
465 4794 624 4859 fragmenta
642 4808 701 4846 esse
719 4809 774 4846 non
793 4792 908 4846 sincera.

436 4881 457 4945 ²)
476 4879 519 4932 lta
535 4879 577 4932 L'.
613 4876 687 4930 lldili
706 4877 796 4934 omitt.
816 4896 998 4947 triremesque
1017 4885 1133 4936 Arelate.
