3412 5664
594 329 790 378 nrrsronns
814 321 843 378 8.
868 319 896 378 9.
1324 315 1384 381 147

89 484 204 550 talem
235 484 424 550 modestiam
445 482 655 568 Mamertus¹)
684 483 851 568 episcopus
874 483 1068 548 Viennensis
1091 485 1273 567 excesserit,
1309 484 1385 550 dile·
1398 495 1491 546 uasa.

88 588 223 652 ctionis
245 591 322 652 tuae
343 587 510 652 debuimus
531 586 688 650 relatione
712 607 916 671 cognoscere,
939 590 975 651 ut
998 586 1160 670 ausibus²)
1183 587 1302 651 talibus
1318 610 1383 652 ma·

87 692 215 753 turum
240 693 273 754 et
291 689 385 773 juxta
407 687 697 754 ecclesiasticarum
725 688 870 752 ordinem
897 687 1079 772 regularum
1102 709 1280 773 congruum
1299 690 1382 773 judi-

85 791 189 855 cium
213 791 439 876 proferremus.
478 776 642 866 Quantum
665 791 752 854 eninr
773 790 832 854 filii
861 791 963 854 nostri
991 790 1051 853 viri
1072 790 1206 854 illustris
1234 792 1380 876 nragist'

84 894 248 958 militum
269 893 464 980 Gunduici³)
487 914 633 958 sermone
656 896 705 956 est
727 893 915 976 indicatum,
939 893 1122 976 praedictus
1145 893 1312 977 episcopus
1334 894 1382 959 in·

83 996 178 1060 vitis
203 994 399 1079 Deensibus,
435 998 468 1058 et
495 995 550 1079 qui
584 993 624 1058 ad
658 995 864 1060 ecclesiarum
891 995 960 1078 ejus
988 1016 1171 1078 numerum,
1204 998 1319 1082 quasl)
1353 998 1382 1061 ei

82 1098 304 1181 apostolicae
331 1097 414 1162 sedis
442 1096 610 1181 deputavit
631 1097 815 1180 auctoritas,
845 1098 928 1161 sicut
955 1097 988 1160 in
1015 1097 1140 1161 scriniis
1163 1099 1280 1162 nostris
1302 1098 1382 1184 legi-

81 1221 184 1282 mus,
209 1200 344 1265 minime
359 1198 577 1284 pertinebant,
594 1197 703 1262 hostili
719 1220 807 1263 more
829 1202 865 1261 ut
885 1198 1001 1263 dicitrn
1022 1221 1182 1284 occupans
1205 1199 1380 1286 civitatem,

81 1302 293 1387 episcopum
315 1322 501 1366 consecrare
523 1302 748 1386 praesumpsit.

186 1403 221 1466 2.
261 1402 302 1466 In
322 1424 394 1488 quo,
422 1403 525 1467 frater
548 1403 721 1485 carissime,
750 1403 778 1467 si
801 1403 847 1467 ita
870 1406 933 1485 est,
963 1427 1069 1487 quam
1088 1404 1256 1490 multiplex
1287 1405 1382 1489 culpa

81 1506 149 1589 sit,
181 1504 398 1590 pronuntiare
425 1526 588 1590 possemus
596 1505 634 1588 ⁵),
663 1505 727 1569 nisi
747 1505 871 1589 judieii,
901 1509 937 1569 ut
960 1506 1107 1590 diximus,
1144 1511 1177 1572 et
1205 1507 1381 1572 moderatio

82 1608 198 1673 nobis
234 1610 320 1673 esset
347 1612 380 1672 et
407 1608 484 1673 ordo
514 1607 699 1673 servandus.
750 1608 857 1692 Atque
892 1607 963 1672 ideo
996 1630 1116 1673 mernor
1144 1610 1379 1693 sollicitudinis,

81 1732 199 1797 quarn
222 1709 389 1775 dilectioni
415 1714 492 1775 tuae
518 1709 581 1775 seis
611 1732 679 1775 esse
708 1709 919 1794 commissam,
949 1710 1101 1795 quidquid
1127 1733 1213 1776 nune
1236 1712 1277 1775 ad
1298 1714 1380 1777 noti-

82 1814 182 1877 tiam
205 1814 354 1877 nostram
376 1812 465 1877 brevi
487 1812 706 1877 insinuatione
728 1811 870 1876 delatum
895 1816 954 1897 est,
984 1813 1018 1876 in
1041 1817 1200 1877 conventu
1223 1813 1379 1898 synodali,

81 1915 150 2000 qui
184 1912 366 1979 secundum
392 1917 516 1980 statuta
543 1917 654 1979 nostra
676 1915 771 1980 annis
799 1913 935 1999 singulis
962 1919 995 1979 te
1024 1915 1085 1979 sibi
1107 1915 1310 1999 praesidente
1333 1920 1382 1980 est

84 2016 365 2103 congregandus,
389 2016 547 2080 discutere
570 2039 651 2102 quae
673 2020 749 2081 sunt
771 2020 844 2080 acta
867 2016 1007 2102 debebis,
1033 2021 1066 2081 et
1083 2017 1282 2101 praedictam
1290 2019 1316 2104 ⁰)
1333 2040 1381 2083 ra-

82 2120 227 2183 tionem
250 2117 330 2183 sacti
352 2118 402 2182 sui
423 2118 482 2183 sub
504 2119 653 2183 universo
677 2122 767 2183 coetu
794 2118 1010 2184 fraternitatis
1032 2119 1171 2205 exigere,
1201 2142 1239 2183 ac
1266 2119 1381 2184 deinde

83 2221 250 2286 omnium
271 2219 388 2284 litteris
396 2219 422 2303 ⁷)
445 2224 575 2286 nostrae
597 2221 747 2285 intimare
770 2221 920 2286 notitiae:
949 2225 985 2285 ut
1012 2221 1095 2306 quod
1123 2224 1237 2287 sancto
1260 2219 1381 2307 Spiritu

84 2322 253 2388 dictante
274 2324 325 2387 est
342 2321 536 2406 faciendum,
561 2323 601 2387 ad
624 2322 878 2407 comprimendos
894 2327 1027 2388 conatus
1040 2323 1171 2388 illicitos
1186 2323 1379 2389 ordinemus.

85 2422 189 2490 Deus
211 2429 250 2489 te
269 2420 462 2489 incolumem
484 2425 653 2511 custodiat,
672 2425 778 2495 frater
801 2426 979 2491 carissime!
1017 2425 1103 2491 Data
1125 2425 1172 2491 VI
1195 2425 1270 2492 Idus
1286 2426 1381 2493 Octo·

85 2526 179 2611 bris,
203 2524 330 2591 Basilio
352 2527 419 2592 viro
443 2527 619 2593 clarissimo
642 2529 781 2594 consule.

169 2834 191 2899 ¹)
208 2830 256 2887 De
271 2831 422 2900 Mamerto,
444 2850 527 2902 quem
544 2833 657 2888 Hilarus
679 2833 724 2888 hic
746 2833 848 2888 aeriter
870 2833 1010 2905 percellit,
1033 2835 1117 2904 longe
1143 2833 1252 2889 diverso
1271 2835 1379 2890 calamo

88 2916 237 2974 Sidonius
249 2916 418 2987 Apollinaris
430 2918 549 2988 (epistol.
562 2918 622 2985 VII,
633 2923 658 2988 1)
677 2920 706 2972 et
723 2937 744 2971 s.
757 2919 855 2972 Avitus
874 2922 954 2986 (orat.
968 2920 1002 2974 dc
1016 2914 1226 2988 rogationib.'in
1240 2920 1380 2975 Sirmondi

87 3004 174 3075 Opp.
193 3002 232 3069 11,
245 3007 280 3057 89
292 3019 338 3069 sn,
359 3003 454 3074 Migne
472 3004 547 3059 Patr.
566 3003 614 3058 lat.
633 3003 702 3069 LIX,
715 3009 765 3059 289
778 3008 825 3072 ss.)
842 3004 1021 3073 scripserrmt.
1052 3003 1280 3058 strenuissimum
1297 3004 1380 3072 siqui·

88 3089 165 3145 «lem
188 3104 227 3143 ac
249 3086 405 3157 piissimum
425 3090 568 3158 pastorem
590 3105 654 3144 eum
677 3088 811 3144 exhibent
832 3088 1003 3158 dignumque
1024 3088 1201 3159 praedicant,
1223 3105 1274 3158 per
1296 3105 1379 3157 quem

87 3174 178 3231 Deus
195 3188 309 3243 magna
325 3174 355 3228 et
370 3172 511 3230 mirabilia
527 3191 579 3245 pro
597 3173 777 3228 ecclesiarum
795 3172 987 3229 aedificatione
1005 3176 1136 3244 operatus
1154 3174 1191 3228 sit
1209 3175 1275 3242 (cn).

167 3261 193 3327 ¹)
211 3259 292 3313 «¹12³
309 3265 378 3313 naris
396 3263 487 3314 talitro
558 3265 754 3314 ecclesiasticum
771 3264 885 3313 ordinem
902 3265 1053 3329 reputarem.

168 3348 191 3413 ¹)
210 3342 250 3398 Β*
268 3348 413 3407 Gmdaicir',
436 3343 483 3399 alii
503 3349 636 3400 (insidiari.
673 3344 732 3398 Rex
750 3343 980 3414 Burgundionum
997 3344 1020 3397 is
1038 3347 1110 3410 erat,
1133 3343 1181 3413 qui
1198 3344 1296 3399 Rheno
1315 3343 1377 3398 cire.

91 3448 165 3487 am.
177 3434 235 3485 406
252 3428 415 3483 manino
432 3428 521 3484 multa
539 3447 600 3483 cum
618 3429 752 3483 Romanis
769 3429 798 3483 in
813 3429 905 3484 Gallia
922 3431 951 3483 et
968 3428 1045 3484 vario
1063 3430 1165 3483 eventu
1181 3428 1289 3498 proelia
1307 3445 1380 3483 com-

91 3515 190 3581 nisit,
220 3530 259 3568 ae
280 3512 394 3569 demum
415 3513 505 3584 pactis
523 3513 727 3570 conditionibus
750 3513 879 3582 magistri
900 3513 1020 3568 militum
1037 3514 1173 3569 honorem
1191 3514 1309 3584 adeptus
1327 3515 1378 3568 est.

91 3599 181 3667 Quod
198 3598 242 3654 ab
255 3596 353 3654 ldilaro
362 3605 430 3666 fidus
444 3598 610 3666 nominetur,
628 3599 738 3669 rignum
751 3602 801 3666 est,
820 3616 884 3654 eum
896 3599 960 3653 fidei
972 3599 1127 3655 eathohcae
1140 3599 1274 3654 cultorem
1286 3597 1379 3652 trisse.

92 3684 160 3753 Qua
178 3702 243 3740 non
260 3683 350 3739 multo
368 3685 433 3754 post
449 3684 581 3740 abdicata
591 3683 804 3754 Burgrmdioncs
816 3684 980 3740 adArianos
993 3685 1126 3740 defecisse
1140 3683 1208 3738 satis
1219 3685 1317 3737 notmn
1329 3684 1373 3738 est

166 3774 190 3839 ¹)
210 3790 233 3825 α
247 3769 267 3823 b
280 3769 310 3823 ο·
326 3788 407 3839 mem,
425 3768 472 3824 alii
490 3771 542 3838 (nd)
560 3790 632 3840 quar.
668 3769 792 3834 Quatuor
810 3771 904 3825 autern
922 3770 1062 3836 ccclesias,
1079 3769 1135 3823 scil.
1154 3768 1309 3835 valentiae,
1327 3767 1380 3822 Ta

92 3855 256 3921 mindae,
274 3852 408 3909 Genavae
426 3857 457 3909 et
474 3854 688 3925 Gratianopolis,
707 3871 779 3911 anno
797 3861 848 3910 450
865 3860 923 3909 Lco
936 3855 1017 3925 epist.
1028 3860 1061 3908 oo
1079 3854 1229 3909 Viennensi
1247 3853 1378 3923 episeopo

93 3940 247 3998 mnne.

164 4032 188 4091 ¹)
207 4026 258 4082 Ita
276 4027 324 4092 ῶς
340 4045 440 4095 possen
458 4029 501 4091 ⁰¹¹3
518 4034 642 4095 personne
659 4025 735 4081 editi.

161 4118 187 4183 ἦ)
204 4112 257 4168 11⁸
274 4111 321 4175 ἐς
348 4111 477 4167 similiter
495 4115 525 4166 α’
545 4117 706 4180 praedictam
723 4117 862 4173 rationem:
891 4114 920 4166 n¹
933 4109 966 4166 L⁴
982 4109 1142 4180 praedietnm
1159 4117 1269 4167 ratione.
1304 4107 1381 4165 Editi

87 4222 107 4257 ι
122 4204 275 4272 praedicto
295 4195 356 4250 mil.
374 4194 518 4253 Mamerto.
818 4187 827 4204 ‘

161 4289 185 4353 ¹)
204 4282 278 4338 L’b
297 4286 409 4339 aaran.
