3412 5664
167 291 210 361 80
535 306 669 353 neuras
692 295 845 353 roseum
863 304 904 353 ru
919 304 1067 353 causan

163 466 301 531 edisserit,
322 466 438 541 quodam
459 466 540 523 morlo
561 469 678 540 pertinet
694 468 760 523 haec
774 465 935 540 disputatio.
963 466 989 521 in
1006 482 1058 539 qua
1075 465 1210 521 hominem
1225 463 1442 543 abbnjusmoeli

163 570 254 628 pugna
269 552 441 627 postmodmn
455 551 621 609 liberandum
636 569 710 613 csse.
734 549 906 625 comprobata
926 550 1060 625 cujusque
1080 551 1108 607 in
1124 551 1236 625 proprio
1252 566 1322 607 sexu
1338 567 1443 607 resur·

163 639 283 694 rectione
298 637 422 694 adstruit.
453 638 545 711 Neque
560 654 623 693 vero
639 636 673 693 de
688 637 806 713 qualibet
821 652 966 709 eorpornm
981 635 1200 692 suscitandorum
1216 635 1361 710 qualitate,
1387 634 1444 692 sed

162 722 196 779 ale
211 740 242 779 ea
259 740 323 787 una,
340 740 409 799 quae
425 722 528 779 leminis
544 724 686 797 competit,
707 722 836 795 disputat.
872 720 937 777 llam
958 737 1041 797 qurum
1063 720 1210 777 nonnullos
1225 720 1294 779 salso
1313 720 1444 797 quodam

164 808 275 882 pudoris
290 808 386 865 allectn
402 807 536 871 detentos,
553 816 644 864 unum
659 808 708 863 hae
723 809 751 863 in
765 809 876 881 proprio
892 823 959 863 sexu
974 814 1146 863 surrecturae
1157 807 1228 871 sint,
1248 804 1381 873 dubitare
1397 806 1447 863 rel

165 896 245 951 etiam
264 895 317 950 hoc
336 911 448 968 prorsus
470 891 580 949 inficiari
601 892 766 955 adverteret,
788 892 815 948 id
835 891 885 948 sibi
906 893 1049 965 operosius
1070 890 1240 966 probandum
1260 891 1357 955 duxit,
1382 908 1447 967 quo

166 988 265 1055 negato
287 981 492 1035 resurrectionis
514 976 595 1035 iidem
616 978 686 1034 haud
702 977 876 1034 mediocriter
890 975 1043 1033 labefactari
1056 993 1113 1034 non
1128 976 1281 1051 ignorabat.
1323 976 1395 1033 Nam
1420 978 1447 1033 si

164 1066 192 1120 in
207 1065 317 1139 proprio
332 1081 399 1120 scra
413 1081 469 1121 non
484 1070 633 1139 resurgunt
645 1063 767 1127 feminae,
785 1080 840 1119 nou
858 1070 986 1137 resurget
1003 1063 1119 1137 quisque
1136 1063 1289 1137 inproprie
1306 1078 1444 1137 corpore,

165 1148 289 1225 adeoque
303 1166 354 1207 nec
368 1147 462 1214 stabit,
480 1150 553 1223 qnod
569 1148 717 1213 eredimus,
735 1164 954 1224 unumquemque
971 1164 1080 1211 eorum,
1096 1149 1262 1227 quaelgessit
1276 1148 1306 1205 iu
1322 1148 1447 1223 proprio

166 1251 296 1309 corpore,
313 1236 445 1291 rationem
461 1251 522 1291 esse
537 1233 714 1291 redditurum.

249 1320 277 1377 3.
307 1320 337 1377 lo
352 1321 405 1377 hoe
419 1327 534 1376 tractatu
549 1316 668 1396 quamvis
684 1319 802 1376 solutior
816 1336 847 1377 ac
861 1318 986 1376 dillusior
1000 1321 1122 1375 minusve
1138 1317 1288 1381 elaborata.
1312 1335 1399 1394 qnam
1415 1320 1445 1377 in

165 1405 303 1462 nonnullis
319 1405 377 1461 aliis
392 1406 514 1479 scriptis,
531 1405 597 1462 lluat
612 1407 708 1467 oratio,
725 1404 870 1461 identidem
888 1412 978 1461 mmen
994 1411 1141 1461 occurrunt
1156 1406 1284 1479 propriae
1302 1403 1443 1480 quaedam

165 1490 262 1547 Gelasii
282 1491 446 1552 locutiones.
469 1490 565 1564 quibus
585 1492 721 1565 genuinus
742 1489 801 1561 ejus
822 1506 918 1565 parens
933 1491 1138 1547 internoscitur.
1169 1489 1215 1547 Sic
1230 1506 1294 1547 vero
1310 1488 1443 1565 plerum·

165 1594 217 1651 apue
233 1578 385 1651 Augustino
400 1577 526 1639 concinit,
541 1585 572 1632 nt
587 1592 652 1649 quas
668 1593 700 1632 ex
712 1575 833 1632 familiari
849 1575 907 1648 ejus
923 1576 1042 1633 lectione
1057 1576 1148 1631 hausit
1162 1576 1323 1638 sententias,
1339 1592 1356 1632 e
1373 1592 1444 1651 pro·

166 1664 227 1736 prio
244 1662 320 1718 lonte
336 1661 480 1717 decurrere
496 1661 608 1718 diceres.

248 1746 277 1803 4.
305 1745 455 1821 opuntem
471 1746 550 1811 leret,
573 1754 603 1802 ut
617 1763 632 1801 e
647 1748 820 1821 castigatiore
835 1754 916 1821 atque
930 1747 1081 1821 integriore
1097 1745 1281 1820 exemplariis
1297 1754 1438 1803 tractatus

164 1833 319 1907 prodiisset.
350 1831 403 1888 Sed
418 1831 486 1889 bene
501 1840 556 1897 est,
578 1831 651 1907 quod
673 1849 734 1888 eum
749 1831 883 1888 llomanns
904 1830 995 1889 editor
1014 1849 1064 1906 pro
1087 1848 1162 1888 more
1184 1848 1235 1888 suo
1256 1848 1366 1889 summa
1385 1830 1441 1889 lide

164 1934 321 1993 expressum
342 1916 415 1973 nulla
436 1919 583 1974 mutatione
603 1917 671 1974 laeta
691 1917 724 1972 ad
745 1934 794 1973 uos
817 1918 972 1973 transmisit.
1019 1916 1109 1973 Satius
1130 1924 1173 1973 est
1194 1918 1280 1981 enim,
1309 1926 1439 1974 veterum

165 2006 264 2077 scripta
280 2001 312 2058 ad
327 2002 465 2076 archetypi
480 2000 560 2059 tidem
575 2011 665 2060 exacta
680 2020 742 2059 cum
757 2003 874 2064 mendis.
896 2018 976 2076 quam
997 2019 1029 2059 ex
1050 2000 1214 2074 conjecturis
1236 2000 1269 2057 ab
1292 2002 1439 2079 archetypi

165 2088 255 2145 littera
270 2088 380 2144 remotis
396 2104 446 2144 oce
460 2090 524 2144 satis
540 2087 706 2145 evidentibus
723 2090 750 2144 in
765 2090 880 2162 speciem
896 2088 1035 2163 castigata,
1052 2103 1082 2143 re
1097 2095 1188 2143 autem
1203 2103 1266 2143 vcra
1281 2086 1437 2145 adulterata

165 2172 304 2235 exhibere,
320 2174 476 2247 pracsertim
492 2175 515 2229 si
530 2172 733 2230 denuntiatione
749 2173 818 2230 laeta
833 2173 920 2230 lector
935 2189 990 2229 nou
1005 2180 1218 2230 commoneatur.
1245 2171 1349 2229 Verum
1364 2172 1439 2229 hunc

152 2276 245 2319 nemo
261 2274 316 2314 non
330 2260 466 2315 censuerit
482 2260 566 2332 magis
581 2257 762 2333 probandum,
785 2260 831 2333 qui
847 2266 991 2333 postquam
1008 2260 1035 2315 ia
1051 2256 1231 2315 emaculandis
1247 2256 1356 2315 mendis
1372 2274 1438 2335 ope·

165 2361 221 2401 rom
236 2343 382 2401 contulerit
397 2360 486 2407 suam,
504 2343 556 2400 hoc
570 2351 783 2418 temperamento
798 2352 904 2406 utatur,
921 2352 951 2400 ut
966 2343 1135 2415 conjecturas
1147 2341 1302 2416 probabiles
1315 2342 1438 2401 iudicare

166 2430 231 2486 satis
247 2428 355 2493 lralreat,
377 2436 404 2485 et
419 2428 586 2486 evidentibus
607 2430 709 2486 mendis
731 2431 834 2485 monito
850 2431 926 2503 prius
941 2430 1044 2486 lectore
1068 2428 1199 2485 lectiones
1220 2426 1382 2494 substituat.
1403 2426 1437 2485 tle

167 2531 278 2589 quarum
299 2516 411 2570 veritate
431 2521 538 2570 constet
563 2524 609 2570 aut
625 2524 697 2572 certe
717 2515 783 2570 nihil
799 2531 883 2589 prope
898 2513 1057 2589 ambigatur.
1089 2513 1137 2569 Cui
1152 2513 1264 2589 regulae
1279 2514 1437 2575 haerentes.

166 2601 206 2657 sic
219 2599 300 2656 istum
316 2598 471 2655 exhibemus
487 2606 643 2662 tractatum,
663 2610 692 2657 ut
708 2600 773 2657 nilril
790 2601 817 2656 in
832 2617 865 2656 eo
880 2608 927 2656 aut
941 2616 1027 2674 prope
1042 2599 1108 2655 nihil
1124 2598 1184 2655 iore
1200 2614 1358 2673 speremus,
1390 2596 1437 2655 ubl

167 2685 254 2743 lector
273 2684 306 2739 do
327 2686 445 2741 auctoris
460 2687 594 2741 sententia
610 2684 725 2743 haereat.
757 2684 845 2741 Primo
861 2684 970 2759 quidem
985 2701 1046 2741 eum
1062 2683 1095 2740 ad
1111 2684 1225 2740 alterum
1237 2684 1384 2741 vaticanae
1399 2682 1438 2741 bl·

166 2769 316 2827 bliotheeae
331 2768 450 2826 codicem
465 2772 625 2845 recognosci
639 2773 802 2833 curavimus.
819 2771 932 2846 ejusque
948 2787 999 2845 ope
1015 2768 1145 2826 nonnulla
1161 2768 1311 2826 emendata.
1335 2768 1438 2827 beinde

166 2856 241 2913 illum
258 2871 289 2911 ex
306 2872 353 2911 ore
365 2854 489 2912 dictantis
501 2864 650 2930 exceptum.
666 2873 721 2914 non
733 2874 748 2912 a
759 2855 867 2912 librario
878 2858 995 2931 propriis
1008 2855 1093 2927 oculis
1109 2854 1245 2928 exemplar
1255 2854 1438 2929 praelegente

167 2942 330 3015 descriptum
351 2956 410 2997 esse
432 2939 619 3004 observantes.
640 2943 667 2997 io
683 2958 738 3017 quo
754 2943 825 2997 auris
843 2958 954 3015 peccare
971 2940 1065 3005 soleat,
1083 2939 1230 3015 diligenter·
1244 2939 1437 3015 expendimus,

167 3035 248 3101 atque
263 3026 314 3083 hac
328 3025 468 3101 diligentia
483 3025 566 3101 longe
581 3027 672 3100 plures
688 3028 740 3085 lori
755 3028 887 3101 castigati.
918 3026 1055 3083 interdum
1070 3026 1149 3081 etiam
1164 3023 1222 3081 sola
1238 3024 1369 3081 mutanda
1385 3026 1438 3083 luit

167 3114 362 3186 interpunctio,
384 3119 414 3167 ut
428 3113 473 3174 iis.
496 3113 542 3185 qui
558 3114 642 3170 manci
658 3112 818 3171 videbantur
832 3120 913 3187 atque
929 3112 1028 3174 mutili,
1050 3128 1098 3167 sna
1113 3111 1255 3186 integritas
1271 3109 1439 3168 redderetur

168 3206 214 3254 aut
229 3198 318 3272 potius
334 3197 400 3253 nihil
416 3195 534 3253 defuisse
550 3197 808 3271 deprehenderetur.

351 3381 390 3440 In
410 3379 526 3457 Gelesii
545 3398 646 3458 papea
667 3385 836 3445 tractatam
855 3384 898 3447 VI
921 3379 1061 3466 (..Seaent
1076 3380 1234 3466 quidam··).

103 3502 155 3571 [η’]
256 3503 284 3559 1.
295 3501 512 3575 lupercaliorum
524 3504 605 3559 ritum
616 3502 751 3561 adGelasii
764 3506 988 3581 temporallomae
1000 3522 1225 3581 perseverassem
1236 3513 1435 3581 tumpatrooos

168 3586 302 3651 habuisse,
318 3587 465 3643 nortrnullos
481 3588 623 3662 scrupulos
631 3592 723 3646 rnovit.
745 3590 782 3647 lle
796 3592 910 3667 singulis
925 3594 948 3648 si
960 3592 1023 3667 quid
1035 3590 1210 3667 praefandum
1225 3592 1287 3655 erit,
1302 3608 1355 3649 suo
1371 3592 1434 3651 loeo

168 3672 326 3730 disseretur.
343 3671 397 3728 Sed
408 3670 441 3728 de
451 3675 546 3747 coqui
552 3675 655 3748 primus
666 3693 727 3731 sese
740 3676 774 3733 ob
783 3677 878 3734 oculos
890 3678 1043 3750 oll‘ertjnre
1054 3677 1434 3753 miraturllaronlus,posttot

167 3758 379 3815 Cirristianorum
389 3759 580 3832 imperatomm
588 3760 673 3816 edicta
685 3760 813 3819 adversus
824 3762 1011 3827 idololatriam.
1023 3771 1087 3837 post
1099 3770 1141 3820 tot
1152 3771 1309 3855 spinetorum
1320 3762 1434 3837 pontili-

168 3860 228 3901 cnm
239 3843 272 3900 ad
283 3842 479 3917 exstirpandam
486 3843 603 3901 adhibita
613 3846 708 3908 studia.
720 3864 774 3904 non
787 3849 1083 3922 nrirrusstultumquam
1093 3846 1434 3922 impinmLupercaliorum

168 3946 226 3986 eam
240 3930 330 3993 ritum.
355 3930 402 4003 qni
417 3937 478 3985 ante
493 3928 601 3987 lionnrm
617 3931 751 3988 conditam
766 3935 794 3989 in
807 3933 909 3990 ltaliam
924 3934 1012 3991 luerat
1027 3933 1163 3996 advectus,
1180 3933 1213 3990 ad
1229 3932 1327 3990 Gelasii
1343 3950 1433 4010 usque

169 4022 290 4089 tempora
301 4016 328 4071 iu
340 4013 405 4071 urbe
419 4015 537 4089 viguisse
548 4024 629 4091 atque
640 4016 765 4074 babuisse
776 4019 1005 4082 defensoresnon
1010 4035 1130 4095 paganos
1137 4017 1185 4075 sed
1191 4017 1368 4084 Christianos,
1375 4037 1434 4078 nou

167 4098 288 4174 plebejos
304 4116 427 4175 quosque
441 4100 490 4157 scd
504 4103 645 4175 primarios
656 4119 687 4159 ac
697 4112 845 4167 senatores.
862 4106 917 4179 qui.
933 4104 1005 4179 quod
1019 4103 1098 4161 fidem
1108 4120 1178 4180 pene
1190 4120 1299 4161 omnem
1308 4114 1433 4179 superat,

167 4185 321 4259 Lupercalia
336 4202 391 4241 non
408 4193 510 4242 tantum
525 4187 670 4244 tuebantur
685 4197 715 4244 ut
730 4189 882 4263 spectacula
892 4207 965 4247 mere
983 4189 1084 4247 ludrica
1096 4207 1126 4246 ac
1140 4189 1249 4264 populis
1260 4188 1433 4249 oblectandis

165 4270 276 4336 idonea,
292 4270 340 4327 sod
355 4279 385 4327 ut
400 4272 564 4329 Christianae
579 4273 741 4348 reipublicae
756 4277 936 4332 necessarium
951 4277 1063 4340 cultum,
1080 4274 1157 4346 cujus
1169 4274 1280 4332 abolitio
1295 4274 1434 4335 oratorum

167 4357 300 4427 oninium,
318 4355 415 4430 quibus
430 4366 495 4415 tunc
509 4357 713 4424 conficiebatur,
734 4362 946 4436 nominatimque
960 4361 1130 4436 pestilentiae
1149 4368 1231 4435 atque
1252 4360 1329 4417 lamis
1349 4378 1435 4419 causa

166 4449 193 4497 et
208 4444 286 4518 origo
302 4450 384 4499 esset.

252 4530 280 4585 2.
311 4527 384 4585 luter
404 4530 454 4585 hos
475 4537 564 4586 antem
578 4529 797 4604 lupercaliorum
817 4542 947 4606 patronos
968 4535 1128 4608 praecipuus
1144 4541 1201 4589 erat
1215 4531 1433 4600 Andromacbus,

166 4615 188 4669 is
204 4615 275 4688 ipse,
292 4623 321 4670 ut
336 4614 450 4671 baronio
465 4615 578 4678 videtur,
596 4614 686 4673 Fausti
702 4616 853 4674 ciliciorum
868 4621 989 4694 magistri
1005 4619 1100 4683 irater,
1117 4619 1163 4676 ille
1177 4620 1287 4693 inquam
1302 4622 1348 4677 air
1363 4622 1433 4679 illa·

165 4704 235 4755 stris
248 4701 480 4771 Astaromacbus,
503 4700 579 4770 cujus
601 4708 628 4756 et
644 4719 725 4776 opera
741 4721 806 4760 usus
821 4712 864 4761 est
879 4704 1014 4770 Gelasius;
1036 4713 1132 4780 utpote
1147 4703 1179 4761 ab
1195 4721 1228 4761 eo
1244 4704 1435 4765 abundanter

166 4788 327 4842 instructus
341 4788 459 4849 dicitur,
479 4794 509 4842 ut
525 4788 728 4845 cohortaretur
742 4792 882 4847 Acacium
898 4792 1026 4864 deposito
1043 4792 1230 4848 obstinatione
1244 4794 1434 4864 resipiscere.

167 4869 191 4925 ls
207 4886 271 4927 vero
291 4888 374 4945 quum
390 4872 516 4928 clericum
537 4873 652 4947 aliquem
668 4873 791 4933 aalrrlterii
807 4876 954 4933 insimulari
970 4878 1146 4953 contigisset.
1168 4876 1231 4933 inde
1251 4892 1342 4933 ausam
1364 4880 1434 4935 arri·
