3412 5664
749 343 920 393 EPISTOLA
945 335 973 391 l.

313 498 497 562 Adeodatus
520 497 686 582 episcopus
709 495 861 560 ecclesiae
884 495 1078 562 Formiensis
1101 498 1286 582 subscripsi.
1508 513 1600 565 ausu.

312 599 414 665 Ursus
436 601 602 684 episeopus
626 599 778 662 ecclesiae
801 597 976 663 Stabianae
999 599 1183 685 subscripsi.

313 701 506 767 Saturninus
529 701 697 785 episcopus
721 701 874 765 ecclesiae
896 699 1186 788 Herdcnitanaell)
1210 703 1394 788 subscripsi.

297 805 342 868 ¹9.
383 804 557 886 Coelium)
585 804 776 867 Laurentius
784 803 824 886 ⁶²)
852 803 1110 887 archipresbyter
1143 805 1229 869 tituli
1260 805 1416 871 l’raxidne
1444 806 1495 872 his

222 907 401 991 subscripsi
423 910 456 971 et
479 906 625 971 consensi
647 905 853 989 synodalibus
875 906 1068 988 constitutis,
1093 909 1188 991 atque
1211 907 1246 970 in
1268 906 1329 972 hac
1351 931 1403 973 me
1424 930 1496 992 pro-

222 1008 319 1073 fiteor
340 1030 472 1073 manere
494 1009 666 1072 sententia.

312 1109 439 1175 Coelius
460 1109 636 1175 Junuarius
658 1110 825 1194 presbyter
847 1109 933 1173 tituli
950 1109 1104 1174 Vestinus
1126 1111 1176 1173 his
1200 1110 1347 1175 consensi
1370 1114 1403 1174 et
1424 1111 1495 1174 snb

221 1213 341 1297 scripsi
363 1212 570 1298 synodalibus
598 1211 799 1294 constitutiS,
834 1214 929 1295 atquc
957 1212 992 1275 in
1019 1211 1080 1276 hcc
1107 1234 1158 1277 me
1186 1235 1316 1277 manere
1345 1212 1496 1297 profiteor

220 1315 398 1381 sententia.
1483 1306 1488 1313 ’

311 1416 490 1483 Martianus
512 1417 680 1501 presbyter
701 1415 789 1481 tituli
811 1438 836 1478 s.
855 1415 1011 1480 Caeciliae
1033 1416 1208 1502 subscripsi
1231 1421 1266 1482 nt
1288 1439 1394 1501 supra.

313 1519 493 1584 Gordianus
515 1518 683 1603 presbyter
703 1518 792 1582 tituli
813 1517 998 1581 Pamnrachi
1022 1519 1206 1603 subscripsi.

255 1692 258 1701 ¹
310 1621 426 1685 Petrus
447 1621 615 1705 presbyter
636 1620 724 1684 tituli
747 1642 771 1683 s.
796 1618 970 1685 Clementis
993 1621 1177 1706 subscripsi.

310 1721 449 1788 Urbicus
461 1723 640 1807 presbyter
661 1723 748 1786 tituli
770 1745 795 1785 s
821 1721 994 1787 Clementis
1017 1723 1203 1808 subscripsi.

309 1823 465 1889 Paulinus
486 1823 653 1908 presbyter
674 1824 762 1888 tituli
784 1824 862 1888 Julii
885 1825 1059 1910 subscripsi
1080 1828 1117 1889 ut
1139 1847 1246 1908 supra.

309 1924 432 1990 Valens
453 1925 621 2010 presbyter
641 1926 728 1991 tituli
750 1949 775 1990 s.
800 1925 939 1991 Sabinae
962 1927 1145 2011 subscripsi.

308 2026 425 2093 Petrus
446 2029 614 2113 presbyter
635 2029 721 2093 tituli
745 2027 946 2115 Chrysogoni
968 2028 1152 2112 subscripsi.

292 2270 327 2335 ⁸⁰)
345 2265 390 2321 Ita
406 2265 439 2319 Β1
452 2266 487 2320 1⁸⁸⁴
499 2267 546 2320 ΚΝ
558 2266 595 2319 H⁶
607 2266 635 2319 h¹
651 2269 674 2319 c'
689 2269 714 2321 0⁹
727 2269 773 2321 0¹⁰.
794 2253 858 2320 ‘Alii
873 2271 1057 2331 Erdonitanus,
1077 2269 1103 2321 οἳ
1113 2283 1170 2335 seq.
1188 2269 1385 2324 Terdouitunue.
1406 2266 1495 2321 Porro

217 2357 345 2407 Erdonr'a
360 2367 410 2406 seu
428 2356 563 2406 Herdonio
582 2353 711 2419 (utroque
730 2351 804 2405 enim
823 2351 905 2404 modo
923 2351 951 2404 in
968 2350 1071 2405 nostris
1089 2368 1152 2404 mss.
1170 2350 1312 2417 scribiturl'
1337 2351 1403 2405 urbs
1421 2354 1494 2422 Apu·

216 2436 276 2493 liae
294 2435 357 2501 luit,
376 2435 442 2491 olim
461 2435 615 2506 episcopali
632 2435 697 2491 sede
714 2435 856 2505 insignita.
875 2466 909 2474 —
931 2436 998 2489 Post
1015 2436 1089 2491 hunc
1105 2435 1219 2490 additur
1236 2435 1264 2489 in
1281 2435 1308 2489 H
1321 2435 1343 2490 O
1355 2435 1384 2489 h¹
1399 2438 1423 2490 c¹
1436 2453 1493 2506 seq.

217 2524 437 2591 subscripserunt
458 2527 574 2590 episcopi
590 2541 691 2575 nurnero
710 2524 841 2574 LXXIII
859 2520 904 2588 (Ε2
922 2524 1092 2587 LXXIIII).

291 2608 326 2675 ⁸¹)
343 2605 366 2661 Ε
383 2605 498 2677 regione
516 2605 615 2660 horum
632 2605 664 2659 Β1
679 2605 716 2659 ad
729 2623 818 2673 marg.
833 2608 992 2673 Subscriptio
1009 2606 1225 2675 presbyterorum,
1246 2609 1271 2660 0⁹
1284 2610 1495 2675 Subscripscrunt

217 2695 372 2762 presbyten·
388 2712 489 2746 minem
508 2695 622 2745 LXVII
640 2690 724 2756 (idem
742 2691 770 2744 h¹
784 2690 814 2743 h²
832 2688 860 2742 in
877 2690 932 2744 fine
950 2689 1048 2744 harum
1068 2689 1313 2760 subscriptionum,
1341 2693 1379 2745 0¹⁰
1397 2691 1496 2746 eodem

218 2777 287 2831 looo
312 2775 361 2831 sed
377 2795 479 2830 numero
499 2779 630 2829 LXVIII
652 2775 758 2842 habet).
797 2775 829 2828 In
851 2774 926 2827 nnllo
950 2791 1046 2828 eornm
1068 2776 1163 2830 tamen
1186 2777 1227 2829 est
1250 2775 1348 2830 stricta
1371 2776 1494 2830 recensio

221 2861 270 2928 (ei.
291 2862 349 2915 not.
368 2863 419 2927 24).

293 2947 326 3013 θ’)
343 2945 369 3000 Is
387 2947 431 3000 est
446 2944 624 3015 Laurentius,
648 2960 729 3012 quem
747 2944 845 2998 Festus
868 2947 980 3000 senator
999 2944 1124 3014 pluribus
1145 2944 1265 3014 pecunia
1287 2945 1424 3016 corruptis
1441 2946 1495 3000 Ro·

173 3096 185 3109 ·
219 3046 326 3086 manae
343 3030 473 3085 ecclesiae
491 3030 707 3101 praeficiendum
725 3031 880 3084 curaverat.
910 3029 966 3083 Sed
983 3029 1055 3084 hanc
1073 3029 1240 3098 dignitatem
1252 3031 1317 3101 post
1329 3030 1495 3085 Theoderici

214 3113 359 3187 judiciam
383 3132 467 3184 qnam
494 3114 601 3170 sincero
630 3114 722 3170 animo
749 3115 899 3181 abdicarit,
929 3115 1010 3168 testis
1038 3117 1080 3168 est
1107 3114 1177 3168 hacc
1204 3114 1263 3183 ejus
1290 3115 1407 3186 simplex
1433 3115 1495 3169 snb·

219 3198 349 3270 scriptio.
388 3199 459 3254 Eum
482 3198 682 3269 aSymmacho
705 3198 800 3254 statim
820 3199 976 3254 Nucerinus
1006 3198 1125 3254 civitatis
1151 3197 1313 3270 episcopum
1336 3198 1494 3255 institutum

218 3284 318 3351 fuisse,
335 3287 434 3339 sonant
450 3284 521 3339 haec
538 3284 603 3338 libri
620 3284 787 3354 pontificalis
804 3283 903 3338 verba:
922 3288 1020 3339 Eodem
1032 3295 1145 3353 tempore
1158 3286 1223 3352 (quo
1236 3285 1378 3338 Romanus
1390 3284 1495 3355 episco-

217 3372 310 3442 patus
326 3367 491 3439 Symmacho
509 3387 527 3424 a
539 3369 713 3424 Theodorico
732 3369 906 3439 adjudicatus
925 3373 976 3437 est)
994 3390 1066 3438 papa
1078 3375 1243 3437 eouprepooit
1254 3376 1376 3439 synodius
1394 3383 1419 3425 et
1436 3391 1498 3425 con-¹

217 3460 307 3509 emus
317 3458 484 3509 Laurentium
499 3461 526 3509 in
538 3460 667 3509 Nucerino
685 3462 787 3509 ciuitate
805 3460 949 3522 episcopum
966 3461 1056 3508 intuitu
1068 3460 1267 3509 misericordiae.
1294 3455 1355 3511 Huc
1367 3457 1495 3526 spectant

218 3544 252 3595 et
269 3539 327 3594 ists
344 3538 484 3594 Theodori
501 3539 612 3594 lectoris
630 3557 695 3610 pag.
710 3545 768 3606 560,
795 3556 866 3607 quae
885 3539 1069 3610 Theophanes
1088 3541 1116 3594 ct
1133 3538 1306 3609 Nicephorus
1325 3539 1432 3596 Callisti
1450 3557 1494 3596 ex-

217 3623 362 3680 scribunt:
389 3628 560 3679 Tteodorr'cus
582 3632 688 3679 collecta
710 3630 807 3694 synodi>
826 3628 973 3691 Srymmncto
997 3631 1096 3695 quidem
1118 3631 1290 3694 episcopatum
1312 3630 1381 3679 rubis
1400 3630 1495 3681 Romae

215 3715 392 3777 reclinavit,
416 3714 580 3765 Laurentium
597 3730 657 3764 uero
675 3717 807 3777 cujusdam
825 3714 906 3769 urbis.
931 3731 995 3779 quoe
1014 3715 1126 3764 Nuceria
1144 3717 1248 3772 dicitur,
1272 3717 1416 3778 episcopum
1433 3732 1494 3767 con-

214 3798 313 3850 unus
340 3790 430 3848 Sentit
447 3793 560 3863 quidem
577 3794 712 3848 Antonius
730 3794 840 3864 Pagina,
858 3794 912 3849 hoc
929 3793 1126 3863 Symmachum
1142 3794 1171 3848 in
1189 3795 1279 3849 alters
1296 3795 1402 3865 synodo
1420 3812 1494 3851 anno

213 3886 272 3936 5⁰0
296 3876 395 3934 habita
415 3879 597 3949 praestitisse.
643 3878 698 3933 Sed
721 3880 781 3949 ejus
804 3880 943 3935 sententia
969 3881 1046 3935 nulla
1067 3881 1111 3934 vel
1134 3879 1301 3935 auctoritato
1323 3880 1422 3935 nititur
1450 3881 1495 3937 vel

213 3964 312 4021 etim
328 3963 446 4020 ratione.
475 3963 572 4033 Longe
591 3966 664 4019 enim
681 3965 771 4033 magis
789 3965 890 4018 radoni
909 3968 1123 4019 consentaneum
1142 3967 1192 4032 est,
1210 3964 1407 4034 Symmachum
1424 3965 1494 4021 Lau·

211 4046 326 4113 tentio,
343 4048 375 4102 ut
390 4047 478 4104 levius
494 4050 581 4104 ferret
593 4048 759 4104 Theudorici
773 4049 917 4118 judicium,
936 4050 1013 4104 nulla
1030 4068 1109 4105 mora
1126 4049 1299 4120 interposita,
1317 4051 1390 4106 sorte
1408 4051 1494 4107 etiam

210 4152 252 4191 ex
270 4132 365 4204 ipsius
381 4132 549 4188 Theudorici
567 4134 680 4189 consilio
699 4136 728 4189 et
745 4152 891 4201 consensu,
914 4135 1082 4190 Nucerinum
1103 4135 1198 4190 sedem
1220 4135 1380 4190 attribuisse
1399 4139 1493 4205 (quam

210 4222 283 4275 tum
296 4232 410 4273 noane
421 4218 553 4274 Nucerini
566 4219 688 4290 episcopi
705 4220 734 4272 in
750 4219 998 4287 subscriptionibus
1016 4219 1156 4274 silentium
1173 4220 1275 4275 indicio
1293 4221 1355 4287 est),
1373 4221 1493 4275 maxime

208 4304 376 4377 postqum
390 4302 549 4359 Romanum
565 4304 757 4374 pontificatum
776 4306 805 4359 et
823 4304 1017 4374 cpiscoporum
1029 4305 1128 4359 Italiac
1146 4307 1176 4360 ct
1193 4306 1259 4360 cleri
1270 4305 1390 4360 Romani
1407 4305 1493 4360 nomi-

209 4388 369 4457 mumque
389 4387 475 4458 ipsius
492 4388 634 4443 Laurentii
656 4389 904 4459 subscriptionibus
927 4389 981 4443 sibi
1004 4394 1138 4444 assertum
1161 4395 1294 4445 cerneret.
1334 4391 1377 4446 Ea
1399 4393 1493 4446 sutem

207 4472 358 4539 scmus,
379 4490 436 4543 qua
453 4473 630 4544 episcopatus
647 4474 797 4529 Laurentio
816 4491 961 4529 concessus
980 4477 1033 4539 est,
1056 4474 1162 4528 nullum
1180 4476 1205 4529 ci
1223 4474 1384 4545 suspicioni,
1408 4493 1493 4544 qnam

209 4555 369 4616 Theodori
384 4557 497 4615 lectoris
515 4560 602 4613 verba
619 4559 757 4629 injiciunt,
781 4558 913 4626 relinquit
935 4560 1033 4614 locum.
1075 4562 1131 4615 Aut
1148 4563 1223 4615 certe
1241 4561 1264 4613 si
1283 4578 1397 4629 operum
1415 4561 1493 4615 dedit

209 4642 325 4701 Festus
342 4644 459 4709 senator,
478 4644 510 4697 ut
521 4642 686 4698 Laurentius
699 4645 816 4698 'Lenonis
834 4645 961 4698 henotico
980 4645 1174 4713 subscriberet,
1193 4647 1273 4715 ciqnc
1286 4661 1391 4699 morem
1406 4646 1493 4713 gessit

207 4725 397 4794 Laurentius,
414 4730 475 4783 tum
491 4727 567 4782 istud
584 4728 698 4783 latebat.
729 4729 800 4783 Eum
818 4733 883 4784 ante
902 4729 1001 4799 synodi
1015 4731 1158 4786 Romanae
1177 4746 1249 4786 anno
1262 4737 1311 4785 502
1330 4730 1492 4786 celebratio-

208 4828 291 4870 nem
308 4809 465 4882 dopositum
481 4813 577 4879 fnisse,
605 4832 638 4867 cx
658 4820 758 4882 Apriles
777 4819 899 4871 Nucerini
921 4814 1043 4887 episcopi
1061 4815 1275 4885 subscriptione,
1298 4831 1371 4884 quas
1392 4815 1422 4870 in
1443 4816 1491 4872 illa

207 4894 334 4971 symodo
350 4894 459 4967 legitur,
475 4898 652 4973 perspicuum
670 4899 725 4955 fiet.
