3450 5678
261 299 323 366 758
700 311 728 359 s.
746 308 953 359 nouursnnu
975 307 1089 355 aaran

152 498 176 536 a.
190 484 246 535 sta.
262 492 331 535 esse
360 468 516 533 credimus
544 488 601 550 per
627 464 801 529 Dominum
828 466 974 527 nostrum
1005 461 1150 527 eruditae
1183 462 1373 527 clementiae
1408 466 1545 527 vestrae

261 572 381 637 strictis
404 568 584 654 supplicare
607 566 885 651 suggestionibus,
915 567 1097 649 sperantes,
1132 566 1169 628 ut
1194 564 1337 629 laborem
1360 588 1545 651 curamque

260 673 431 760 pastoralis
459 670 575 752 oflicii,
609 667 839 733 venerabilium
874 668 1075 731 decessorum
1107 669 1286 732 vestrorum
1312 667 1479 732 Marcioni
1509 672 1544 733 et

262 775 377 841 Leonis
405 775 541 838 formam
573 771 691 852 secuti,
731 769 829 834 etiam
862 768 1051 854 principalis
1086 769 1251 854 potentiae
1283 770 1543 855 participatione

262 877 413 942 fulciatis.
460 873 630 939 Habebitis
653 871 721 936 Deo
749 871 889 956 propitio
917 893 1006 956 spem
1034 871 1073 935 de
1095 871 1237 935 victoriis
1264 894 1331 936 non
1355 872 1542 956 jacentem,

263 980 288 1043 si
312 975 576 1063 pontificalem¹¹)
600 976 715 1040 contra
737 973 854 1037 diaboli
878 973 1100 1058 subreptiones
1116 974 1375 1059 congressionem
1399 975 1543 1059 pacifica

263 1081 303 1145 ad
319 1078 547 1144 decertandum
570 1075 782 1140 instructione
797 1075 960 1139 muniatis.
995 1075 1169 1159 Nunquam
1185 1075 1220 1139 in
1235 1079 1422 1141 sanctarum
1438 1076 1542 1142 cecle-

264 1183 383 1248 siarum
412 1178 566 1243 memorio
588 1177 733 1241 Dioscuri
761 1177 928 1261 participis
955 1177 1162 1261 Eutychetis,
1191 1176 1351 1242 Timothei
1379 1182 1414 1242 et
1437 1178 1541 1262 Petri,

264 1282 495 1370 parricidarum
519 1278 776 1345 commemoratio
804 1279 989 1344 reviviscat:
1020 1282 1164 1344 servetur
1192 1280 1233 1344 ab
1260 1280 1411 1344 omnibus
1439 1280 1541 1346 susci-

264 1385 402 1473 piendae
430 1381 700 1450 Calclrcdonensis
728 1380 857 1464 synodi,
886 1380 955 1445 Deo
986 1384 1155 1466 operante,
1190 1381 1344 1446 definitio.
1398 1382 1541 1448 Aeacius

265 1489 354 1554 Petri
376 1486 580 1551 tenebrarum
590 1485 627 1567 ¹²)
643 1483 700 1547 filii
718 1483 941 1547 communione
956 1483 1097 1567 pollutus
1114 1483 1234 1548 habeat
1248 1483 1436 1569 participes,
1460 1506 1540 1569 quos

266 1590 402 1675 delegit:
429 1589 482 1673 qui
506 1588 602 1651 ctiam
624 1585 710 1649 inter
733 1607 806 1648 suos
833 1607 980 1649 excessus
1009 1608 1068 1650 nec
1096 1585 1135 1650 de
1157 1585 1253 1650 Petro
1276 1585 1486 1651 Antiocheno
1508 1592 1540 1651 et

162 1730 166 1739 ·
267 1689 473 1776 complicibus
496 1688 564 1771 ejus
587 1687 724 1752 nitidum
752 1709 786 1751 se
814 1708 882 1750 csse
904 1708 1072 1772 perpessus
1095 1691 1153 1751 est.
1200 1688 1335 1754 Cessent
1365 1688 1539 1753 maledicta

267 1794 329 1880 piis
357 1795 489 1858 sanctae
516 1789 745 1854 recordationis
774 1811 877 1874 papam
899 1789 1014 1854 Lemma
1043 1791 1171 1874 ingestu
1201 1789 1425 1874 dogmatibus,
1458 1814 1539 1875 quac

268 1896 351 1962 solos
373 1894 500 1979 quidem
523 1892 578 1955 illo
600 1891 633 1956 in
658 1891 723 1955 suis
745 1895 897 1955 rnaneute
919 1893 1060 1976 puniunt
1082 1893 1275 1976 irrogantes.

352 1999 382 2063 3.
420 1996 459 2060 In
481 1996 543 2078 his,
566 2015 647 2080 quae
670 1995 808 2079 praefati
823 2016 942 2079 sumus,
967 1994 1216 2058 sollicitudinem
1231 1994 1329 2059 vestri
1347 1995 1538 2059 advocamus

268 2099 409 2185 imperii:
433 2097 551 2182 poterit
573 2096 660 2160 enirn
681 2096 785 2180 pietas
807 2099 923 2179 vestra,
948 2096 1009 2160 hoc
1024 2096 1216 2179 custodiens,
1241 2097 1350 2181 apices
1365 2100 1399 2161 et
1413 2101 1537 2183 sceptra

270 2226 327 2268 sua
347 2204 421 2286 post
442 2199 560 2263 multos
582 2220 684 2263 annos
707 2198 746 2262 ad
770 2198 856 2262 aliud
879 2197 1040 2263 saeculum
1055 2198 1217 2282 possidere
1230 2197 1402 2263 trarrslata.
1438 2199 1537 2265 Susci·

269 2305 336 2390 pite
359 2323 468 2388 preces
484 2304 611 2365 nostras
626 2322 683 2384 per
698 2301 882 2365 Ennodiurn
898 2304 994 2385 utque
1006 2300 1217 2364 Fortunatum
1240 2300 1359 2365 fratres
1382 2304 1416 2365 et
1439 2302 1537 2386 coepi·

271 2426 383 2489 scopos
405 2407 542 2485 nostros,
567 2423 714 2466 necnon
736 2401 934 2466 Venantiunr
957 2402 1179 2487 presbyterum
1201 2401 1452 2487 atqueVitalem
1476 2403 1538 2467 dia·

272 2528 386 2572 conum
409 2505 458 2570 vel
484 2504 628 2568 Hilarum
651 2505 822 2588 notarium,
847 2504 928 2568 lilios
951 2509 1087 2587 nostros,
1117 2525 1251 2590 quorum
1264 2493 1358 2589 'apud
1381 2527 1443 2569 nos
1465 2504 1537 2569 fides

271 2611 305 2674 in
329 2608 388 2673 llci
410 2608 524 2671 timore
546 2607 747 2691 studiumque
769 2607 954 2691 perclaruit,
984 2629 1042 2691 pro
1063 2611 1169 2671 vestro
1191 2629 1299 2671 amore
1322 2608 1536 2687 transmissas,

272 2716 305 2776 et
336 2710 495 2796 placidam
528 2709 596 2773 vice
630 2712 740 2773 nostra
772 2709 1029 2793 supplicantibus
1064 2709 1293 2773 conscientiam
1327 2709 1537 2773 commodate!

273 2814 443 2899 Speremus
471 2812 574 2894 enim,
608 2814 641 2875 et
667 2811 706 2874 de
733 2810 801 2875 Deo
829 2810 984 2874 habentes
1014 2810 1163 2875 fiduciam
1190 2811 1395 2895 pollicemur,
1426 2812 1536 2891 studia,

272 2937 354 3000 qnae
377 2938 396 2978 u
418 2913 507 2978 vobis
529 2935 623 2977 verae
651 2913 800 2997 religioni
828 2915 974 2997 impensa
1002 2913 1140 2996 fuerint,
1170 2913 1241 2976 sinc
1269 2914 1484 2979 retributione
1508 2916 1538 2977 et

274 3017 414 3103 praemio
437 3038 501 3079 non
524 3016 643 3080 futura.
688 3014 773 3078 Data
796 3014 844 3079 lll
867 3014 942 3078 ldus
965 3015 1122 3099 Augusti,
1152 3013 1316 3079 Florentio
1344 3017 1414 3079 viro
1437 3016 1537 3081 claris·

275 3121 354 3185 simo
377 3117 514 3183 consule.

787 3303 968 3406 Epistola
994 3306 1028 3387 9.

127 3461 261 3601 marseppi,
447 3457 657 3525 Hormisdae
681 3476 791 3541 papae
812 3457 857 3523 ad
880 3456 1086 3524 Caesarium
1110 3457 1373 3525 Arelatensenr.

312 3603 404 3661 Docet,
427 3601 575 3655 limitanea,
594 3599 715 3661 Illyricos
732 3599 889 3663 Scythasque
908 3600 1043 3661 episcopos
1056 3597 1217 3661 Eutychiana
1236 3599 1339 3648 tuerent
1356 3601 1383 3648 in
1401 3600 1510 3649 tinnitus
1546 3596 1604 3667 pili

311 3689 429 3736 ‹lamnatu
447 3687 483 3734 cut
498 3687 567 3735 sedis
585 3686 742 3748 aparatoticae
760 3684 951 3734 conrnnrnioncm
974 3684 1093 3739 rediisse,
1123 3700 1154 3732 nc
1176 3685 1208 3733 de
1231 3687 1326 3733 ceteris
1344 3686 1510 3735 remittendis

631 3771 729 3831 legatos
746 3786 763 3817 a
780 3786 808 3817 sc
826 3772 851 3816 in
871 3766 996 3817 Orientem
1015 3770 1103 3817 iniasoa
1121 3786 1184 3820 carc.

433 3904 707 3967 llilcclissinro
730 3901 849 3966 fratri
872 3902 1061 3966 (bresorio
1090 3901 1149 3965 vel
1171 3901 1282 3985 his¹),
1311 3903 1378 3987 qni
1401 3904 1472 3967 sub
1492 3900 1536 3965 di·

523 4006 711 4069 lectionis
745 4007 836 4067 tuae
869 4002 1128 4067 ordinatione
1162 4004 1411 4083 consistunt,
1453 4004 1535 4069 llor-

523 4107 656 4171 vnistln.

368 4233 392 4291 l.
430 4227 558 4291 lustum
582 4231 646 4308 ost,
671 4228 705 4289 nt
728 4226 781 4310 qui
804 4225 961 4289 catholica
986 4225 1206 4289 comrnrmione
1229 4225 1415 4307 luctamini,
1445 4224 1534 4291 nob'u·

281 4354 352 4393 cunr
374 4330 413 4393 de
437 4329 615 4409 Ecclesiae,
645 4328 671 4391 si
694 4351 757 4411 qua
779 4328 943 4411 provenit,
973 4327 1141 4391 corrcordia
1164 4325 1349 4407 gaudeatis:
1385 4331 1420 4391 ut
1443 4346 1534 4413 quieu-

280 4433 447 4498 adnnnlnnr
470 4453 553 4494 unus
576 4430 669 4494 nobis
693 4451 865 4493 urrisanana
888 4432 935 4491 ost
960 4429 1043 4511 lidei,
1068 4430 1113 4492 ita
1136 4428 1178 4492 sit-
1192 4427 1358 4492 individua
1374 4426 1534 4509 gratulatio

350 4624 380 4687 ¹¹)
399 4620 447 4673 lid.
466 4623 606 4687 pontificati
664 4622 844 4683 conpressione
918 4623 1108 4671 instructionem
1181 4621 1236 4669 Ino
1253 4636 1303 4683 per
1321 4638 1365 4671 noa
1382 4626 1507 4685 ‹aperantc

349 4708 380 4767 ¹²)
399 4703 504 4756 Alluvlit.
522 4701 670 4755 llorrniadn
691 4701 726 4754 ad
751 4700 869 4770 ipsamet
887 4701 979 4755 Acvuii
1002 4701 1101 4765 vcrlru,
1124 4701 1225 4769 qtrilnn
1248 4700 1328 4771 insist.
1348 4708 1365 4749 Β
1388 4701 1424 4755 nd
1441 4694 1525 4767 stnpl

281 4790 351 4843 ciunt
371 4808 395 4842 n.
419 4797 428 4841 i
451 4788 548 4841 l'etrns
566 4793 646 4840 noctis
660 4792 727 4853 filins
746 4786 910 4856 appellatur.

298 4881 314 4927 t)
351 4878 370 4917 ¹¹
388 4874 420 4927 li*
439 4891 491 4925 oni.
510 4878 554 4925 tria.
593 4871 696 4925 lleinde
716 4872 747 4924 lr²
757 4872 791 4924 l1¹
809 4875 953 4927 Enttcinnn.
