3412 5664
612 319 781 368 aristosa
808 311 857 368 13.
1304 310 1362 373 261

107 450 157 513 ¹¹3
176 480 230 537 lton
245 475 335 541 modo
356 476 472 561 vulgus
493 474 660 539 incautum
683 473 737 537 scd
759 474 846 557 ipsos
869 496 992 559 quoque
1016 474 1050 538 iu
1072 476 1184 542 mortis
1207 477 1365 560 profunda
1387 507 1411 541 a.
1424 487 1473 545 tat

106 546 284 643 deinerrarit
304 577 495 660 sacerdotes,
520 576 627 641 nullus
649 597 715 640 uon
737 575 822 640 orbis
845 576 978 661 gemuit,
1002 576 1091 640 nulla
1113 580 1200 641 terra
1219 580 1366 644 uesciv't.
1381 560 1478 613 Μ

103 649 252 773 {ladem
276 679 392 765 grandi
419 701 563 744 moerore
591 678 698 762 positi,
733 678 932 742 dissimulare
957 701 1022 741 non
1044 700 1212 762 possumus
1233 702 1367 765 pereun-

99 761 191 840 tlffla
209 786 296 868 atque
319 805 338 846 a
360 782 454 847 nobis
484 781 714 866 exigendarum
737 780 908 844 discrimen
931 781 1121 845 animarum.
1166 781 1367 867 Quapropter

93 888 282 962 competens
310 882 494 948 adhibenda
521 876 571 947 est
598 882 716 946 talibus
743 882 866 946 medela
893 882 1094 965 vulneribus,
1127 905 1168 948 ne
1195 878 1366 949 immatura
1470 911 1475 920 ·

88 985 232 1051 curandi
255 985 394 1051 facilitas
415 985 581 1051 mortifera
603 984 707 1068 captis
729 988 818 1068 peste
841 984 921 1048 nihil
944 986 1055 1068 prosit,
1079 986 1135 1049 sed
1156 987 1287 1071 segnius
1302 990 1366 1052 tra-

82 1080 234 1173 casae)
257 1087 413 1172 pernicies
435 1090 524 1152 reatu
547 1108 613 1151 non
628 1087 792 1170 legitimae
809 1087 982 1151 curationis
997 1086 1141 1176 involvat
1156 1088 1278 1171 pariter
1295 1111 1365 1154 sau-

77 1182 151 1251 cios
169 1191 208 1252 et
242 1189 413 1255 medentes.

667 1342 747 1407 One.
772 1342 797 1406 l.

150 1458 187 1522 4.
256 1462 417 1548 Imprimis
445 1464 553 1547 itaque
583 1462 741 1526 venientis
771 1463 810 1525 ad
840 1484 894 1525 vos
923 1465 954 1526 et
977 1462 1149 1525 remedium
1172 1462 1366 1546 postulantis

64 1560 233 1639 solicite
255 1564 453 1631 discutienda
469 1568 525 1629 'est
546 1564 703 1650 professio
720 1568 752 1628 et
767 1586 904 1648 persona
920 1564 1056 1647 decepti,
1079 1567 1116 1626 ut
1130 1564 1253 1629 medela
1264 1567 1366 1649 possit

69 1683 276 1753 iengmem
302 1667 456 1733 exhiberi.
502 1665 547 1731 Et
574 1667 628 1750 qui
651 1666 875 1731 satisfacturus
898 1665 966 1729 Deo
988 1687 1046 1749 per
1067 1667 1310 1750 poenitentiam,
1332 1690 1365 1731 se

70 1766 328 1853 rebaptizatum
350 1768 495 1854 legitime
523 1766 669 1851 doluerit,
700 1771 807 1831 utrum
833 1768 872 1830 ad
896 1767 955 1831 hoc
977 1768 1104 1831 facinus
1129 1770 1303 1833 cucurrerit
1313 1769 1361 1855 ¹⁶),

74 1905 116 1956 m
132 1871 314 1951 impulsus
335 1870 515 1954 accesserit,
546 1869 741 1955 requiratur:
770 1870 873 1933 sciens
900 1876 982 1948 quod
1001 1891 1033 1933 sc
1055 1876 1187 1950 decipiat
1209 1878 1282 1950 ipse,
1310 1880 1364 1952 qai
1373 1884 1514 1954 Sap.1‚tl.

76 1980 165 2075 saliit,
203 1972 355 2059 nihilque
377 1995 435 2058 per
456 1975 600 2037 nostram
622 1971 813 2036 facilitatem
836 1971 1007 2035 tribunalis
1033 1973 1148 2036 excelsi
1167 1973 1290 2056 judicio
1313 1975 1364 2038 de-

82 2065 209 2169 Ῑοςιζὶ,
241 2075 287 2139 cui
309 2074 365 2139 illa
388 2078 464 2141 sunt
486 2075 616 2158 rata¹⁷),
646 2096 727 2157 quae
750 2075 813 2157 pia,
843 2096 924 2158 quae
947 2095 1030 2157 vera,
1060 2097 1140 2157 quare
1159 2075 1248 2159 justa
1271 2079 1364 2157 sunt3

89 2196 128 2261 et
145 2168 247 2241 aliter
265 2177 475 2259 necessitatis,
501 2176 595 2240 aliter
616 2176 788 2240 tractanda
810 2180 859 2239 est
880 2177 962 2239 ratio
984 2176 1169 2241 voluntatis.
1216 2177 1363 2242 Deterior

96 2292 150 2361 egi
170 2279 276 2344 autern
304 2301 399 2344 causa
427 2279 524 2360 illius,
554 2279 607 2364 qui
634 2280 717 2343 forte
744 2278 847 2362 pretio
876 2277 1065 2343 sollicitatus
1093 2283 1143 2342 est
1169 2283 1205 2343 ut
1232 2279 1361 2363 periret.

100 2372 194 2462 Nihil
215 2381 292 2446 enim
312 2383 511 2446 intentatum
533 2381 709 2466 reliquitffi)
733 2380 899 2463 iuimicus,
923 2380 973 2443 cui
990 2402 1031 2444 ne
1048 2368 1085 2444 cle
1101 2403 1158 2445 sua
1173 2380 1271 2445 liceat
1286 2402 1362 2466 gau·

107 2494 183 2557 dete
208 2486 338 2568 captura,
368 2474 616 2559 succurrendum
643 2486 692 2546 est
719 2482 867 2563 irretitis,
899 2486 932 2545 et
954 2456 1290 2567 conterenrl11s¹⁰)'est
1312 2504 1362 2547 ve
1375 2463 1476 2586 {³32¹ss

107 2579 214 2661 nantis
229 2583 412 2673 laqueus²⁰),
442 2609 462 2648 u
506 2585 676 2649 infucatim
706 2584 959 2648 lamentantibus
982 2583 1107 2668 lapsum
1128 2588 1197 2648 tam
1216 2585 1362 2668 justitiae
1434 2573 1469 2597 '⁸

109 2683 309 2759 moderatione
337 2684 432 2772 quam
460 2686 704 2770 compunctione
731 2686 861 2770 pietatis
891 2686 929 2749 ad
959 2686 1075 2766 aulam,
1106 2709 1201 2771 cluam
1228 2687 1362 2771 relique-

108 2789 192 2870 rant,
210 2788 247 2854 sit
259 2811 433 2877 regressus.
464 2787 533 2852 Nec
548 2787 667 2872 pudeat
688 2788 797 2851 forsan
821 2791 877 2851 aut
891 2788 1001 2873 pigeat
1017 2788 1146 2852 indictis
1165 2788 1363 2871 jejuniorum

104 2890 329 2979 gemituumque
351 2890 548 2976 temporibus
575 2890 713 2972 obedire,
749 2894 805 2954 aut
829 2889 900 2952 aliis
926 2889 1148 2953 observantiae
1178 2888 1362 2952 salubrioris

101 2994 310 3077 attemerare
332 2992 527 3078 praeceptis:
556 2992 631 3077 quia
658 2990 831 3055 liunrilibus
854 2990 947 3054 datur
969 2991 1086 3075 gnatia,
1116 3012 1182 3054 nou
1204 2989 1360 3073 superbis.
1374 3007 1495 3075 Jac.t,s,
1553 2980 1557 2987 ’

95 3096 148 3163 Sit
180 3115 251 3181 crgo
276 3095 388 3160 ruinae
424 3116 500 3159 suae
536 3093 643 3158 dolore
672 3096 867 3177 prostratus,
903 3092 1045 3176 quisquis
1073 3092 1106 3155 in
1136 3090 1263 3157 Christo
1291 3092 1361 3156 fieri
1473 3142 1477 3148 .

162 3354 193 3420 ¹⁵)
210 3351 254 3406 lis
269 3367 334 3405 mss.
354 3348 431 3405 ΗΙΟ
444 3349 477 3416 i²;
496 3349 565 3404 editi
583 3360 677 3406 tracta.

161 3440 192 3495 ¹⁸)
210 3435 284 3491 Editi
301 3439 469 3501 concurrerit,
488 3435 665 3504 corrigrmtur
683 3451 715 3488 ex
734 3452 796 3487 mss.

160 3525 191 3589 ¹⁷)
210 3520 272 3576 llas.
292 3521 315 3575 0
333 3533 419 3585 recta,
442 3519 523 3574 valde
542 3523 680 3589 corrupte.
716 3518 934 3588 perpendendas
958 3519 1000 3572 est
1026 3516 1071 3570 hic
1094 3517 1168 3570 locus
1192 3516 1249 3579 sive
1267 3517 1360 3587 poeni·

77 3607 228 3671 aaaron,
251 3606 298 3675 qui
320 3604 356 3660 de
378 3604 554 3660 sacerdotum
573 3603 707 3659 facilitate
730 3605 759 3657 et
776 3602 950 3673 indulgentia
972 3601 1025 3655 sibi
1048 3604 1150 3657 luntre
1173 3601 1360 3669 blandiuntur,

78 3696 147 3750 sire
169 3690 239 3762 ipsis
261 3688 465 3752 sacardotibus,
492 3688 540 3758 qui
562 3688 682 3742 molliori
705 3688 851 3758 ‹tsciplina
877 3689 944 3742 dum
965 3686 1173 3757 poenitentibus
1194 3704 1309 3757 parcere
1331 3704 1360 3741 se

76 3778 200 3853 putant,
218 3778 248 3831 et
264 3775 318 3831 sibi
336 3777 366 3829 et
380 3773 436 3828 illis
452 3774 608 3844 imponunt.
635 3775 739 3828 Eorum
758 3774 860 3843 quippe
875 3773 982 3843 judicia
1000 3791 1085 3842 quum
1103 3771 1215 3826 minime
1234 3773 1271 3826 ad
1279 3771 1360 3840 justi·

76 3866 144 3920 tiae
162 3861 277 3931 regulas
294 3862 393 3916 exacta
409 3859 477 3925 sint,
504 3877 556 3914 nec
578 3875 706 3929 supremo
730 3858 862 3913 tribunali
886 3862 948 3913 rata
966 3860 1041 3922 sunt,
1068 3856 1187 3925 ideoque
1210 3856 1262 3926 ipsi
1284 3857 1362 3921 velut

76 3944 189 4007 carnae
207 3945 260 4001 Dei
277 3945 432 4000 decertares
450 3944 540 3999 eidem
559 3944 692 3999 tribunali
711 3944 822 3999 obnoxii
840 3945 917 3998 fiunt.

157 4036 190 4091 ¹⁹)
209 4030 285 4086 aditi
303 4036 430 4101 relinquit.
448 4029 552 4085 rectius
564 4047 628 4084 mss.
643 4032 672 4084 et
684 4031 711 4083 h¹
727 4034 752 4084 c⁹
764 4030 784 4082 i²
803 4035 912 4098 reliquit,
929 4046 1014 4096 quum
1032 4027 1077 4081 hic
1089 4028 1267 4091 memoretur,
1285 4026 1360 4095 quod

77 4120 139 4175 sul»
157 4115 301 4172 Hunerico
319 4131 386 4185 rege
403 4115 433 4168 in
450 4115 547 4170 Africa
564 4117 673 4185 gestmn
692 4118 742 4168 est.

155 4206 189 4269 ΙΨ)
208 4201 253 4256 lta
269 4200 330 4256 HT
343 4201 371 4255 h'
386 4203 412 4255 θ’
422 4200 456 4265 i‘3
479 4203 506 4254 a*
521 4218 556 4255 cc
573 4206 771 4257 contendendus.
795 4199 839 4254 Ad
851 4198 1036 4252 imitationem
1048 4196 1151 4252 Psalmi
1167 4203 1243 4259 tasi
1257 4205 1360 4267 laqueus

77 4295 214 4347 meritas
232 4296 272 4343 eat
288 4285 335 4342 hic
352 4286 428 4341 locus
445 4284 616 4356 exprimitur.

152 4377 190 4443 ¹⁸)
208 4372 253 4426 Its
273 4370 386 4442 plurimi
408 4388 471 4425 msa.
507 4369 582 4424 Editi
604 4383 630 4424 at
654 4373 690 4438 (0⁷
703 4374 741 4425 0¹⁰
759 4368 848 4422 omitt.
866 4370 903 4435 ut)
926 4373 1064 4435 infucatum
1087 4370 1277 4422 immutantibus
1301 4378 1359 4421 tatii.

77 4461 135 4519 11¹⁰
145 4459 168 4513 ἰ*
187 4468 215 4511 at
232 4460 369 4523 infucatum
386 4459 604 4511 lamentationibus
622 4462 718 4524 lapsam
736 4454 795 4517 (11¹⁰
812 4453 903 4523 prima
920 4470 1004 4506 manu
1022 4455 1146 4521 laqueum)
1213 4457 1248 4506 ad
1263 4458 1360 4505 cautam

79 4545 116 4599 ii*
134 4549 173 4598 ad
190 4543 293 4609 Man).
328 4540 450 4596 ΗΌΙΒΚ3
467 4546 611 4609 iasugatita,
639 4539 676 4593 He
693 4544 845 4607 instipatum,
871 4537 899 4592 in
917 4537 978 4593 aliis
997 4539 1108 4592 nostrae
1126 4535 1238 4592 lectioni
1255 4535 1358 4589 favent.

78 4630 151 4685 211⁸
170 4632 309 4695 &fucatis
325 4626 408 4694 (alter
424 4625 463 4681 H⁵
475 4627 607 4693 infucatis)
625 4629 851 4679 lamentationibus.
876 4622 911 4678 0⁷
923 4634 949 4676 ut
962 4628 1114 4690 infuscatam
1130 4627 1184 4675 cine
1197 4627 1254 4675 dolo
1268 4628 1359 4674 tumen-

79 4717 235 4773 tatianituiss
254 4711 328 4767 haud
346 4710 430 4766 dubie
448 4727 482 4765 ex
500 4710 640 4781 imperitia
657 4708 772 4774 librarii,
791 4713 839 4778 qui
857 4711 885 4763 et
902 4725 998 4763 vocem
1011 4713 1148 4774 infucatim.
1168 4723 1252 4774 quam
1270 4704 1359 4775 potio·

78 4818 128 4856 res
147 4816 215 4853 mss.
236 4795 371 4864 retinent,
393 4795 530 4865 comupit,
560 4797 588 4850 et
606 4795 730 4864 ejusdem
748 4794 822 4849 racis
846 4793 1059 4868 emilicatiouem
1078 4791 1104 4859 ii.
1118 4810 1141 4846 c.
1159 4797 1213 4845 siue
1231 4792 1300 4857 doio)
1324 4788 1360 4843 ad

80 4883 248 4954 marginem
266 4881 438 4954 adscriptam
454 4882 560 4936 temere
580 4880 607 4934 in
625 4881 734 4935 textum
751 4877 912 4935 transtulit.-
