3412 5664
721 358 931 407 reserarem
951 359 1001 406 ιιι.
1452 345 1493 411 ts

269 542 317 584 aero
332 523 406 597 potius
424 537 507 595 quam
529 519 635 576 Gelasio
650 519 770 576 Romano
786 520 990 592 adjudicandum
1006 538 1037 577 ex
1053 539 1086 578 eo
1100 523 1207 586 volunt,
1224 525 1296 598 quod
1309 542 1322 579 a
1337 524 1459 580 letlranuo
1471 524 1492 583 tt

267 610 385 685 sinpliciter
402 608 441 662 sic
463 606 599 662 laudatur:
624 607 758 663 Gelasins
779 624 819 664 cx
836 609 911 664 libra
932 610 1073 667 aduersus
1094 610 1257 666 Nestorium
1280 618 1307 666 et
1328 611 1490 682 Eutychen,
1582 620 1587 628 '

267 715 303 756 nee
314 696 405 752 Mario
420 691 560 764 adjiciatur
572 708 672 765 papae
686 710 735 748 seu
751 697 882 766 episcopi
895 693 1022 750 Romani
1035 711 1143 749 nomen.
1176 696 1210 750 nt
1231 696 1254 750 si
1271 695 1334 768 quid
1350 712 1492 769 argumen-

267 797 306 843 tum
322 779 457 850 hujusmodi
478 777 561 841 valet,
581 786 609 834 et
623 777 706 834 Leoni
721 778 851 851 epistolae
869 777 908 836 55
925 797 954 835 ac
971 778 1030 836 139
1047 777 1234 850 abjudicandas
1250 789 1339 836 crunt.
1362 781 1491 836 Sicorim

266 865 370 927 neodem
382 863 503 920 iohanne
518 864 545 918 in
562 863 654 919 cariem
670 864 783 938 epistola
799 864 936 920 landatur:
952 866 988 921 In
1004 868 1125 936 epistota
1140 867 1246 923 Leonis
1261 866 1493 930 adluuenalem3

266 949 394 1011 rtsalinde:
424 950 554 1022 ejusdem
569 952 599 1005 in
615 951 736 1021 epistola
752 950 792 1004 ad
805 951 993 1020 Flauianum,
1016 949 1089 1006 nulla
1104 950 1242 1024 dignitatis
1258 950 1409 1025 pontificiae
1425 950 1492 1007 lancta

266 1040 373 1096 mentione,
403 1033 456 1090 Sed
471 1033 544 1108 qnod
561 1036 644 1090 tacuit
657 1034 793 1090 Jolumnes
809 1034 844 1096 ΙΙ,
867 1035 919 1091 hoc
934 1033 1093 1109 Fulgentius
1109 1036 1170 1092 loco
1186 1045 1334 1092 memorato
1356 1053 1411 1092 non
1427 1038 1492 1092 item

265 1125 324 1182 ¹«ilnit.
344 1119 376 1176 llti
395 1120 466 1175 enim
488 1128 604 1194 quatuor
625 1136 656 1175 ex
672 1120 726 1175 lroo
741 1119 810 1176 libro
827 1121 979 1177 testimonia
995 1121 1163 1194 prolaturus,
1186 1138 1254 1195 quae
1275 1121 1388 1178 totidem
1404 1121 1491 1176 veritis

266 1207 366 1267 nemen
379 1207 531 1261 etiamnunc¹
546 1212 666 1269 exstant,
690 1207 726 1261 ita
741 1205 891 1279 praelator:
921 1208 976 1263 ltoc
997 1210 1083 1262 etium
1104 1209 1207 1264 beatae
1227 1211 1381 1265 memoriae
1393 1225 1491 1280 papa

266 1295 396 1353 deterius
421 1298 537 1348 serrato
555 1298 655 1349 tenore
675 1292 825 1348 doctrinae
843 1307 900 1363 per
920 1295 995 1349 eiam
1010 1308 1097 1349 uerae
1117 1295 1187 1365 fidei
1205 1301 1292 1367 atque
1314 1295 1492 1365 apostoticae

266 1379 416 1452 metionis
428 1378 552 1449 putribus
566 1378 672 1433 incedit
687 1381 799 1434 omnino
816 1380 948 1452 uestipiis.
971 1378 1007 1434 In
1024 1394 1057 1434 eo
1073 1382 1179 1452 quippe
1193 1381 1275 1449 libro,
1292 1394 1374 1452 quem
1389 1394 1490 1436 memo-

266 1473 323 1522 ratur
336 1463 501 1520 uenerabilis
522 1465 695 1534 conscripsit
716 1467 875 1519 antistes
900 1465 1041 1521 aduersus
1068 1481 1130 1534 eos,
1161 1468 1212 1537 qui
1231 1468 1260 1520 in
1281 1464 1401 1520 Bomino
1420 1465 1491 1522 lesu

266 1553 345 1609 ctam
355 1551 476 1606 datarum
491 1555 666 1604 naturarum
682 1550 779 1605 uolunt
799 1550 950 1605 indivisam
971 1551 1093 1606 credere
1107 1553 1258 1607 ueritatem
1274 1552 1327 1605 sed
1340 1566 1391 1606 eas
1406 1553 1491 1607 unius

266 1644 354 1694 aduae
362 1634 546 1707 professione
561 1633 751 1705 confundunt,
767 1637 830 1705 ipso
846 1640 945 1690 tenore
957 1638 1187 1707 praedicationis
1201 1637 1380 1708 apostoticae
1395 1643 1489 1693 custo·

266 1725 314 1791 dte,
331 1721 395 1776 dens
413 1726 540 1776 naturas
558 1722 589 1774 in
605 1718 717 1776 Christo
732 1719 905 1791 inconfusas
919 1727 1006 1793 atque
1020 1722 1233 1793 inseparabiles
1249 1736 1312 1777 esse
1327 1723 1488 1793 confirmant.

266 1806 357 1874 [maiar
370 1804 464 1860 Petras
480 1803 638 1860 Franciscus
654 1802 806 1860 Ghiilletins
821 1806 918 1860 merito
933 1807 960 1861 in
976 1805 1048 1862 hunc
1063 1806 1152 1863 locum
1169 1805 1302 1869 observat,
1323 1807 1422 1862 nemini
1434 1805 1489 1877 J'am

266 1891 342 1948 idion
353 1907 409 1947 esse
424 1888 538 1952 debere,
555 1891 620 1964 quin
636 1888 696 1946 libri
712 1906 727 1945 a
742 1888 887 1964 dulgentia
906 1890 1004 1946 laudati
1021 1908 1076 1947 non
1092 1890 1213 1946 Gelasius
1230 1892 1326 1966 quivis.
1347 1890 1396 1946 sed
1414 1891 1499 1971 Gela-¹

266 1978 305 2032 tias
317 1977 412 2033 trtntes
427 1974 564 2031 Romanus
585 1983 680 2031 auctor
699 1974 852 2031 censendus
875 1976 919 2031 sit.
955 1975 1048 2051 Neque
1064 1975 1161 2032 falsum
1177 1993 1237 2032 esse
1253 1978 1313 2050 quis
1329 1975 1421 2032 credet
1437 1984 1490 2033 tam

265 2063 345 2118 tum·
361 2061 465 2118 Gelasio
485 2069 631 2135 tantaeque
649 2062 678 2116 iu
698 2060 809 2117 ecelesia
830 2062 998 2117 auctoritatis
1020 2063 1115 2118 virum.
1152 2060 1246 2136 Neque
1268 2062 1378 2118 minoris
1399 2062 1449 2118 liae
1462 2063 1489 2118 in

266 2149 402 2204 nnementi
422 2153 465 2202 est
486 2145 602 2202 Facundi
623 2147 817 2202 testimonium.
863 2145 910 2202 llis
932 2147 1004 2202 enim
1025 2146 1086 2203 libri
1106 2155 1201 2204 eontra
1224 2147 1365 2203 Maximum
1387 2146 1488 2204 vernis:

265 2235 347 2305 rapu
357 2234 457 2289 leatus
469 2231 603 2288 Getasius
616 2232 765 2289 Romanus
776 2235 930 2304 episcopus
941 2232 1252 2305 aduersusAceplmlos
1262 2251 1396 2307 mapnnm
1408 2248 1488 2306 opus,
1561 2246 1563 2251 ·

266 2316 379 2392 lnipsam
392 2335 462 2392 opus
478 2315 511 2372 ab
527 2333 559 2373 eo
575 2318 662 2372 notari
677 2333 756 2373 nemo
772 2316 891 2390 prudens
907 2319 1060 2391 negaverit:
1079 2319 1116 2373 ita
1133 2325 1162 2374 ut
1178 2336 1233 2374 nno
1249 2316 1331 2374 verbo
1348 2325 1414 2374 tunc
1428 2318 1489 2392 per·

265 2400 341 2475 tthdo
357 2405 495 2460 aduersas
510 2403 675 2473 Acepltulos
694 2402 720 2457 id
741 2403 830 2476 ipsum
853 2404 1017 2476 expresserit
1032 2402 1186 2465 Facundus,
1209 2402 1282 2476 quod
1303 2403 1345 2459 alii
1366 2402 1489 2477 pluribus

264 2485 367 2560 aedunt.
394 2487 471 2545 Unde
491 2485 646 2550 coniicitur,
667 2496 698 2543 ut
718 2488 825 2562 etipse
846 2488 918 2544 lanne
937 2487 1035 2544 librum
1056 2506 1111 2545 non
1132 2489 1270 2562 Cyziceni,
1294 2505 1349 2544 uon
1371 2487 1489 2559 cujusvis

264 2568 341 2637 uma,
357 2573 403 2630 sed
424 2573 536 2629 llomani
557 2574 677 2648 episcopi
693 2589 753 2628 esse
768 2589 818 2648 pro
834 2590 898 2629 vero
914 2572 1045 2630 hahuerit.
1077 2573 1130 2629 Sed
1145 2574 1230 2631 aliern
1246 2573 1310 2648 quid
1326 2575 1488 2647 quaerimus,

264 2660 351 2727 min
363 2661 423 2735 ipso
439 2657 508 2715 libro
524 2658 645 2715 num.16
661 2657 757 2715 lecturi
769 2659 867 2718 sunus:
885 2660 1072 2732 Quapropter
1086 2661 1164 2716 lianc
1180 2663 1310 2734 requiam
1327 2661 1489 2717 catholicae

262 2741 309 2811 βα·
379 2762 444 2802 cum
464 2745 532 2801 sede
547 2746 706 2815 apostoliea
723 2750 819 2800 uestra
838 2745 951 2801 dileetio
974 2748 1150 2802 anartimiter
1165 2749 1284 2802 teneat?
1312 2744 1408 2801 Nonne
1423 2746 1446 2801 is
1461 2746 1489 2800 in

262 2830 372 2898 matta
385 2829 451 2886 sede
465 2846 495 2885 se
510 2831 690 2884 constitutum
701 2837 729 2885 et
743 2827 814 2885 beati
826 2829 899 2885 Petri
914 2846 1099 2886 successorem
1115 2829 1241 2893 declarat,
1258 2831 1304 2903 qui
1316 2846 1363 2886 eos
1375 2829 1406 2885 ad
1419 2847 1488 2904 qnos

262 2912 330 2979 radit
343 2924 371 2972 nt
385 2914 436 2971 silri
451 2914 625 2971 assentiendo
642 2932 706 2971 cum
721 2916 787 2971 sede
803 2918 962 2987 apostoliea
979 2917 1159 2979 consentiant,
1176 2917 1215 2972 sic
1230 2915 1406 2971 adhortatur?

318 3026 340 3082 5.
374 3027 432 3083 lam
447 3025 480 3081 ad
496 3025 588 3082 stilum
604 3027 627 3081 si
648 3027 798 3090 veniamus,
819 3032 862 3082 tot
881 3024 1028 3081 identidem
1049 3035 1193 3082 recurrunt
1213 3026 1339 3100 propriae
1359 3024 1489 3099 quaedam

258 3117 288 3165 ru
299 3110 425 3168 familiares
438 3111 536 3167 Gelasii
551 3110 712 3175 locutiones,
730 3120 759 3167 ut
774 3112 798 3167 si
814 3111 940 3168 deessent
956 3110 1021 3166 eliae
1037 3119 1126 3172 notae,
1144 3110 1185 3167 vel
1197 3109 1306 3185 loquela
1318 3110 1489 3167 manifestum

256 3210 300 3251 tu
315 3195 414 3255 lueret.
449 3197 536 3254 laceo
557 3195 627 3252 dicta
644 3200 820 3269 principalis
840 3203 1034 3268 competenter
1053 3198 1142 3253 modis
1163 3198 1305 3266 amnibus,
1329 3198 1490 3252 nescientes

253 3283 470 3357 parturiantur,
488 3285 614 3340 uolentes
629 3285 822 3357 nolentesque,
836 3299 1041 3356 nunquamque
1055 3284 1201 3353 soluenda,
1219 3283 1383 3353 abruptum,
1399 3287 1487 3356 mapi-

249 3369 294 3422 dri
303 3368 457 3439 Ecclesiae,
479 3375 507 3423 et
529 3366 624 3423 similia
640 3366 746 3424 Gelasio
767 3368 824 3424 aliis
840 3369 991 3442 inscriptis
1007 3366 1158 3431 familiaria;
1180 3369 1265 3442 magis
1286 3366 1425 3440 singulare
1446 3374 1488 3423 est

247 3450 302 3507 ttrt
314 3453 414 3518 rum.3,
430 3451 476 3508 um
492 3461 629 3508 narratur:
646 3457 696 3526 qui
702 3455 850 3527 Eutyches
865 3471 908 3510 nn
916 3471 966 3509 am
982 3455 1085 3509 idest
1100 3454 1151 3510 sol
1159 3472 1210 3510 am
1225 3455 1349 3510 diuinam
1364 3460 1489 3509 conatur

243 3554 359 3595 merem
379 3547 533 3596 naturam.-
552 3539 575 3593 si
595 3547 766 3613 comparetur
786 3555 845 3594 cam
868 3540 909 3595 his
925 3538 1055 3612 epistolae
1073 3538 1090 3594 7
1106 3538 1171 3602 nl,
1194 3537 1322 3594 uliiidem
1337 3538 1488 3595 haereticus

240 3622 328 3679 arnse
345 3623 515 3699 perluuntur:
535 3642 639 3680 unam
655 3627 854 3694 tantummode,
877 3627 907 3680 id
926 3631 968 3681 est
987 3626 1078 3680 solam
1098 3626 1254 3681 diuinitatis
1275 3631 1411 3680 naturam
1430 3628 1489 3680 sire

236 3710 421 3779 unstrutam,
438 3709 594 3765 inDomino
605 3711 676 3765 Jesu
689 3709 800 3766 Cleristo
816 3711 937 3767 credere
948 3727 1001 3766 nos
1015 3711 1129 3765 debere.
1150 3708 1253 3772 Cetera,
1267 3724 1335 3782 quae
1347 3707 1489 3765 observare

233 3795 343 3869 quisque
356 3811 402 3869 per
416 3811 447 3850 se
462 3794 541 3855 salet,
557 3792 695 3850 brevitatis
710 3811 789 3851 causa
804 3803 955 3868 praetereo.
981 3794 1036 3850 Nec
1051 3796 1148 3850 mirum
1163 3794 1245 3850 videri
1262 3792 1356 3857 debet,
1373 3794 1446 3867 quod
1462 3795 1488 3849 in

231 3880 286 3937 luc
298 3878 374 3943 lilro,
394 3897 474 3954 quern
495 3888 608 3954 propter
623 3880 738 3936 Graecos
760 3889 977 3955 aggressusest,
999 3879 1157 3936 catholicam
1178 3879 1328 3935 doctrinam
1348 3880 1409 3935 unis
1431 3879 1489 3935 lere

226 3972 334 4041 patrum
347 3981 503 4039 graecorum
518 3966 680 4021 testimoniis
700 3964 850 4022 confirmat.
888 3965 942 4021 liae
960 3966 1030 4021 enim
1051 3966 1079 4019 in
1098 3981 1128 4020 re
1150 3964 1216 4020 nihil
1238 3963 1309 4019 aliud
1330 3963 1428 4020 iecisse
1443 3965 1489 4020 tle·

223 4049 415 4128 prehenditur,
437 4051 488 4107 nisi
510 4048 583 4123 quod
604 4050 691 4106 lacere
712 4049 828 4114 solelmt.
851 4050 917 4106 adeo
933 4059 964 4106 ut
979 4051 1005 4106 iu
1023 4049 1074 4106 lroc
1089 4066 1172 4124 opere
1188 4050 1211 4105 ei
1227 4055 1351 4122 repetere
1372 4049 1487 4114 licuerit,

221 4135 301 4213 quod
320 4137 396 4210 epist.
413 4136 433 4193 3
454 4134 487 4191 ad
502 4133 677 4208 Euphemiam
694 4136 753 4192 nii
775 4137 896 4209 scripsit:
930 4134 1079 4208 Majorum
1100 4137 1253 4192 traditione
1275 4133 1439 4207 corrfectam
1462 4143 1489 4191 et

222 4228 430 4279 vestrarum
443 4224 654 4293 praecipue
669 4225 855 4295 reqionum
870 4223 1056 4278 sollicitudini
1069 4238 1227 4294 eenpruam
1238 4221 1413 4292 praebemus
1428 4225 1489 4276 sine

216 4306 400 4381 difficultate
420 4307 600 4363 medicinam.
629 4305 687 4362 lloc
706 4308 790 4380 igitur
811 4306 920 4363 delectu
942 4323 1025 4380 quum
1040 4305 1185 4380 singularis
1201 4305 1378 4377 dignoscatur
1393 4304 1488 4361 Gelasii

215 4391 367 4471 mna
381 4400 409 4447 et
423 4400 554 4466 perpetua
568 4408 659 4447 secum
675 4394 827 4456 consensio,
844 4410 900 4448 non
915 4393 996 4448 inodo
1013 4391 1085 4447 nulla
1101 4390 1232 4448 habeatur
1242 4392 1320 4454 ratio,
1337 4408 1385 4447 cur
1397 4390 1450 4446 lroe
1464 4391 1487 4446 ei
1575 4436 1580 4444 .

214 4478 355 4553 niqai-
368 4475 549 4547 abjudicetur,
566 4476 614 4532 sed
630 4484 657 4533 et
672 4478 774 4534 accedit
789 4494 872 4542 nova,
888 4477 960 4533 unde
974 4477 1012 4534 illi
1028 4485 1172 4533 asseratur.

307 4587 339 4646 6.
361 4586 531 4662 Quapropter
545 4589 652 4644 minime
667 4589 869 4644 assentiendum
884 4587 990 4644 videtur
1006 4586 1188 4644 observationi
1200 4586 1336 4648 Cliitlletii,
1354 4587 1399 4660 qui
1415 4588 1488 4642 notis

213 4678 245 4734 h
261 4672 441 4749 iugenuam
456 4680 562 4735 censet,
584 4675 612 4729 in
636 4673 715 4745 hujus
738 4676 826 4748 operis
849 4674 920 4730 calce
941 4678 1149 4747 praetermissa
1168 4677 1358 4746 plurrimorum
1371 4678 1488 4744 patrum

206 4762 396 4838 praesertim
410 4761 566 4815 latinorum
582 4762 755 4829 testimonia,
779 4778 854 4833 quac
870 4776 923 4815 nce
938 4763 1043 4834 neptipi
1064 4779 1082 4815 a
1106 4762 1220 4817 Gelasio
1235 4759 1410 4827 debuerunt,
1434 4774 1488 4813 nec

206 4851 380 4923 potuerunt
394 4847 533 4918 ipnorari.
564 4843 636 4913 Quae
651 4846 720 4902 enim
736 4847 863 4919 ignorare
879 4862 933 4901 rien
948 4846 1038 4920 potuit
1052 4845 1187 4908 Gelasins,
1209 4842 1352 4918 prudentia
1372 4841 1489 4899 dictante

208 4944 309 4992 mae
324 4928 435 4993 debuit,
456 4938 509 4986 unt
532 4937 562 4986 ut
577 4931 738 4988 Graecorum
755 4932 852 4988 ritaret
866 4930 1003 4994 invidiam,
1026 4947 1105 5005 quam
1121 4937 1260 4987 uteorum
1275 4927 1488 4986 benevolentiam
