3450 5678
728 341 899 394 nrrsronr
923 331 973 391 39.
1425 325 1487 392 817

217 504 352 588 ornatis,
376 505 409 566 et
430 497 576 581 Paulum,
608 497 662 582 qui
685 502 734 562 est
755 520 812 578 ras
834 497 1017 578 electioniS,
1047 496 1102 581 qui
1124 497 1358 562 circumeuntes
1381 498 1490 562 orbern
1506 507 1541 573 (a.
1551 507 1624 574 617.)

216 609 374 671 terrarum
400 599 680 684 illuminavenmt;
712 622 789 664 nam
816 622 937 685 magna
963 598 1097 663 vulnera
1132 599 1305 684 majoribus
1340 599 1491 684 indigent

216 695 421 791 adjumentis.
458 701 650 767 Mercenarii
673 701 818 767 videntes
839 701 930 786 lupos
946 701 1113 767 venientes
1128 701 1279 766 adversus
1294 723 1369 767 oves
1384 701 1490 767 dimit

215 810 292 874 tunt
313 827 367 870 eas
389 804 538 889 dissipari
561 803 602 868 ab
623 804 706 888 illis;
734 804 824 869 vobis
847 807 955 868 autem
977 805 1060 868 veris
1088 803 1270 889 pastoribus
1299 806 1332 869 et
1354 804 1490 869 doctori-

214 911 286 992 bus,
310 906 424 992 quibus
447 928 524 972 cura
545 927 603 991 pro
626 905 728 970 salute
751 907 857 971 ovium
880 906 1048 971 commissa
1071 910 1130 990 est,
1158 906 1298 971 occurrit
1320 907 1389 990 ipse
1411 927 1490 991 grex

215 1030 410 1095 cognoscere
418 1008 457 1094 ¹²)
486 1030 577 1073 suum
605 1011 783 1093 pastorem,
818 1009 859 1072 ab
885 1008 1108 1074 immitissimis
1136 1007 1248 1073 bestiis
1276 1007 1430 1073 liberatus
1458 1012 1491 1073 et

213 1102 326 1179 rocem
348 1132 484 1196 sequens
506 1111 655 1196 pastoris,
679 1111 763 1175 sicut
784 1110 941 1175 Dominus
965 1112 1026 1175 ait:
1059 1115 1133 1176 Oves
1159 1133 1243 1175 meae
1270 1132 1372 1177 vocem
1394 1133 1489 1177 mecm
1502 1099 1616 1223 {221¹}

215 1219 364 1292 audiunt,
389 1226 418 1278 et
439 1235 495 1293 eoo
516 1234 665 1293 cocnosco
687 1235 753 1290 eos,
778 1224 807 1278 et
828 1224 995 1294 sequuntur
1015 1235 1071 1277 me.
1109 1211 1183 1278 Non
1206 1234 1283 1298 ergo
1305 1213 1490 1297 despiciatis
1607 1212 1612 1223 '

213 1337 290 1400 nos,
314 1315 528 1398 sanctissimi,
552 1316 606 1399 qui
629 1338 648 1379 a
669 1315 782 1380 bestiis
804 1315 964 1380 ferocibus
987 1315 1129 1400 quotidie
1151 1314 1366 1380 vulneramur.

300 1418 331 1482 5.
369 1418 422 1481 Ad
443 1416 622 1501 perfectam
644 1421 751 1482 autem
779 1418 928 1481 notitiam
957 1419 1055 1482 vestri
1083 1417 1187 1482 sancti
1217 1418 1325 1503 angeli
1356 1418 1488 1483 anathe-

213 1519 406 1583 matizamus
428 1519 462 1583 in
486 1520 596 1584 eadem
618 1523 729 1585 nostra
752 1519 978 1604 deprecatione
999 1520 1152 1584 virtutem
1177 1519 1318 1585 habente
1340 1519 1440 1584 libelli
1450 1521 1487 1606 ¹³)

215 1643 327 1685 omnes
349 1621 509 1705 projectos
531 1625 564 1686 et
586 1622 875 1687 excommunicatos
902 1646 921 1687 a
943 1626 1051 1687 vestra
1072 1621 1248 1705 apostolica
1271 1622 1356 1687 sede.
1401 1621 1488 1688 Dici-

214 1745 286 1787 mus
309 1727 416 1788 autem
438 1722 634 1807 Nestorium,
659 1724 713 1808 qui
734 1724 798 1788 fuit
820 1723 1199 1808 Constantinopolitanus
1223 1723 1400 1810 episcopus,
1424 1724 1488 1790 Eu-

215 1825 352 1910 tychen,
376 1825 565 1891 Dioscorum
588 1830 621 1891 et
642 1826 775 1891 Petrum
797 1826 1068 1910 Alexandrinum,
1092 1826 1147 1910 qui
1169 1827 1416 1910 cognominatus
1439 1830 1488 1891 est

216 1925 396 2013 Balbus¹⁴),
420 1931 453 1992 et
467 1927 609 2012 Petrum,
633 1928 687 2013 qui
703 1928 869 1993 dicebatur
883 1926 985 2012 Fullo,
1005 1927 1255 2012 Antiochorum,
1278 1928 1487 1993 nihilominus

216 2032 250 2093 et
264 2028 436 2113 Acacium,
460 2031 515 2114 qui
536 2030 599 2094 fuit
615 2029 993 2115 Constantinopolitanus
1015 2031 1193 2115 episcopus,
1218 2051 1327 2095 eorum
1350 2053 1487 2096 commu·

215 2130 404 2215 nicatorem,
428 2135 462 2196 et
483 2154 603 2216 omnes,
627 2133 682 2217 qui
703 2154 804 2197 unum
824 2133 953 2197 illorum
974 2133 1207 2198 haereticorum
1229 2131 1416 2198 defendunt.

695 2291 736 2352 Et
756 2290 1005 2369 subscriptiones.

302 2404 333 2469 6.
370 2404 442 2490 Ego
464 2405 648 2470 Alexander
669 2405 886 2470 misericordia
908 2405 969 2470 Dei
990 2407 1158 2491 presbyter
1181 2409 1213 2471 et
1235 2405 1487 2471 archimandrita

216 2506 323 2570 sancti
344 2505 487 2572 Maronis
510 2508 697 2592 deprecatus
719 2529 804 2571 sum.
846 2507 973 2572 Simeon
996 2508 1215 2574 misericordia
1235 2506 1297 2572 Dei
1319 2508 1487 2593 presbyter

217 2612 251 2673 et
274 2607 525 2675 archimandrite
546 2614 583 2674 ut
605 2632 710 2694 supra.
765 2608 931 2674 Johannes
959 2610 1176 2675 misericordia
1197 2610 1258 2673 Dei
1280 2609 1431 2674 diaconus
1454 2613 1488 2674 et

216 2710 420 2795 dispensator
446 2715 483 2776 ut
504 2735 610 2797 supra.
665 2712 839 2796 Procopius
867 2712 1083 2777 misericordia
1105 2711 1166 2776 Dei
1188 2711 1356 2796 presbyter
1383 2716 1416 2776 et
1438 2735 1487 2776 ar·

217 2812 433 2877 chimandrita
455 2817 492 2877 ut
513 2837 620 2898 supra.
675 2813 789 2879 Petrus
811 2813 1027 2879 misericordia
1048 2814 1109 2879 Dei
1131 2815 1298 2900 presbyter
1319 2817 1356 2878 ut
1378 2836 1485 2898 supra.

216 2914 385 3001 Eugenius'
406 2915 624 2981 misericordia
645 2915 706 2981 Dei
728 2915 895 3001 presbyter
917 2920 953 2981 nt
974 2938 1080 3000 supra.
1137 2915 1288 2981 Geladius
1309 2916 1486 2980 misericor-

217 3017 271 3082 dia
293 3015 354 3082 Dei
376 3019 543 3102 presbyter
564 3023 601 3082 ut
623 3041 729 3103 supra.
789 3017 908 3082 Bassus
934 3019 1152 3082 misericordia
1174 3017 1235 3082 Dei
1256 3018 1424 3102 presbyter
1450 3021 1487 3080 ut

217 3141 325 3205 supra.
384 3118 538 3185 Romulus
567 3120 783 3185 misericordia
805 3118 866 3183 Dei
893 3120 1060 3205 presbyter
1087 3123 1124 3184 ut
1151 3118 1258 3203 supra.
1318 3119 1486 3184 Eusealius

217 3221 436 3286 misericordia
450 3221 511 3286 Dei
533 3223 701 3307 presbyter
723 3225 758 3285 ut
780 3244 887 3305 supra.
931 3220 1077 3286 Malehus
1099 3221 1317 3286 misericordia
1334 3221 1394 3286 Dei
1417 3243 1486 3305 pre·

218 3323 328 3408 sbyter
349 3327 385 3388 ut
400 3346 507 3408 supra.
552 3324 704 3389 Leontius
727 3323 943 3388 misericordia
957 3322 1018 3387 Dei
1040 3323 1193 3388 diaconus
1215 3328 1252 3389 ut
1266 3347 1373 3409 supra.
1418 3324 1486 3390 Ste-

216 3424 343 3510 phanus
365 3426 583 3491 misericordia
605 3426 666 3490 Dei
688 3427 856 3510 presbyter
882 3430 918 3490 ut
940 3448 1046 3510 supra.
1106 3427 1241 3492 Oarufas
1269 3427 1421 3491 diaeonus
1450 3430 1487 3490 ut

217 3549 325 3612 supra.
384 3526 524 3593 Thomas
552 3529 719 3613 presbyter
747 3531 918 3612 utsupra.
978 3527 1105 3593 Samuel
1134 3528 1287 3593 diaconus
1315 3533 1484 3613 utsupra.

217 3629 402 3695 Theodorus
424 3630 592 3715 presbyter
612 3634 650 3695 ut
671 3651 778 3714 supra.
812 3629 989 3723 ‚Johannes
1004 3630 1221 3695 misericordia
1236 3629 1297 3695 Dei
1319 3631 1487 3716 presbyter

216 3735 255 3796 ut
275 3753 384 3816 supra.
427 3731 593 3797 Johannes
615 3732 782 3817 presbyter
803 3735 840 3796 ut
854 3755 960 3817 supra.
1004 3732 1145 3796 Thomas
1160 3732 1312 3797 diaconus
1328 3737 1364 3797 ut
1379 3756 1485 3818 supra.

215 3832 384 3900 Johannes
407 3834 561 3899 diaconus
582 3837 619 3898 ut
641 3856 747 3919 supra.

304 3937 334 4002 7.
371 3935 551 4002 Simeonius
579 3936 732 4002 diaconus
759 3941 928 4022 utsupra.
987 3937 1137 4003 Saulinus
1168 3937 1419 4003 archimandrita
1451 3941 1488 4002 ut

216 4061 326 4125 supra.
372 4038 530 4105 Eusebius
551 4040 719 4124 presbyter
740 4043 777 4103 ut
799 4062 905 4124 supra.
951 4039 1117 4124 Mueymus
1139 4041 1306 4125 presbyter
1327 4044 1485 4124 utsupra.

215 4318 348 4368 imitamini
359 4318 488 4368 Dominum
506 4326 553 4367 etc.
573 4331 618 4368 nec
637 4332 685 4366 non
704 4317 806 4366 Petrum
822 4318 976 4382 principem,
997 4313 1096 4367 omisso
1114 4318 1192 4376 illum,
1212 4314 1278 4381 quia
1295 4330 1427 4383 graecum
1445 4329 1487 4366 rtr-
1506 4344 1508 4348 >

215 4398 334 4454 ticulum
352 4399 507 4469 exprimere
525 4414 581 4451 non
600 4398 691 4451 solent
707 4396 795 4450 latini.

288 4486 319 4553 ¹²)
337 4484 355 4538 b
374 4504 535 4554 coprroscens.
570 4483 716 4537 Mallemus
731 4489 846 4550 postoris
864 4489 1033 4551 coynosccndi
1046 4490 1141 4551 gyratio.

286 4572 318 4638 ¹⁸)
337 4568 424 4634 Quem
448 4569 552 4623 scilicet
574 4567 724 4622 Hormieda
745 4567 972 4622 subscribendum
995 4567 1107 4622 mittere
1131 4567 1251 4635 solebat,
1278 4567 1380 4636 quique
1403 4584 1493 4637 supra

217 4654 345 4727 epistolis
364 4661 379 4709 'l
397 4656 426 4708 et
443 4661 477 4708 26
494 4654 674 4709 subnectitur.

287 4741 319 4809 Η)
339 4741 444 4794 Graece
462 4737 566 4810 μόγγος
585 4742 613 4794 et
630 4739 716 4794 latine
734 4759 836 4809 monyus
849 4737 1038 4808 cognominari
1051 4739 1128 4795 solet.
1165 4738 1220 4794 Sed
1238 4737 1304 4807 quia
1321 4733 1426 4808 μόγγος
1443 4738 1489 4791 vel

217 4825 312 4897 potius
335 4820 489 4896 μογιλάλος
510 4824 539 4878 id
563 4828 605 4879 est
627 4825 702 4894 quod
726 4830 825 4893 tultus,
854 4825 991 4894 interpres
1012 4825 1125 4881 litterae
1146 4827 1264 4881 haerens
1287 4825 1323 4879 ab
1348 4841 1410 4891 usu,
1433 4839 1488 4893 quo

218 4911 318 4966 Petrus
335 4910 387 4964 iste
405 4910 502 4979 mongi
519 4927 684 4979 cognomem
703 4909 835 4978 obtinuit,
857 4910 980 4966 secessit.

253 5015 408 5052 errorores
421 5014 524 5057 nourr,
539 4988 692 5057 aornar.
1245 5005 1285 5063 52
1386 4995 1389 5003 ’
