3412 5664
326 106 473 156 nortem
496 106 606 157 amar.
631 109 702 157 non
726 111 895 160 ensesue.
920 114 1100 162 mv-vm
1288 103 1350 168 217

87 264 228 326 nitentium
246 271 441 343 recipiendam
461 286 534 328 esse.
579 270 663 327 Verba
684 271 775 328 eadem
802 274 935 348 ingestis
963 275 996 330 tle
1017 278 1125 332 trautine
1148 277 1234 336 Aeacii
1256 280 1350 354 legens

79 345 221 413 libemus
234 354 372 419 hmanas.
393 354 457 413 duat
473 373 529 415 aaa
544 356 667 420 aduertit,
684 374 714 413 ea
731 357 767 414 ihi
782 375 814 414 es
829 360 895 434 ipsis
912 361 998 417 heacii
1014 362 1122 436 scriptis
1138 372 1264 438 excerpta
1280 382 1349 428 esse,

71 432 128 495 sed
154 438 190 496 ah
208 443 320 517 ipsam
340 448 481 518 galeram
506 442 705 516 praedictorum
731 445 866 518 scriptore
892 443 925 501 de
946 463 996 502 sue
1023 447 1128 521 prolata
1150 456 1235 523 perlat,
1262 451 1298 505 ita
1320 467 1350 507 ea

63 540 140 600 cap.
167 527 200 585 18
211 525 344 591 cacabis,
366 536 397 584 ut
417 527 547 585 nonnulla
567 527 723 602 perturbata
739 529 840 591 ederat,
863 547 931 604 quae
952 530 984 586 acl
1008 535 1165 589 narrationis
1184 534 1304 591 ordinem
1321 554 1351 592 ac

60 612 219 669 veritatem
234 629 288 670 aaa
304 615 370 670 satis
387 621 480 670 exacta
494 621 568 670 sunt.

171 698 196 755 3.
222 697 262 754 hd
282 697 375 755 eadem
395 700 484 756 Asadi
506 693 798 775 scripta'reiercntlunr
821 701 935 763 ridetur,
958 703 1030 775 quod
1053 703 1184 778 Simplicii
1206 723 1350 763 successor

50 784 158 845 felix
177 800 213 859 ep.
230 784 267 844 11
290 801 317 840 u.
336 784 354 840 2
375 784 410 841 de
424 785 546 842 iohanne
568 793 595 842 et
616 784 696 841 Petro
718 787 892 842 Antiochcnis
909 787 1016 843 luctatus
1038 788 1161 859 subjicit:
1193 810 1265 864 quos
1280 800 1349 850 tunc
1389 773 1393 786 ’

45 872 230 949 hypocrite
245 867 374 927 Acamas
388 875 428 928 itu
441 871 515 944 secit
530 872 567 928 eh
582 873 743 943 apostolica
760 874 826 928 sede
841 874 983 943 damnari,
1004 881 1034 929 ul
1049 875 1094 930 his
1110 879 1193 932 etiam
1213 879 1348 934 chrisan-

45 973 182 1020 norun
199 955 367 1012 mcabulum
387 959 545 1026 tolleretur,
567 958 644 1029 quod
661 963 743 1030 peste
765 959 846 1028 apud
859 973 922 1013 erere
937 960 1035 1014 hichita
1058 961 1258 1032 raruraisestant.
1296 963 1350 1019 Nec

45 1048 122 1107 alio
148 1039 256 1097 lumime
272 1042 391 1114 pertinet
407 1041 473 1099 illud
491 1040 548 1098 Get.
564 1041 655 1116 epifi
673 1042 741 1099 nii:
770 1046 829 1099 t'ur
844 1060 912 1117 erpa
930 1047 972 1099 vei
988 1063 1073 1117 qurum
1089 1047 1143 1102 hac
1157 1050 1225 1119 peri
1241 1050 1349 1104 elideret

47 1129 210 1195 Aeacius,
231 1143 288 1185 non
309 1130 384 1183 sicut
399 1128 451 1184 suh
468 1129 612 1184 Basilisco
621 1129 688 1200 jaim
702 1127 829 1202 fecerat,
852 1130 890 1183 ed
904 1131 1093 1201 apostoticam
1115 1133 1210 1187 sedem
1232 1134 1349 1205 referre

51 1214 211 1280 curarit?
240 1211 298 1267 taur
323 1211 430 1286 quidem
452 1212 523 1269 Zeno
540 1213 682 1285 imperium
698 1212 825 1270 Basilisco
848 1213 942 1288 iugato
958 1215 1078 1288 proximo
1093 1225 1242 1290 receperat,
1265 1235 1347 1291 quum

55 1296 189 1362 acacius
208 1295 374 1360 relationem,
394 1297 429 1353 de
449 1315 501 1371 qna
522 1299 625 1372 agimus
647 1298 728 1353 misit.
760 1298 811 1354 Sed
836 1300 896 1372 quia
919 1300 969 1355 hoc
992 1316 1060 1373 opus
1076 1318 1223 1375 aggressus
1245 1310 1295 1363 est,
1319 1312 1348 1358 nt

56 1383 168 1464 iegati
181 1398 282 1448 munus,
300 1382 373 1456 quod
395 1384 445 1456 ipsi
465 1382 497 1439 ab
518 1382 654 1456 Simplicia
675 1382 726 1438 suh
748 1383 873 1440 Basilisco
895 1384 1048 1459 delegatum
1070 1395 1136 1448 erat,
1160 1387 1293 1461 impleret,
1321 1396 1348 1443 ct

63 1467 180 1533 omnia,
198 1484 264 1542 quae
278 1466 330 1524 sub
345 1467 472 1525 Basilisco
487 1477 565 1543 gesta
581 1467 696 1529 inerant,
718 1470 745 1524 in
761 1468 856 1524 eodem
872 1487 954 1544 opere
970 1469 1119 1534 enarrabat,
1143 1489 1196 1528 noa
1214 1474 1346 1529 immerito

68 1560 186 1616 matur
196 1554 246 1610 suh
261 1554 406 1610 Basilisco
422 1557 565 1611 retulisse.

171 1637 194 1694 l.
220 1637 317 1695 lisdem
338 1640 364 1695 ia
380 1640 488 1714 scriptis
504 1641 615 1696 Aeacius
633 1640 748 1714 singula,
772 1656 839 1715 qnae
854 1640 926 1697 Zeno
948 1643 1096 1714 imperator
1111 1643 1137 1699 in
1153 1644 1266 1717 gratiam
1283 1661 1346 1718 apo-

80 1725 193 1785 sonae
208 1721 268 1781 fidei
287 1724 414 1780 munerat
436 1742 559 1799 quaeque
575 1723 647 1781 Telis
664 1741 707 1799 ep.
726 1728 743 1782 2
765 1723 829 1780 114
850 1727 1019 1799 perstringit,
1052 1744 1134 1799 quarn
1151 1739 1297 1792 euarasset,
1320 1731 1347 1786 in

89 1814 118 1868 is
134 1811 338 1883 permulcendis
354 1827 473 1881 operam
488 1827 570 1868 suam
585 1813 756 1883 impendisse
776 1827 831 1866 non
853 1810 964 1872 tacebat.
988 1813 1199 1887 nominatimque
1215 1813 1347 1888 gloriaba-

93 1904 148 1953 1η.
164 1892 221 1967 quod
232 1899 377 1967 prostrati
390 1902 486 1952 essent
501 1913 605 1966 omnes,
623 1900 674 1969 qui
683 1896 1059 1953 contraeatenedoncusem
1074 1901 1212 1969 synodum
1229 1906 1346 1955 centra·

97 1976 151 2053 'gne
168 1980 228 2037 tedis
244 1983 424 2054 apostalicae
441 1983 692 2052 praedicationem
708 1986 804 2038 euenire
820 1988 978 2038 tentarant.
1002 1981 1068 2053 (Tel.
1086 1999 1128 2055 ep.
1146 1983 1163 2038 2
1187 2001 1212 2038 n.
1231 1983 1271 2054 5.)
1310 1984 1346 2040 Be

105 2062 209 2119 radiate
224 2064 363 2122 Timotheo
386 2064 565 2123 Alexandrino
587 2068 724 2141 speciatim
747 2065 910 2128 atluertehat,
932 2070 1043 2124 tracturi
1063 2085 1126 2125 ctum
1146 2076 1235 2141 patre
1256 2072 1346 2127 corda

110 2147 205 2216 idelitm
222 2149 315 2222 (Gelas.
332 2168 375 2225 ep.
395 2151 410 2207 l
434 2169 460 2206 n.
479 2150 538 2222 12).
674 2246 737 2310 VH

116 2366 138 2402 a.
148 2347 193 2408 tte
204 2370 226 2411 c.
238 2370 325 2414 mens.
341 2357 400 2414 dul.
438 2357 575 2414 Timothei
589 2357 789 2428 Sataphalciaii
802 2359 842 2413 ad
856 2357 1031 2430 Simplicium
1047 2359 1260 2438 inthronishsca.

177 2453 200 2512 1.
221 2456 256 2513 tl
275 2474 375 2515 annum
390 2457 452 2516 ets
475 2458 614 2515 referentia
635 2468 699 2516 suut
718 2462 865 2516 sollemnia
882 2459 1014 2515 Timothei
1031 2459 1215 2532 Salophahioli
1232 2461 1345 2518 hieran·

118 2531 169 2591 irat
177 2541 286 2600 mutis
297 2548 413 2623 ¹scripto
429 2560 477 2618 per
497 2543 602 2619 legatos
619 2544 719 2600 Esaiam
735 2546 900 2618 episcopum,
926 2544 1013 2599 iillum
1030 2545 1260 2618 presbyterumet
1279 2546 1345 2602 ilar·
1450 2571 1456 2579 ·

119 2620 336 2691 inmensorum
355 2628 388 2684 ad
403 2628 568 2704 Simplicium
587 2647 681 2703 papam
698 2631 785 2692 missa,
808 2628 905 2703 quihus
928 2630 970 2684 hic
991 2645 1058 2703 papa
1080 2646 1123 2703 ep.
1139 2630 1175 2685 11
1195 2647 1221 2684 n.
1242 2632 1254 2684 1
1281 2634 1346 2686 satis

116 2701 153 2761 sii
164 2702 240 2769 aton
254 2729 314 2771 esse
328 2721 469 2770 memorat.
501 2714 601 2788 Nempe
623 2715 757 2770 Timothei
774 2713 853 2784 hujus
871 2709 938 2768 varia
952 2714 1059 2769 tertiana
1077 2713 1136 2769 luit.
1168 2715 1257 2770 Primo
1275 2717 1355 2770 enim-

117 2786 307 2873 inclausus
328 2800 479 2874 imperante
494 2801 521 2856 in
543 2799 631 2872 iocum
648 2800 782 2855 Timothei
799 2798 890 2853 hchni
906 2797 1034 2853 salicetus
1052 2797 1226 2855 Alexandriae
1243 2801 1346 2872 episco-

112 2890 161 2951 pfl,
172 2881 251 2939 taneto
266 2885 353 2941 tenuit
369 2885 437 2941 hane
452 2883 553 2947 sedem,
569 2885 694 2958 quamdin
711 2885 775 2939 visit
791 2881 845 2938 Leo
861 2882 973 2957 ejusque
989 2899 1131 2939 successor
1146 2884 1226 2947 Zeno,
1242 2901 1347 2958 pacein-

109 2976 155 3037 ψ
167 2960 245 3025 hebuit
270 2971 304 3026 At
319 2968 364 3025 ubi
381 2969 469 3026 lorum
485 2987 564 3027 stium
579 2970 675 3026 cedere
691 2977 800 3025 coactus
816 2976 858 3024 est
874 2968 917 3024 hic
931 2969 1078 3042 imperator
1092 2968 1218 3025 Basilisco
1230 2978 1346 3043 tyranno

106 3055 131 3105 ei
141 3044 341 3112 &dunensis
355 3054 460 3112 concilii
477 3055 564 3117 hosti,
581 3055 643 3112 licet
662 3054 689 3110 id
706 3062 763 3110 tum
779 3053 829 3109 sihi
845 3054 1001 3127 extorqueri
1017 3070 1112 3127 passus
1128 3055 1164 3109 sit
1179 3053 1346 3117 Timotheus,

101 3140 132 3193 nt
146 3129 255 3196 Meteri
271 3156 374 3199 namen
395 3144 471 3197 inter
489 3145 597 3198 altaria
619 3144 796 3196 recitaretur
817 3137 920 3212 (Simpl.
938 3156 980 3212 ep.
998 3137 1036 3210 9),
1058 3156 1165 3195 servare
1187 3148 1274 3195 tamen
1291 3158 1345 3196 non

97 3224 192 3299 pttffll
208 3221 279 3283 lael
298 3224 406 3287 sedem.
434 3225 481 3282 sed
503 3243 560 3282 eam
582 3226 697 3282 vicissim
719 3224 862 3281 Timotheo
884 3223 984 3279 helino
1004 3223 1141 3279 'dimittere
1162 3233 1271 3281 coactus
1293 3233 1345 3281 est.

95 3306 185 3363 Tm
196 3317 252 3382 post
265 3309 403 3368 biennium
417 3311 489 3368 Zeno
504 3313 530 3367 in
551 3313 654 3386 regiam
671 3310 764 3366 urhem
782 3326 924 3384 regressus
941 3309 1040 3385 helurp
1059 3311 1193 3366 exstincta
1210 3320 1237 3366 et
1252 3310 1345 3385 lugeto

88 3396 170 3453 Petit
182 3390 279 3470 lango,
302 3397 348 3471 qui
362 3397 391 3452 in
405 3396 495 3454 locum
511 3395 569 3467 ejus
581 3398 722 3456 invaserat,
746 3395 917 3451 Timotheum
933 3393 1161 3468 Salophahielum
1184 3396 1229 3468 qui
1245 3395 1346 3470 Canopi

85 3474 210 3542 latitabat
229 3480 413 3538 Maeandrium
428 3483 591 3542 revocavit..
616 3479 727 3548 Quade
749 3482 894 3536 recentior
918 3479 1004 3535 iactus
1020 3479 1172 3553 Simplicius
1194 3479 1226 3534 ah
1241 3483 1346 3543 Acacio,

80 3571 124 3626 it2
136 3560 168 3619 le
181 3562 255 3636 lth‘as
269 3567 389 3642 episcopi
404 3569 577 3623 restitutione
594 3565 746 3641 gratulatus
762 3571 812 3628 est,
831 3573 860 3620 ut
875 3581 974 3638 cupere
990 3581 1019 3619 se
1035 3581 1089 3619 nort
1107 3572 1215 3627 taceret.
1239 3565 1271 3621 ah
1286 3567 1346 3640 ipso

78 3651 225 3709 &msam
238 3667 299 3708 esse
314 3650 451 3713 maculam,
470 3668 548 3726 quam
565 3652 664 3708 nomini
681 3667 731 3706 suo
747 3667 796 3724 per
811 3651 1015 3705 inconstantiam
1032 3651 1166 3705 inusserat
1188 3649 1232 3720 (ci.
1250 3650 1344 3726 Simpl.
1401 3716 1409 3723 ⁶

73 3736 161 3813 epist.
178 3732 215 3805 9).
250 3736 306 3793 lioc
321 3737 406 3811 igitar
420 3735 556 3811 pontificis
578 3737 664 3793 nostri
680 3735 846 3792 desiderium
867 3751 949 3808 quum
966 3736 1076 3790 Aeacius
1096 3735 1120 3789 ei
1137 3737 1346 3813 quamprimum

72 3828 176 3883 net·
189 3818 306 3884 iecisset.
322 3820 368 3878 ille
385 3823 445 3879 sine
460 3838 534 3878 mora
550 3822 713 3897 legationem
729 3837 789 3876 mox
806 3820 902 3875 iliatam
919 3837 979 3875 cum
995 3821 1103 3892 scriptis
1118 3819 1270 3882 destinavit,
1288 3822 1347 3894 qui·

69 3910 127 3967 has
148 3902 353 3969 mutantur.
374 3909 554 3964 destruxisse
574 3925 619 3976 se,
643 3909 719 3979 quod
738 3913 807 3961 ante
824 3909 1004 3977 perterritus
1024 3907 1059 3961 de
1079 3904 1216 3962 Dioscuri
1235 3910 1346 3963 nomine

63 3995 200 4071 fecerat,
221 3996 249 4048 et
267 3994 462 4049 remissionem
482 3997 574 4064 ipsius
589 3995 700 4048 erroris
715 3994 835 4062 expetiit
858 3987 965 4065 (Simpl.
982 4005 1024 4062 cp.
1042 3989 1076 4044 li
1096 4007 1121 4044 o.
1139 3989 1176 4059 1).
1208 3990 1237 4045 ln
1253 3990 1345 4045 euclem

66 4078 177 4153 mepta
190 4078 316 4139 mevenit
331 4084 359 4133 et
373 4076 440 4134 illud
455 4076 571 4135 Liherati
587 4094 610 4134 c.
630 4077 683 4134 16:
714 4077 814 4132 scribit
829 4076 872 4132 ad
880 4093 990 4147 papam
1006 4074 1181 4147 Simplicium
1197 4081 1346 4148 repauset

64 4166 182 4230 icens,
202 4162 320 4219 Petrum
334 4164 416 4219 illum
431 4161 565 4238 Maupum
580 4168 609 4220 in
625 4165 783 4218 diaconatu
805 4176 869 4217 esse
883 4162 1048 4217 damnatum
1069 4159 1116 4232 (id.
1135 4159 1221 4214 Gelas.
1240 4165 1317 4214 tract.
1335 4159 1345 4213 1

65 4268 98 4307 n.
114 4244 159 4319 9).
189 4244 249 4315 Quo
263 4236 411 4322 respiciens
426 4247 578 4322 Simplicius
599 4246 641 4322 ep.
662 4246 700 4301 12
717 4248 761 4306 ait.
784 4245 891 4302 Petrum
907 4246 979 4301 hunc
995 4245 1102 4300 minime
1118 4242 1268 4300 habendum
1284 4258 1344 4298 esse

63 4335 239 4409 episcopum,
254 4333 298 4389 cui
312 4347 367 4388 nec
383 4336 412 4389 in
427 4334 584 4390 diaconatu
600 4348 670 4390 suits
683 4336 776 4404 patuit
792 4333 861 4388 crdo
877 4337 1022 4388 constare.

157 4416 186 4473 2.
218 4416 314 4474 lisdem
335 4419 444 4492 seriptis
462 4416 628 4493 significahat
644 4417 811 4478 Timotheus,
827 4415 937 4472 Petrum
954 4415 1081 4491 iiongum
1098 4413 1271 4470 Alexandriae
1285 4414 1345 4469 lati·
1452 4424 1457 4433 ·

62 4517 126 4563 tare
137 4518 172 4560 ac
184 4502 380 4577 simpliciorum
396 4500 457 4559 iidei
472 4503 560 4560 moliri
575 4503 692 4564 insidias,
708 4502 824 4576 ideoque
839 4518 869 4558 se
884 4500 916 4556 ab
932 4503 1102 4575 imperatore,
1119 4506 1149 4554 ut
1162 4515 1222 4554 eum
1235 4497 1344 4573 longius

60 4594 91 4649 in
107 4587 240 4647 exsilium
254 4587 319 4662 pelli
330 4586 449 4658 juberet,
465 4590 593 4663 petivisse
608 4587 712 4662 (Simpl.
729 4603 772 4662 ep.
783 4587 822 4649 10
834 4605 860 4643 n.
871 4587 910 4659 2).
933 4585 1000 4642 ilinc
1015 4593 1043 4640 et
1057 4587 1144 4658 ipsum
1159 4582 1345 4639 obtestabatur

62 4672 245 4751 Sinplkium
267 4680 297 4728 at
319 4673 366 4729 has
387 4690 481 4748 preces
496 4675 658 4731 auctoritate
674 4672 780 4744 juvaret
801 4689 857 4735 sua,
879 4681 907 4728 et
928 4672 1024 4734 omnia,
1047 4686 1115 4744 quae
1135 4670 1187 4742 ipsi
1202 4670 1343 4732 nuntiavit,
