3412 5664
516 129 712 181 nrrsromu
734 120 882 181 46-48.
1277 118 1338 184 837

52 306 206 352 numero
228 285 362 371 adjungi
384 284 577 369 desiderans,
601 285 705 350 sancti
727 309 830 371 papae
845 285 961 352 Leonis
982 285 1017 352 in
1039 286 1199 373 diptychis
1221 310 1339 355 nomen
1351 302 1386 369 (a.
1398 305 1468 377 519.)

54 409 237 455 asseveras
258 389 423 474 scriptum.
467 387 536 453 Iste
557 387 717 453 laudande
738 393 825 474 sunt,
849 389 877 454 si
898 388 1106 475 perfectionis
1128 390 1340 477 subsequatur

56 490 222 557 effectus:
243 490 319 574 quia
340 490 482 575 recipere
498 489 755 556 Calchedonense
779 491 948 556 concilium
971 495 1004 557 et
1025 493 1113 578 sequi
1136 495 1241 560 sancti
1263 493 1338 559 Leo·

54 593 121 659 mis
151 592 320 677 epistolas,
354 595 387 657 et
414 592 517 657 adhuc
538 614 657 658 nomen
678 593 790 657 Aeacii
818 593 1005 678 defendere,
1034 597 1094 660 hoc
1123 599 1172 661 cst
1198 596 1283 661 inter
1305 618 1339 662 se

58 695 292 780 discrepantia
312 695 486 761 uindicare.
519 694 595 770 Quis
610 694 798 760 Dioscorum
820 698 854 761 et
874 695 1086 781 Eutychetem
1109 697 1337 785 condemnans,

55 798 279 864 innocentem
301 798 468 863 ostendere
489 799 592 882 possit
613 798 792 864 Acacium?
829 797 906 874 Quis
928 798 1131 865 Timotheum
1154 802 1186 865 et
1207 800 1338 866 Petrum

60 899 329 965 Alexandrinum
361 904 394 964 et
427 899 525 964 ulium
551 899 683 964 Petrum
711 900 951 966 Antiochenum
984 905 1016 966 et
1048 923 1200 987 sequaces
1230 925 1338 969 eorum

62 1001 248 1086 declinans,
272 1002 356 1067 sicut
376 1002 522 1087 diximus,
546 1024 613 1066 non
635 1002 835 1068 abominetur
857 1002 1023 1089 Acacium,
1047 1004 1101 1089 qui
1123 1025 1232 1070 eorum
1255 1027 1338 1072 oom-

62 1104 258 1171 munionem
280 1107 406 1170 secutns
428 1104 500 1169 cst?

156 1207 187 1272 3.
221 1205 270 1271 De
293 1207 427 1271 caritate
435 1208 460 1291 ³)
488 1207 643 1292 siquidem
665 1211 721 1272 tua
743 1208 874 1272 meliora
895 1207 956 1273 Dei
978 1209 1207 1295 omnipotentis
1229 1232 1337 1296 exspe-

69 1312 197 1375 ctamus
225 1309 359 1393 auxilio,
388 1307 543 1374 habentes
566 1309 704 1394 optimae
727 1309 945 1395 promissionis
973 1332 1078 1396 spem,
1108 1311 1190 1378 sicut
1217 1312 1256 1376 od
1279 1335 1337 1378 nos

55 1410 154 1497 'quae
181 1410 326 1476 direxisti
359 1412 461 1495 tua4),
499 1422 595 1477 tecum
624 1419 654 1476 in
684 1419 814 1477 unitate
839 1419 983 1493 sentiens,
1008 1425 1037 1477 et
1065 1421 1133 1495 ipsa
1159 1418 1335 1495 defendens,

69 1535 201 1595 sperans
230 1519 261 1577 in
283 1520 338 1578 illo
352 1518 475 1591 judicio
492 1535 552 1594 per
574 1520 641 1594 epse
662 1525 692 1579 te
708 1535 796 1595 posse
816 1520 942 1580 soluuri.
985 1514 1063 1580 Post
1091 1514 1171 1582 haec
1193 1516 1267 1601 qnid
1290 1538 1337 1583 re-

72 1619 153 1700 stat,
182 1615 246 1680 nisi
273 1618 310 1679 ut
338 1614 654 1700 sedisapostolicae,
685 1617 775 1700 cujus
802 1617 896 1681 fidem
924 1620 957 1681 te
985 1617 1064 1681 dicis
1093 1617 1259 1702 amplecti,
1290 1641 1337 1685 se-

72 1717 182 1805 quaris
205 1718 304 1783 etiarn
325 1717 394 1781 sine
416 1716 630 1801 trepidatione
649 1717 795 1802 judicia?
823 1717 929 1804 Igitur
950 1719 1095 1804 portibus
1118 1719 1337 1786 Orientalibus
1377 1755 1383 1766 ·

75 1819 207 1886 ostende
228 1841 286 1905 per
307 1822 340 1884 te
362 1819 444 1904 quod
467 1822 640 1904 sequantur
663 1820 852 1905 exemplum,
875 1824 913 1885 ut
927 1822 1068 1886 omnium
1091 1822 1170 1907 laus,
1193 1823 1248 1909 qui
1271 1845 1337 1889 cor-

72 1923 152 1987 recti
174 1922 307 2005 fuerint,
330 1921 394 1986 tuis
416 1921 579 1986 laboribus
602 1921 789 2007 applicetur.
834 1922 923 2009 Ergo
944 1946 1042 2009 quum
1068 1946 1188 2011 magna
1216 1925 1337 1991 denun-

71 2025 132 2090 ties
154 2026 187 2088 et
208 2023 303 2088 fidem
324 2023 410 2087 beati
426 2023 561 2108 apostoli
576 2022 663 2088 Petri
679 2027 712 2089 te
727 2024 877 2108 amplecti
899 2025 1071 2111 significes,
1095 2030 1182 2093 recte
1204 2028 1336 2094 credens

71 2126 107 2192 in
128 2147 167 2190 ee
189 2125 324 2190 salutem
345 2128 488 2190 nostram
510 2147 602 2210 posse
625 2126 797 2191 subsistere
806 2128 847 2213 ⁵),
870 2127 1029 2212 libellum,
1055 2127 1144 2213 cujus
1168 2132 1335 2208 continen-

72 2228 119 2293 tia
139 2227 250 2292 subter
271 2249 399 2292 annexa
421 2230 479 2311 est,
503 2249 523 2291 a
546 2228 679 2293 caritate
700 2231 758 2293 tue
780 2228 995 2315 subscriptum
1018 2230 1057 2294 ad
1079 2253 1137 2296 nos
1161 2232 1274 2320 dirige,
1298 2237 1335 2299 ut

71 2330 141 2396 sine
164 2328 378 2395 eonscientiae
399 2329 570 2395 formidine
592 2353 690 2396 unam
712 2333 985 2417 communionem,
1009 2332 1093 2397 sicut
1114 2355 1256 2421 oramus,
1280 2336 1335 2400 ha-

71 2432 145 2498 bere
167 2431 334 2518 possimus.

154 2534 186 2600 4.
227 2532 290 2598 Pro
321 2555 459 2620 persona
487 2555 610 2618 quoque
638 2535 696 2599 filii
723 2535 826 2600 nostri
855 2535 947 2600 Grati
974 2536 1034 2601 viri
1064 2536 1232 2603 clarissimi
1266 2539 1362 2605 Deo·

69 2639 181 2703 nostro
204 2635 327 2721 gratia
349 2635 419 2701 sine
442 2636 618 2701 cessatione
640 2637 866 2722 persolvimus,
891 2638 980 2722 cujus
1001 2639 1079 2704 fides
1102 2643 1135 2703 et
1156 2644 1245 2705 recta
1269 2662 1334 2706 cre-

70 2738 189 2804 dulitas
216 2740 359 2802 nostrum
388 2739 472 2803 circa
501 2760 534 2802 se
563 2739 715 2804 excitavit
749 2740 914 2804 affectum:
951 2740 1067 2826 dignus
1097 2763 1132 2806 re
1159 2763 1250 2827 vera,
1278 2742 1333 2827 qui

67 2843 183 2907 tantae
211 2861 319 2905 curam
346 2841 522 2925 susciperet
549 2841 684 2906 actionis
707 2843 740 2906 et
761 2840 892 2906 maximi
919 2842 1075 2928 principis
1099 2843 1139 2908 ad
1162 2865 1220 2908 nos
1242 2866 1332 2910 man-

68 2943 148 3009 data
169 2941 338 3028 perferret.

567 3129 749 3233 Epistola
773 3129 832 3215 48.
859 3108 862 3115 ⁴

264 3281 475 3348 Hormisdae
498 3299 608 3365 papae
630 3281 674 3348 ad
696 3280 943 3351 Justlnlanum
965 3285 1143 3351 comitem.

18 3428 48 3476 Ι,
103 3423 224 3473 Laudato
243 3422 308 3473 illius
325 3421 405 3472 bonae
423 3424 557 3493 voluntatis
575 3423 646 3472 initio
663 3430 751 3488 repat,
769 3431 795 3473 ut
812 3424 905 3474 Acoeti
921 3440 974 3474 cum
991 3424 1140 3503 aequant-us
1157 3441 1244 3477 nomeu
1259 3441 1298 3476 re·

348 3514 483 3560 moueatur.
520 3508 634 3573 Denique
651 3509 740 3559 missor
757 3523 773 3557 a
789 3523 817 3558 ce
835 3510 933 3574 lepores
949 3510 1054 3562 indicat.

222 3637 433 3704 Hormisda
454 3639 668 3725 episcopus
690 3639 966 3729 Justiniano¹).

154 3759 349 3824 Litterarum
375 3761 552 3823 vestrarum
580 3759 660 3824 serie
692 3758 856 3846 religionis
889 3780 949 3844 ope
980 3761 1121 3846 pollente
1154 3762 1332 3829 devotionis

136 3933 158 4000 ³)
175 3930 195 3984 b
212 3935 324 3995 mune,
341 3928 446 3998 rejecto
464 3927 500 3982 ad
517 3944 596 3982 orum
613 3935 645 3983 de
662 3935 782 3992 emtore,
801 3928 877 3999 quod
894 3945 960 3985 sane
977 3930 1198 4000 praeferendum.

136 4017 159 4083 ⁴)
176 4015 246 4077 bec
260 4013 367 4069 addunt
382 4020 481 4081 scripta
498 4020 646 4074 artemone·
667 4013 716 4069 sed
737 4030 789 4069 uec
810 4012 849 4069 sio
865 4031 916 4070 sua
933 4013 1053 4070 orationi
1073 4016 1200 4072 redditur
1219 4016 1332 4087 integri-

62 4103 121 4157 ras.
158 4098 235 4154 Nihil
252 4098 278 4154 ei
295 4099 396 4166 deerit,
414 4097 437 4153 si
454 4098 576 4168 legatur:
598 4106 663 4154 steen
680 4105 716 4154 ad
733 4119 778 4154 uos
795 4105 849 4169 r'pec
867 4105 989 4154 direxisti
1005 4122 1055 4155 uua
1072 4122 1164 4156 mecum
1181 4110 1206 4156 in
1225 4108 1332 4158 emate

63 4192 181 4241 sentiens
198 4188 251 4240 ete.
285 4184 394 4240 Recolit
411 4183 514 4254 quippe
531 4184 681 4239 Hormisda
696 4183 766 4239 illud
782 4183 916 4239 Johannis
933 4183 1012 4255 epist.
1031 4191 1064 4241 43
1082 4205 1110 4241 n.
1130 4194 1156 4241 1:
1186 4208 1235 4242 une
1253 4200 1331 4242 tecm

64 4277 93 4326 r’n
111 4277 220 4325 mirate
237 4276 361 4337 eenricus,
379 4281 405 4324 et
421 4291 471 4324 um
489 4281 567 4323 tecum
583 4290 694 4339 sperans
711 4276 737 4324 in
754 4277 797 4325 r'llo
814 4275 855 4325 die
871 4290 920 4339 per
937 4274 1003 4325 lanc
1016 4277 1092 4339 fidem
1108 4267 1212 4328 salbari.

137 4358 157 4424 5)
176 4355 220 4409 Ita
236 4354 271 4410 G¹
285 4358 311 4409 0⁶
329 4371 400 4424 seq.,
423 4373 508 4424 quum
530 4357 556 4409 a¹
570 4358 599 4409 a³
615 4362 749 4414 mernere.
788 4354 907 4413 indubie
929 4355 1078 4412 Hormisda
1099 4356 1144 4411 hic
1164 4356 1273 4428 spectat
1294 4356 1330 4412 ad

64 4455 133 4495 mox
150 4439 238 4495 allata
253 4439 387 4496 Johannie
404 4441 502 4495 verba:
519 4459 628 4509 speram
645 4452 693 4495 etc.
728 4440 865 4496 Libellum
883 4441 985 4510 eutem
1003 4441 1050 4510 qui
1068 4443 1097 4496 et
1113 4442 1177 4499 huic
1195 4441 1330 4512 epistolae

65 4525 283 4594 annectebatur,
300 4527 428 4596 repetere
446 4525 512 4581 licet
528 4541 562 4580 ex
580 4524 704 4595 epistolis
723 4532 737 4580 7
755 4529 785 4581 et
801 4532 842 4581 26.

63 4617 101 4667 48
137 4612 158 4679 ¹)
175 4611 219 4665 Ita
236 4610 281 4666 G1.
316 4611 365 4666 Ed.
385 4611 449 4667 add.
469 4617 591 4681 Arpina.
624 4612 665 4667 Ae
682 4627 748 4667 vero
766 4611 884 4682 Augusti
905 4628 1006 4668 nomeu
1021 4611 1177 4669 Justiniano
1195 4613 1255 4668 tum
1272 4628 1329 4669 non

65 4695 248 4767 congruebat.
