3450 5678
682 353 878 405 amasonia
901 343 952 403 38.
976 344 1027 403 39.
1421 339 1485 405 815

304 508 334 572 l.
373 504 487 572 Gratia
509 506 683 572 Salvatoria
712 509 855 574 omniurn
881 510 1027 573 nostrum
1050 506 1171 574 Christi
1192 508 1358 596 immisit²)
1379 509 1484 594 nobis,
1499 520 1614 589 (1511.)

217 608 260 674 ad
280 610 420 674 vestram
441 609 674 674 beatitudinem
694 610 859 695 refugere,
883 609 971 675 velut
991 610 1030 674 de
1051 609 1156 675 bieme
1178 614 1211 674 et
1231 614 1423 696 tempestate
1444 612 1485 676 ad

216 714 346 796 portum
372 710 630 796 tranquillitatis.
680 713 847 777 Admoniti
874 713 1006 776 minime
1039 711 1354 777 circumvallantibus
1388 734 1447 778 nos
1458 715 1483 801 ³)

218 812 456 877 calamitatibus
477 814 581 878 teneri
605 814 675 898 jam
702 814 869 879 eredimus.
918 813 1004 879 Nam
1031 814 1092 878 etsi
1118 813 1275 898 patimur,
1306 815 1484 900 gaudentes

216 915 423 999 sustinemus,
448 916 596 1000 scientes,
620 923 769 997 quianon
783 929 852 982 sant
873 922 1045 995 condignae
1061 923 1217 997 passiones
1237 921 1329 997 bajas
1343 925 1485 998 temporis
1495 894 1578 1031 {iffi

216 1023 261 1083 ad
277 1021 419 1106 [simam
441 1025 587 1097 pieriam,
620 1040 700 1098 qaae
720 1024 901 1084 revelabitur
922 1026 954 1083 in
974 1023 1069 1084 nobis.
1120 1016 1278 1094 Quoniam
1298 1040 1374 1084 vero
1396 1018 1484 1086 Chri·

216 1122 285 1184 stus
306 1119 393 1184 Dens
415 1123 526 1185 noster
547 1121 727 1205 principem
748 1124 913 1205 pastorum
941 1123 974 1184 et
994 1119 1156 1184 doctorem
1184 1123 1217 1185 et
1236 1119 1395 1186 medicum
1416 1123 1484 1187 ani-

216 1243 341 1286 marum
372 1222 540 1287 constituit
566 1223 692 1307 nobis⁴)
721 1225 862 1286 reatum
888 1226 1035 1287 sanctum
1063 1222 1229 1308 angelum,
1263 1221 1398 1308 dignum
1423 1227 1483 1308 est,

215 1325 391 1409 passiones,
415 1346 496 1408 quae
511 1325 605 1389 nobis
621 1324 837 1411 contigerunt,
861 1345 1029 1408 exponere,
1050 1328 1083 1389 et
1096 1324 1362 1390 immisericordes
1377 1330 1483 1391 osten-

216 1426 291 1491 dere
312 1427 415 1511 lupos,
439 1427 493 1510 qui
516 1427 674 1512 dissipant
696 1447 829 1512 gregem
851 1424 984 1491 Christi:
1013 1428 1049 1490 ut
1072 1427 1273 1491 auctoritatis
1295 1426 1408 1492 baculo
1429 1449 1482 1493 eos

216 1527 357 1613 expellat
378 1528 417 1592 de
439 1528 543 1594 medio
565 1529 687 1614 ovium,
719 1528 815 1593 verbo
842 1531 950 1592 autem
976 1527 1140 1593 doctrinae
1168 1530 1308 1594 animam
1335 1532 1429 1594 sanet
1450 1533 1484 1595 et

216 1631 370 1695 orationis
392 1630 635 1695 medicamentis
656 1630 795 1715 mitiget.

299 1732 331 1799 2.
368 1730 430 1808 eui
452 1735 560 1797 autem
581 1733 648 1797 sint
668 1732 739 1815 isti,
768 1735 802 1796 et
828 1732 883 1817 qui
909 1731 968 1796 hos
996 1732 1162 1797 adversum
1188 1755 1248 1799 nos
1275 1735 1480 1819 armaverint,

215 1834 351 1900 audistis
372 1835 492 1919 utique,
517 1834 709 1900 beatissimi:
742 1832 909 1921 severusc)
937 1833 992 1897 ille
1014 1838 1047 1898 et
1068 1832 1198 1919 Petrus,
1232 1836 1288 1920 qui
1317 1859 1482 1922 nunquam

215 1938 251 2002 in
273 1936 457 2004 Christiano
478 1959 611 2002 numero
633 1936 773 2021 reputati
795 1939 886 2019 sunt,
920 1935 975 2020 qui
1002 1957 1061 2020 per
1081 1936 1225 2022 singulos
1240 1924 1314 2002 ¹dies
1336 1944 1481 2005 sancum

216 2037 510 2105 Calchedonensem
538 2039 693 2124 synodum
727 2038 1026 2122 sanctissimumque
1054 2040 1087 2101 et
1113 2038 1331 2104 beatissimum
1356 2045 1482 2125 patrem

215 2144 361 2206 nostrum
374 2140 514 2207 Leonem
535 2141 664 2227 publico
687 2139 892 2205 anathemate
914 2138 1105 2224 impetentes
1113 2141 1151 2226 8),
1174 2143 1229 2225 qui
1247 2141 1403 2224 judicium
1421 2143 1481 2209 Dei

215 2242 298 2308 nihil
320 2246 528 2309 aestimantes
550 2248 583 2308 et
605 2242 753 2308 colendos
776 2263 914 2307 mnonea
936 2244 1121 2306 sanctorum
1142 2246 1271 2327 patrum
1292 2244 1481 2310 considean-

216 2448 301 2504 etiam
326 2449 483 2504 iohannem
508 2447 603 2517 regiae
629 2447 706 2502 urbis
733 2445 893 2517 episcopum
920 2445 950 2499 in
975 2446 1045 2501 actis
1067 2449 1219 2502 conventus
1242 2446 1482 2520 Constantinopoli

216 2551 288 2590 anno
301 2540 350 2589 118
367 2533 469 2602 habiti,
486 2533 599 2588 insertis
617 2532 732 2588 concilio
747 2530 1055 2601 Constantinopolitano
1064 2532 1124 2609 ,sub
1136 2531 1220 2587 Mena
1231 2536 1285 2588 aot.
1298 2533 1324 2588 V
1336 2534 1432 2602 (Hard.
1444 2535 1480 2605 11,

218 2623 308 2689 1317),
323 2624 499 2689 patriarcham
517 2625 698 2674 oecasaenicunr
715 2616 839 2672 vocitari.

283 2706 304 2773 ²)
322 2703 395 2758 Illud
411 2709 510 2758 immisit
528 2708 610 2766 notis,
629 2703 704 2772 quod
722 2706 763 2757 est
780 2708 881 2756 induxit
901 2723 947 2758 nos
964 2719 1012 2757 seu
1028 2706 1252 2771 persuasissetis,
1271 2702 1407 2760 Batonius
1418 2723 1481 2777 sup-

215 2788 330 2860 pressit,
353 2788 522 2843 substituens
539 2788 599 2857 ejus
620 2788 681 2842 loco
704 2788 792 2841 solum
815 2807 873 2851 nos,
900 2787 1122 2854 vocabulumque
1144 2779 1311 2843 antecedens
1337 2797 1422 2860 prauo
1444 2791 1481 2845 ad

216 2874 387 2944 subsequens
404 2879 525 2928 canonia·
540 2872 656 2943 perinde
673 2875 771 2941 refert,
789 2890 823 2928 ac
840 2872 864 2927 si
881 2871 1033 2942 legaretur,
1051 2879 1270 2942 admaittpratia
1282 2878 1423 2930 Sannoi-is
1435 2896 1481 2931 nos

215 2965 252 3015 ad
267 2971 377 3015 cestram
394 2970 443 3014 etc.

283 3048 305 3115 ³)
324 3048 350 3099 c⁷
367 3061 425 3114 seq.
444 3044 532 3098 omitt.
552 3066 598 3100 nos
615 3049 806 3103 calamitatibus.

284 3132 306 3196 ⁴)
325 3128 361 3183 G¹
379 3151 438 3198 nos,
456 3130 524 3184 bec
541 3150 585 3184 vos
603 3141 636 3186 et.
675 3130 782 3184 Eodem
805 3130 888 3185 modo
906 3129 980 3184 infra
994 3147 1021 3185 n.
1040 3136 1056 3185 b
1073 3128 1158 3184 iidem
1176 3127 1238 3199 Syri
1256 3131 1347 3200 ajunt:
1370 3137 1407 3186 ad
1420 3152 1480 3201 per-

213 3221 308 3282 fectam
325 3226 407 3269 autem
426 3221 538 3269 notitiam
556 3217 621 3283 (non
640 3214 736 3269 addito
754 3227 861 3269 cestram
879 3218 915 3284 et)
934 3222 1013 3270 vestri
1029 3221 1113 3282 sancti
1128 3221 1221 3284 capeti.
1247 3214 1382 3270 Similiter
1398 3216 1480 3271 Just-

214 3300 314 3354 nianus
331 3316 424 3355 eomes
442 3316 484 3369 ep.
505 3306 536 3355 78
553 3317 579 3354 n.
599 3308 612 3353 1
632 3299 742 3354 scribit:
761 3307 797 3355 ad
813 3307 927 3368 anpeiarn
943 3312 1051 3356 sesama
1068 3305 1125 3355 ttae
1143 3306 1313 3366 discedentes,
1332 3316 1389 3354 non
1401 3318 1481 3371 praa-

215 3384 300 3439 misso
318 3391 354 3440 ad
369 3405 413 3440 cos
430 3395 464 3439 et.
494 3385 520 3438 is
538 3385 670 3453 loquendi
687 3385 786 3440 modus
798 3384 896 3439 nititur
908 3384 1069 3456 apocalypsi
1084 3390 1108 3452 2,
1120 3392 1191 3455 laq,
1209 3384 1257 3440 ubi
1268 3386 1409 3441 lohannes
1423 3386 1481 3455 jus

215 3488 261 3525 sus
279 3470 400 3524 scribere
418 3471 525 3540 septem
544 3470 665 3524 ecclesiis
683 3470 780 3524 scribit
792 3479 881 3541 anpeio
900 3476 999 3540 Episesi
1016 3478 1146 3526 ecciesiae.

283 3559 305 3625 ⁶)
324 3555 441 3609 Severus
457 3555 504 3610 ille
521 3555 551 3608 in
567 3555 781 3622 Antiochenam,
798 3556 897 3610 Petrus
914 3557 1008 3610 autem
1018 3554 1049 3609 in
1059 3556 1234 3627 Apamenam
1244 3555 1385 3612 invaserat
1396 3557 1480 3613 eccle-
1517 3619 1522 3630 ι

215 3641 294 3696 siam
340 3641 489 3709 Utriusque
515 3640 650 3695 nefariam
677 3641 764 3695 vitam
793 3641 985 3712 perstringunt
1011 3640 1148 3711 Apameni
1171 3640 1300 3696 monachi
1327 3642 1357 3696 in
1384 3642 1480 3698 libello

216 3725 357 3781 achoniV
375 3725 483 3780 eoncihi
501 3724 740 3796 Constantinopoli
762 3727 814 3780 sub
831 3726 914 3782 Mena
930 3725 1021 3781 habiti
1038 3725 1134 3792 (Hard.
1152 3725 1189 3793 ΙΙ,
1209 3733 1273 3781 1381
1285 3729 1338 3796 sq.)
1364 3726 1479 3782 inserto.

215 3810 253 3865 Hi
268 3810 513 3881 pseudoepiscopi,
536 3811 661 3879 quamvis
682 3810 720 3866 ad
736 3811 877 3866 vexandos
895 3810 1047 3866 catholicos
1067 3810 1097 3864 in
1114 3827 1200 3864 anum
1218 3810 1434 3879 consentientes,
1450 3813 1481 3868 in

216 3895 345 3951 eamdem
360 3899 456 3951 tamen
474 3896 641 3951 renuntiem
663 3896 776 3952 minime
798 3895 1003 3967 conspirabant.
1044 3894 1125 3950 Certe
1147 3895 1263 3950 Sevenn
1280 3897 1395 3952 Petrum
1416 3915 1481 3954 ana-

215 3981 341 4036 themate
367 3980 483 4050 dignm
504 3982 630 4052 profiteri
655 3998 711 4037 non
737 3982 898 4048 dubitabat,
927 3983 958 4034 ut
980 3998 1014 4034 ex
1030 3980 1162 4036 Liberata
1189 3998 1249 4052 cap.
1274 3988 1306 4037 to
1331 3983 1479 4053 colligitur.

215 4064 311 4120 Verba
333 4065 393 4135 ejus
417 4066 483 4134 quia
504 4066 533 4119 in
555 4067 676 4137 vulgatis
698 4068 833 4122 mendosa
854 4066 932 4133 sunt,
954 4082 969 4120 e
988 4065 1151 4134 Corbejensi
1173 4066 1325 4137 exemplari
1347 4069 1481 4124 axscnbo.

216 4152 338 4215 Seuerus,
360 4150 464 4220 inquit,
486 4157 544 4206 darn
565 4159 669 4207 sederet
689 4160 762 4222 prius
785 4159 810 4207 in
827 4157 981 4207 monasterio
1003 4155 1108 4212 Hiberi,
1131 4171 1182 4206 non
1199 4157 1354 4221 amciptetct
1372 4158 1481 4209 Zenonis

216 4242 394 4298 edictummec
414 4242 519 4292 Petrum
541 4242 706 4307 Monponerne
733 4245 824 4293 ddndc
846 4242 939 4292 sedens
965 4242 992 4290 in
1018 4240 1117 4290 abbatis
1139 4239 1246 4292 hmani
1266 4247 1292 4291 et
1313 4242 1416 4293 Manae
1439 4245 1482 4308 qai

215 4334 358 4391 amoenus
373 4328 424 4389 sicit
440 4330 605 4387 monasterio,
629 4337 654 4379 et
672 4330 766 4378 exinde
784 4330 872 4378 oriam
889 4334 928 4377 cst
945 4341 1098 4391 permanere
1115 4325 1358 4391 Constantinopolim
1378 4331 1481 4392 apocri-

215 4413 324 4473 narius,
348 4421 374 4464 et
391 4416 424 4476 fit
439 4414 508 4463 inter
529 4429 585 4477 eos,
609 4415 653 4478 qui
668 4415 743 4464 Petri
759 4413 852 4478 Monpi
868 4420 950 4468 nant.
977 4413 1090 4478 Donaque
1108 4412 1265 4476 objiceretur
1282 4414 1316 4463 ei:
1340 4415 1481 4478 ,quomodo

215 4499 290 4562 prtia
305 4498 537 4549 amttematizatas
554 4500 696 4549 Petron?“
716 4498 831 4549 dicebat:
855 4500 935 4565 „quia
951 4499 1055 4548 Patrios
1072 4499 1282 4549 anathematizavi
1298 4499 1482 4562 Apamensem

216 4577 273 4634 Sed
290 4580 319 4635 et
336 4580 401 4634 hinc
418 4596 448 4634 se
466 4578 566 4632 nullius
584 4578 648 4634 fidei
667 4579 803 4635 exstitisse
821 4580 968 4651 prodebat.

284 4666 306 4733 ⁰)
324 4664 432 4719 Graeca
449 4664 558 4734 phrasis
576 4664 642 4719 dum
660 4665 808 4732 retinetur,
826 4666 951 4721 nonnihil
968 4665 1013 4720 hic
1031 4666 1127 4722 deesse
1144 4665 1255 4721 udatur
1273 4664 1399 4721 orationi.
1435 4666 1480 4722 In-

216 4751 299 4819 tegra
316 4751 411 4804 autam
429 4749 495 4817 erit,
513 4749 536 4804 si
553 4753 663 4804 tantum
680 4753 844 4821 reponatur:
863 4757 988 4821 inpetunt
1056 4756 1158 4820 saciant
1170 4757 1286 4807 centeri
1353 4756 1481 4822 asflipant.

216 4833 289 4889 Hinc
304 4834 481 4906 perspicuum
494 4838 548 4903 est,
566 4853 622 4890 non
639 4836 870 4893 archimandritas
887 4836 961 4891 solos
978 4853 1041 4891 cum
1052 4836 1206 4906 monachis,
1224 4837 1274 4895 sed
1291 4838 1320 4893 et
1336 4837 1482 4892 nonnullos

215 4919 316 4975 sutem
333 4921 478 4992 episcopos
495 4922 632 4976 secundae
650 4920 747 4992 Syriae
764 4923 969 4993 hcephslorum
988 4922 1210 4978 communionem
1228 4922 1392 4993 declinasse,
1409 4923 1480 4980 adeo
