3450 5678
573 337 773 388 rsacrarns
796 339 842 386 1v.
1280 327 1343 391 559

70 492 283 575 dictumest,
307 492 397 556 sedes
421 491 596 575 apostolica
619 513 685 556 non
708 492 844 575 recepit,
874 493 949 575 quia
971 513 1052 576 quae
1074 493 1251 578 privilegiis
1272 497 1342 559 uni-

70 595 204 659 versalis
227 593 391 658 Ecclesiae
413 593 575 658 contraria
597 593 784 677 probantur,
809 593 898 656 nulla
921 593 1046 657 ratione
1068 595 1292 679 subsistunt).

155 697 187 760 2.
226 694 309 771 Quid
331 694 443 760 enim?
481 693 563 770 Quia
585 695 620 759 in
641 695 732 759 libris
754 697 891 778 sanctia,
921 717 1000 780 quos
1023 696 1131 780 utique
1153 717 1343 761 veneramur

71 801 103 861 et
125 799 300 883 sequimur,
323 799 474 882 quoniam
496 796 705 881 quorumdam
727 796 794 861 illic
817 801 849 861 et
870 798 1084 881 profanitates
1100 819 1168 862 esse
1183 798 1341 880 feruntur,

69 903 102 964 et
124 901 250 964 scelera
271 904 364 986 gesta
386 902 576 982 narrantur,
600 899 671 963 ideo
694 898 785 962 uobis
808 899 930 982 pariter
951 900 1060 963 omnia
1081 905 1138 964 aut
1160 903 1343 965 veneranda

62 1005 147 1066 sunt
170 1005 227 1067 aut
249 1002 427 1086 sequenda,
457 1000 532 1086 quia
554 1001 588 1064 in
610 1000 675 1065 illis
698 1002 819 1065 sanctis
842 1002 932 1066 libris
955 1005 988 1065 et
1010 1002 1245 1067 venerabilibus
1269 1025 1342 1068 eon-

56 1100 242 1166 tinentur?
285 1103 422 1168 Sanctus
444 1103 563 1168 Petrus.
581 1103 702 1187 primus
725 1104 950 1188 apostolorum,
981 1104 1026 1167 sic
1049 1104 1236 1168 existimans
1258 1103 1341 1170 Novi

52 1204 270 1270 Testamenti
294 1205 433 1290 gratiam
454 1206 718 1289 praedicandam,
749 1208 786 1269 ut
808 1228 826 1269 a
849 1205 930 1290 legis
953 1206 1070 1269 veteris
1091 1229 1158 1270 non
1180 1207 1342 1271 recederet

41 1307 240 1392 institutis,
264 1292 420 1391 quaedam
442 1330 499 1393 per
521 1308 757 1372 simulationem
779 1307 899 1392 legitur
920 1310 1006 1372 inter
1027 1308 1167 1373 Judaeos
1189 1306 1341 1393 gentiles·
1360 1304 1458 1424 iifl-tt·

32 1431 130 1496 que
153 1410 309 1495 gessisse:
332 1411 487 1496 numquid
508 1410 578 1474 ideo
601 1413 657 1474 aut
677 1410 734 1474 illa
756 1410 824 1494 ejus
846 1412 1007 1495 sequenda
1023 1416 1109 1493 sunt,
1132 1432 1212 1494 quae
1227 1411 1342 1474 meriti
1359 1379 1413 1424 Μ’
1439 1380 1475 1425 ω’

23 1513 99 1579 ct
130 1513 334 1597 coapostolus
362 1513 464 1598 ejusl)
492 1513 580 1577 facta
608 1513 774 1596 redarguit
807 1516 841 1576 et
868 1516 979 1598 postea
1009 1517 1240 1598 consequenter
1272 1514 1341 1597 ipse

17 1611 202 1698 vitavit,
236 1615 418 1698 pariterque
447 1615 642 1679 adsumenda
670 1619 746 1679 sunt
772 1637 844 1679 cum
870 1614 936 1699 his,
966 1637 1047 1700 quae
1080 1619 1192 1699 utpote
1220 1615 1341 1699 primus

10 1716 235 1798 apostolus
257 1716 397 1780 salubria
418 1716 639 1800 praedicavit?
671 1716 910 1800 Numquidnam
933 1721 989 1781 aut
1007 1717 1075 1799 ejus
1090 1721 1180 1781 recta
1195 1718 1341 1782 doctrina

10 1838 142 1891 cum
163 1817 226 1903 his,
250 1840 332 1904 quae
354 1818 538 1883 humanitus
561 1819 755 1903 acciderant,
779 1819 976 1903 repudianda
998 1821 1057 1902 est,
1081 1823 1138 1883 aut
1159 1819 1215 1883 illa
1237 1820 1340 1884 adhuc

10 1918 241 2000 inbecillis
262 1920 391 1985 inscitia
414 1944 485 1986 cum
506 1922 651 2006 perfecta
673 1923 741 2005 ejus
757 1921 960 2005 suscipienda
976 1921 1122 1985 doctrina
1137 1922 1208 1985 est?
1241 1921 1340 1987 Num-

10 2054 72 2115 [ι
85 2020 223 2087 midnam
245 2022 280 2087 in
302 2023 444 2107 ipsorum
454 2025 492 2110 ¹⁰)
516 2023 747 2089 haeretieorum
769 2023 860 2087 libris
878 2046 943 2088 non
959 2023 1071 2106 multa,
1094 2045 1175 2107 quae
1198 2025 1239 2088 ad
1261 2024 1340 2088 veri-

10 2123 171 2200 tatem
192 2125 389 2209 pertineant,
417 2126 522 2209 posita
545 2125 755 2211 releguntur?
798 2125 1038 2210 Numquidnam
1060 2127 1131 2190 ideo
1153 2128 1271 2191 veritas
1292 2149 1339 2190 re-

10 2224 207 2299 futanda
229 2230 289 2310 est,
313 2228 388 2311 quia
409 2228 536 2293 illorum
557 2229 642 2312 libri,
671 2230 725 2293 ubi
747 2228 937 2315 pravitas¹¹)
961 2230 1105 2312 interest,
1135 2228 1341 2293 refutantur?

10 2330 138 2397 Aut
160 2329 233 2393 ideo
253 2329 346 2414 pravi
369 2329 442 2394 libri
465 2331 659 2415 suscipiendi
682 2335 758 2396 sunt
780 2353 898 2414 eorum,
922 2332 997 2417 quia
1021 2332 1147 2415 veritas,
1171 2354 1252 2416 quae
1275 2332 1341 2397 illic
1357 2383 1473 2437 rThess.

10 2434 192 2496 inserta
214 2435 273 2515 cst,
297 2454 364 2496 non
385 2433 547 2517 negatur?
580 2434 638 2498 Ait
660 2433 836 2518 apostolus:
862 2438 968 2497 Omrie'u
986 2440 1132 2513 probate,
1163 2456 1242 2514 quae
1263 2440 1340 2499 tona
1376 2459 1445 2515 5‚·,›1‚

10 2543 135 2594 :mu
163 2545 270 2599 tenete.
316 2533 440 2600 Scimus
467 2535 647 2619 apostolum
680 2536 777 2599 etiam
806 2537 844 2599 de
877 2558 1079 2621 paganorum
1110 2536 1200 2600 libris
1234 2535 1341 2620 aliqua
1363 2522 1422 2573 ‘³⁰¹'-

10 2635 228 2700 mouisse:
251 2637 403 2722 numquid
427 2638 498 2701 ideo
521 2638 619 2702 etiam
642 2643 758 2702 cuncta
780 2638 964 2721 recipienda
982 2642 1068 2720 sunt,
1093 2661 1174 2721 quae
1197 2661 1267 2701 cum
1290 2638 1340 2701 his

10 2734 192 2803 ’ariter
214 2743 291 2803 sunt
312 2738 506 2823 prolata¹²)‘?
535 2740 607 2824 lpse
623 2741 784 2825 apostolus
801 2743 848 2804 ait
862 2741 979 2804 multos
995 2740 1230 2824 praedicatores
1247 2740 1340 2803 aliter
1358 2725 1427 2778 l'hll·

1355 2595 1440 2653 ines

1353 2811 1361 2853 l
1384 2809 1455 2855 loss.

10 2830 165 2918 *tque
178 2841 274 2905 aliter
285 2840 448 2906 Christum
462 2844 662 2926 praedicare:
685 2844 740 2907 ubi
751 2844 788 2929 ¹³)
804 2848 925 2926 tamen,
948 2842 1024 2905 licet
1034 2864 1222 2926 quocunque
1235 2841 1338 2924 ruodo,
1369 2843 1374 2867 ²

17 2927 233 3007 ‘hristum
255 2944 473 3028 praedicatum
489 2949 616 3029 oportet
632 2946 769 3028 admitti,
793 2948 903 3009 tamen
925 2967 991 3007 non
1014 2944 1084 3008 ideo
1101 2943 1191 3007 illuni
1207 2966 1337 3026 morem,

10 3049 107 3138 [¹10
152 3067 219 3110 non
241 3050 328 3111 recte
349 3048 569 3132 praedicatimr
591 3052 650 3130 est,
674 3069 740 3111 non
763 3047 913 3111 admonet
935 3047 1065 3110 evitare.
1105 3045 1207 3108 Malos
1229 3068 1338 3130 opera-

10 3148 109 3201 103
140 3148 216 3232 ipse
233 3150 448 3235 conqueritur,
465 3173 597 3235 quorum
615 3150 678 3214 alia
693 3150 874 3233 refutanda,
899 3150 962 3214 alia
979 3150 1071 3213 docet
1092 3171 1159 3212 esse
1175 3149 1336 3212 sectanda.
1352 3145 1444 3240 ‘¹0⁰1'-
1497 3176 1499 3181 ·

10 3227 160 3341 laec
182 3254 216 3314 et
237 3252 416 3335 hujusmodi
441 3254 587 3337 exempla
609 3276 667 3317 nos
690 3252 825 3317 edocent
853 3256 885 3316 et
913 3252 1100 3316 testimonia
1129 3251 1237 3314 divina
1266 3224 1458 3313 con-³³⁹⁸*

10 3351 209 3437 lrfflant,
232 3376 298 3418 non
321 3356 430 3419 omnia
451 3356 570 3440 prassini
594 3378 613 3418 a
634 3378 821 3440 quocunque
844 3355 930 3418 dicta
953 3355 1002 3417 vel
1022 3354 1203 3437 ubicunque
1218 3355 1338 3437 scripta

10 3439 291 3520 “differenter
313 3459 470 3543 accipere,
495 3460 550 3523 sed
572 3460 706 3522 retentis
729 3459 832 3541 bonis,
857 3479 939 3542 quae
961 3460 1101 3520 noceant
1123 3456 1272 3519 refutare.

148 3560 182 3624 3.
227 3559 394 3626 Peccatori
425 3561 546 3626 homini
579 3585 664 3627 mors
697 3563 789 3626 illata
817 3564 881 3645 cst,
915 3565 947 3624 ct
974 3559 1088 3624 tamen
1111 3558 1233 3622 homini
1260 3558 1336 3622 Jcsu

27 3735 81 3749 wa*

84 3748 373 3771 N-——um—

60 3877 63 3880 ’
107 3880 156 3949 ⁸)
175 3885 218 3941 lta
234 3904 299 3942 msa.
320 3890 349 3940 et
366 3887 394 3940 (11
408 3886 446 3941 d².
482 3887 536 3941 Alii
553 3895 668 3944 metiret.
710 3888 775 3941 Mox
794 3888 821 3941 d¹
842 3889 940 3941 contra
957 3905 1019 3941 mss.
1038 3892 1165 3956 sequimur
1182 3892 1337 3954 piternnatam

10 3954 208 4026 7Ἰωῖὶιιιεε
226 3993 291 4026 esre.

39 4116 49 4127 ,
106 4048 154 4119 ⁸)
175 4056 202 4112 (1Ι
222 4057 303 4112 addit
320 4064 424 4122 Paulae,
443 4063 472 4113 et
490 4062 588 4129 postea
605 4065 742 4114 sulubriter
766 4059 837 4127 (loco
854 4061 986 4126 calcitris).
1027 4057 1135 4111 lbirlem
1153 4059 1179 4110 al
1194 4075 1228 4111 cc
1246 4063 1336 4111 redur·
1389 4047 1393 4054 ¹

10 4125 69 4166 m
104 4152 227 4198 Dorica
244 4158 430 4215 consequenter
447 4152 516 4214 ipsu,
544 4149 573 4200 ct
590 4146 618 4199 d¹
633 4147 662 4198 ,p
680 4157 724 4199 crat
740 4152 852 4213 pariter,
881 4145 916 4196 l)⁹
935 4149 1044 4212 pariter.
1087 4143 1193 4195 Deinde
1214 4143 1248 4195 [p
1266 4156 1337 4196 reeta

10 4206 114 4263 ⁰00
150 4233 296 4300 persecu).

104 4303 168 4381 ω)
185 4315 212 4368 (ΙΙ
232 4323 305 4385 ipsis,
322 4331 443 4386 moxque
463 4316 491 4369 [1²
508 4323 648 4386 pertinent.

104 4387 123 4420 ¹
137 4396 169 4466 ⁸)
186 4403 212 4455 α’
226 4403 252 4455 c²
264 4419 321 4471 seq.
341 4409 458 4471 prauitas
475 4409 548 4463 inest,
570 4403 608 4456 Nl
619 4402 643 4455 D
656 4402 696 4454 F¹¹¹
710 4401 737 4455 (1Ι
751 4401 781 4454 cll
797 4405 1056 4470 praemonstrares!
1080 4397 1278 4467 (Dliuteresse),
1302 4399 1336 4450 (lt

130 4493 396 4551 neustrasiorum,
417 4486 433 4542 i.
449 4505 471 4542 e.
491 4488 653 4542 intermixta
671 4490 713 4541 est
732 4485 851 4541 veritali.

10 4630 12 4641 Ι
104 4559 169 4637 ¹²)
185 4572 220 4625 I)²
232 4573 269 4626 Ι)9
281 4573 309 4626 (1Ι
328 4580 426 4632 relata.-
444 4574 542 4628 melius
555 4575 601 4628 alii
613 4581 716 4642 prolata
734 4572 839 4626 scilicet
855 4572 883 4625 in
901 4572 934 4627 iis
951 4572 1037 4638 libris,
1055 4590 1088 4626 cx
1107 4570 1207 4640 quilius
1225 4572 1336 4639 apiosto-

10 4631 44 4669 ’Β
84 4655 265 4713 quaedam
282 4658 311 4710 in
329 4658 383 4712 suis
401 4659 511 4728 scriptis
528 4660 629 4729 posuit.

111 4730 172 4807 ¹³)
188 4743 231 4797 lla
248 4746 271 4797 θ’
283 4743 313 4796 (1²
331 4762 393 4798 curn
406 4763 483 4811 mss.;
502 4745 529 4797 cl'
544 4750 585 4799 redi
602 4751 660 4799 licet
678 4751 747 4799 (licut
765 4765 911 4814 prioremque
929 4750 1001 4798 inodo
1021 4750 1144 4798 Christum
1160 4748 1335 4810 praedicatum

10 4800 191 4882 'onere
208 4836 317 4894 admitti,
342 4854 391 4886 riou
413 4838 470 4886 ideo
494 4845 575 4887 amireo
649 4839 733 4888 uitari.
773 4829 879 4884 Ibidem
902 4832 926 4882 c¹
956 4830 1067 4883 sustulit
1092 4828 1257 4897 particulam
1285 4850 1335 4881 vion

134 4918 267 4975 verbum
283 4925 411 4988 admonet,
430 4936 485 4971 non
502 4921 611 4973 mutato
629 4937 719 4985 sensu,
737 4917 760 4968 si
777 4917 911 4986 sequatur
928 4918 1061 4984 punctum
1079 4912 1286 4981 interrogantis.

30 4462 96 4509 αἱ
