3412 5664
698 343 896 391 ucrsrouan
919 331 969 391 ts.
1422 333 1464 398 57

210 508 399 582 Spiritrsancto
405 502 522 566 exhibet,
530 504 595 560 nihil
602 503 729 560 curanda.
741 503 806 559 Nam
813 505 869 579 ipsa
880 506 1057 579 inscriptione
1064 503 1109 578 (cf.
1118 505 1224 581 pag.55
1232 505 1322 579 nond)
1330 508 1464 582 proditur,

208 593 278 650 illud
288 591 387 647 nonnisi
403 589 584 665 fragmentum
601 589 734 664 longioris
749 588 850 645 decreti
865 607 934 654 esse,
951 592 1021 646 etin
1037 593 1154 665 genuina
1172 591 1258 647 forma
1275 593 1404 666 quaedam
1420 594 1465 649 ad·

209 678 268 735 dita
279 676 362 732 fuisse.
392 674 446 731 Nec
461 674 548 730 ullum
563 673 724 748 scrupulum
740 676 833 747 quinta
849 674 935 731 forma
949 684 1052 737 movet,
1069 677 1213 749 quominus
1229 693 1289 732 cum
1306 673 1465 735 Constantio

209 779 268 819 mr
281 759 429 816 llormisdae
444 758 605 816 tribuamus.
635 758 726 815 Omnis
738 761 822 833 igitur
836 758 980 816 difficultas
997 763 1024 816 in
1040 760 1125 816 forma
1141 769 1235 834 quarta
1251 769 1280 817 ct
1291 771 1366 818 sexta
1376 766 1466 837 posita

212 856 263 911 ια,
275 854 327 901 utra
341 861 433 901 mrum
448 847 540 919 potius
557 845 662 900 Gelasio
677 842 862 900 adscribenda.
884 845 1001 901 Primum
1018 847 1040 900 si
1056 845 1232 902 conferantur
1247 847 1369 902 codicum
1386 848 1465 904 alter·

217 942 292 989 atram
311 929 423 986 formam
439 929 624 1005 praebentium
640 930 831 990 auctoritates.
853 929 960 984 codices
981 938 1093 1005 (quartae
1116 929 1217 1004 formae
1240 934 1282 987 vir
1302 948 1465 990 concurrere
1498 1001 1502 1006 Χ

220 1023 323 1093 pussant.
357 1013 452 1071 Solum
468 1013 655 1070 Florentinum
676 1032 699 1069 s.
716 1014 795 1069 llarci
810 1015 946 1088 exemplar·
966 1032 979 1069 a
996 1014 1141 1070 blanchino
1162 1015 1262 1071 editum
1279 1016 1392 1088 alicujus
1408 1034 1465 1073 mo·

225 1102 287 1158 aun
299 1116 358 1155 asse
372 1099 489 1156 ridetur.
520 1099 573 1155 Sed
589 1098 663 1174 quod
679 1097 714 1155 ibi
730 1098 867 1154 decretum
883 1099 996 1155 divisum
1013 1098 1076 1171 (tab.
1094 1115 1120 1155 n.
1129 1098 1168 1170 4),
1185 1107 1213 1155 ct
1228 1103 1313 1174 priori
1328 1104 1398 1175 parti
1413 1103 1463 1158 sub

227 1186 302 1242 baasi
321 1186 429 1240 nomine
451 1201 481 1240 ca
496 1186 636 1259 inscriptio
650 1184 775 1257 imposita
791 1191 846 1242 est.
869 1201 937 1257 quae
954 1184 1008 1256 jam
1029 1185 1173 1240 secundam
1195 1184 1245 1241 sibi
1267 1195 1295 1241 et
1315 1188 1398 1260 ipsam
1419 1188 1464 1243 ad-

232 1269 337 1327 serendam
352 1270 475 1344 postulet
490 1268 574 1342 (conf.
592 1276 649 1325 not.
659 1267 703 1339 6).
726 1268 796 1324 haud
818 1278 919 1325 temere
935 1271 1052 1342 suspicio
1069 1269 1157 1339 adest,
1180 1286 1234 1325 non
1256 1273 1406 1344 primariam
1427 1271 1463 1328 ibi

234 1357 313 1412 lunam
332 1353 468 1429 praeberi.
490 1355 536 1410 sed
559 1355 748 1411 correctricem
770 1370 875 1409 manum
897 1372 911 1409 a
933 1354 1040 1411 librario
1062 1354 1205 1427 exemplari
1220 1372 1270 1410 suo
1287 1355 1420 1413 admotam
1436 1365 1463 1412 ct

234 1441 341 1517 guuirmn
356 1439 470 1496 formam
487 1439 704 1496 transformatam
716 1455 785 1494 csse.
807 1439 858 1494 dlii
870 1448 933 1495 sunt
943 1441 1076 1514 sequioris
1089 1439 1188 1495 ordinis
1201 1448 1230 1496 et
1241 1443 1335 1497 aetatis
1346 1441 1462 1503 codices,
1535 1433 1537 1439 ’

235 1525 384 1600 qdddelicct
398 1533 462 1599 post
472 1523 725 1581 Pseudo-isidorum
737 1532 864 1599 excerpta
877 1525 1055 1599 undequaque
1067 1532 1279 1600 congesserunt:
1295 1527 1387 1600 quales
1399 1535 1463 1583 sunt

234 1611 319 1666 tatiani
335 1610 425 1671 1339.
443 1609 533 1671 1340.
551 1609 642 1673 1349,
658 1609 774 1665 Vatican.
791 1610 926 1666 Palatinus
942 1609 1012 1673 584,
1027 1610 1148 1667 Venetus
1163 1628 1186 1666 s.
1202 1609 1281 1667 Marci
1297 1611 1365 1675 169,
1382 1612 1463 1667 Valli·

234 1694 413 1756 callanusXVlll.
429 1695 609 1751 burchardus.
631 1694 681 1764 Qui
694 1695 773 1751 simul
791 1697 887 1770 partim
901 1696 1085 1752 recensionem
1102 1694 1259 1752 llormisdae
1271 1696 1462 1771 exemplarium

233 1787 297 1855 perte
321 1780 452 1854 produnt,
488 1782 515 1835 in
544 1797 647 1837 canone
676 1780 824 1837 divinarum
853 1783 1046 1853 scripturarum
1077 1782 1220 1837 lobannis
1252 1785 1376 1854 apostoli
1402 1787 1461 1855 epi-

233 1868 296 1922 adas
308 1859 381 1938 111¹)
403 1864 552 1923 scribentes
574 1882 604 1921 ac
625 1866 721 1922 deinde
742 1866 897 1940 particulam
918 1868 953 1922 dc
974 1869 1083 1939 synoda
1099 1866 1418 1939 Constantinopolitano
1435 1877 1462 1923 et

234 1943 436 2023 incautam)
457 1950 599 2014 addentem
631 1953 727 2025 partim
748 1952 798 2025 ipsi
820 1951 949 2007 librorum
970 1952 1150 2025 genuinorum
1168 1949 1246 2007 fidem
1263 1952 1461 2026 quodammodo

232 2043 311 2098 adut,
325 2053 405 2110 quum
421 2052 552 2092 canonem
567 2039 715 2110 scripturae
730 2053 821 2092 sacrae
837 2037 948 2110 proprio
963 2036 1044 2092 titulo
1060 2052 1074 2091 a
1089 2038 1214 2110 sequenti
1230 2036 1330 2093 decreti
1345 2053 1461 2111 corpore

232 2112 309 2195 μί’)
326 2120 487 2177 discemant.
533 2120 704 2196 Quapropter
725 2120 791 2177 fides
806 2123 927 2196 ipsorum
939 2120 994 2192 jam
1010 2139 1059 2195 per
1074 2138 1104 2177 se
1119 2121 1195 2177 valde
1211 2121 1329 2178 sublesta
1344 2130 1372 2178 et
1383 2122 1461 2178 vacil-

232 2205 274 2261 lns
283 2205 519 2280 probatissimorum
534 2207 655 2264 codicum
666 2209 838 2263 auctoritates
852 2208 958 2263 minime
970 2205 1129 2263 labefactare
1140 2214 1240 2281 potest,
1256 2209 1337 2264 immo
1352 2207 1391 2263 his
1403 2209 1461 2281 ipsa

232 2290 298 2363 palas
309 2294 416 2365 prorsu's
432 2291 592 2349 destruitur.
623 2291 695 2347 Unus
710 2291 853 2366 scrupulus
870 2300 1003 2354 remanet,
1027 2292 1114 2365 quud,
1136 2293 1159 2348 si
1179 2292 1296 2348 secunda
1312 2292 1397 2348 forma
1413 2292 1460 2347 lla·

232 2390 286 2430 nro
296 2383 361 2432 mata
377 2376 485 2433 Gelasio
500 2377 663 2438 vindicetur,
686 2376 807 2433 Gelasius
828 2378 905 2433 initio
921 2377 1072 2451 longiorem
1088 2376 1229 2451 periodum
1245 2376 1459 2451 praedecessoris

232 2461 314 2516 &aaa
327 2473 473 2518 memorato
497 2461 555 2534 ejus
577 2464 684 2518 nomine
700 2464 841 2536 repetiisse
857 2462 974 2525 videtur,
1001 2461 1027 2517 id
1044 2463 1116 2535 quod
1137 2461 1170 2518 dc
1190 2460 1318 2536 pontifice
1339 2463 1460 2518 disertis·

234 2544 506 2603 marrimandum
522 2548 634 2603 dicatur.
666 2547 718 2603 Sed
742 2548 792 2603 lroc
808 2557 911 2604 tantum
927 2565 982 2604 non
998 2564 1071 2609 esse,
1095 2555 1126 2603 ut
1147 2547 1270 2603 codicum
1285 2548 1460 2604 auctoritates

232 2626 316 2699 reiciat.
330 2631 405 2688 facIle
420 2634 600 2694 concesserit,
617 2634 738 2707 quisquis
751 2632 882 2704 ejusmodi
896 2635 1071 2706 repetitiones
1084 2634 1241 2706 pracsertim
1254 2633 1287 2688 de
1299 2632 1380 2688 rebus
1389 2632 1459 2704 juris

232 2715 344 2787 tradituri
358 2718 385 2774 in
401 2715 546 2790 pontificiis
561 2718 682 2791 epistolis
698 2726 726 2774 ct
740 2720 805 2791 ipsis
821 2720 848 2773 in
858 2718 953 2774 Gelasil
966 2719 1074 2791 scriptis
1088 2716 1157 2774 haud
1169 2719 1309 2773 inusitatas
1322 2735 1383 2773 csse
1399 2734 1460 2792 per·

231 2802 326 2871 wecil.
361 2802 472 2883 Siquis
493 2810 582 2858 autem
603 2803 664 2858 inde
685 2803 752 2859 franc
774 2820 883 2877 quoquc
903 2802 1059 2877 particulam
1076 2803 1261 2876 principaliter
1277 2802 1373 2858 Gelasii
1389 2819 1459 2864 csse.

231 2881 382 2945 albrmasum
396 2905 451 2944 non
469 2889 519 2943 nisi
535 2889 636 2943 incuria
651 2887 750 2944 librarii
766 2888 921 2944 translatam
937 2889 1072 2961 posuerit,
1096 2887 1165 2943 haud
1187 2886 1301 2942 multum
1318 2904 1459 2961 oppugna·

231 2965 303 3032 fluas,
321 2974 376 3046 ipsc
397 2971 457 3044 ejus
477 2974 515 3028 rei
533 2972 663 3043 judicium
684 2973 887 3047 periculumque
908 2975 1051 3028 sustineat.
1081 2971 1163 3027 Nobis
1180 2972 1288 3045 quidem
1303 2970 1370 3026 illud
1386 2973 1459 3028 ftcm

230 3053 306 3111 &tan
321 3065 374 3125 eat,
404 3075 458 3132 quo
476 3057 539 3113 lraee
554 3074 615 3131 pars
631 3058 799 3114 antecedenti
815 3059 841 3112 in
858 3057 982 3112 omnibns
997 3057 1050 3113 illis
1066 3055 1203 3112 codicibus
1220 3055 1327 3112 additur
1349 3073 1459 3129 quoque

231 3147 296 3210 wls
307 3141 422 3216 spatas
439 3150 562 3206 notatur,
583 3142 751 3216 aliquatenus
773 3142 913 3217 postulare
930 3142 1052 3204 ridetur,
1074 3150 1104 3197 ut
1126 3142 1217 3197 cadem
1234 3140 1345 3197 llamaso
1360 3143 1458 3215 princi-

231 3221 301 3294 μὴν
312 3226 486 3298 adjudicetur.

290 3311 313 3367 6.
339 3312 367 3368 Si
382 3321 471 3369 autem
487 3313 591 3369 tandem
607 3313 677 3367 unde
694 3322 766 3369 tanta
781 3330 870 3369 rerum
887 3313 1012 3369 confusio
1029 3320 1089 3369 nata
1104 3314 1140 3368 sit
1156 3328 1329 3385 quaeramus,
1351 3313 1393 3366 via
1409 3312 1458 3367 ‹ltr-

232 3387 346 3458 h'utdnm,
363 3399 428 3472 quin
443 3399 539 3472 partim
555 3397 711 3454 llormisdac
727 3400 863 3461 recensio,
879 3400 976 3473 partim
991 3397 1037 3454 ilia
1053 3397 1150 3454 Gelasii
1167 3414 1199 3453 er
1214 3405 1290 3453 textu
1304 3396 1457 3452 Damasiano

233 3481 325 3550 melitio
337 3484 363 3538 in
379 3500 458 3538 cansa
474 3482 562 3539 fuerit.
593 3481 661 3539 Ilinc
681 3485 751 3539 enirn
772 3483 845 3558 larga
861 3483 976 3540 librariis
993 3484 1098 3539 occasio
1114 3481 1175 3538 data
1190 3490 1245 3545 est,
1268 3490 1298 3538 ut
1319 3483 1457 3537 nominum

234 3560 384 3638 haimarum
399 3576 427 3624 ct
442 3569 606 3633 recensionis
622 3568 803 3625 diversitatem
820 3586 874 3624 uon
896 3568 1139 3625 animadvertentes
1155 3574 1201 3622 aut
1216 3565 1276 3638 ejus
1293 3570 1343 3623 rim
1360 3576 1387 3623 et
1403 3568 1457 3622 ori·

235 3644 297 3713 Μ
309 3667 392 3725 nuum
409 3653 618 3727 perpendentes.
639 3655 707 3710 alius
724 3654 776 3709 alio
792 3654 895 3710 facilius
908 3653 1097 3727 infeliciusqne
1109 3661 1255 3727 augerent,
1273 3652 1456 3714 detraherent,

236 3727 401 3805 molunt,
423 3741 599 3812 corrigerent.
636 3739 772 3812 Siquidem
793 3740 860 3795 alius
882 3756 964 3813 qrmm
981 3739 1163 3793 damasianum
1179 3738 1318 3793 (ferretum
1333 3753 1366 3792 cx
1381 3746 1457 3810 parte

236 3811 364 3876 titiniano
378 3831 519 3897 exceptum
534 3820 590 3894 (aut
605 3832 678 3879 certe
690 3826 716 3878 in
723 3823 910 3880 llormisdiano
925 3824 981 3880 fere
993 3821 1167 3895 conveniens)
1180 3824 1336 3885 invenisset,
1352 3830 1456 3878 utrum-

237 3911 275 3968 l't
284 3917 385 3963 mancum
400 3916 428 3964 et
443 3907 508 3963 illud
524 3925 556 3963 ca
572 3908 623 3964 hoc
638 3909 866 3982 compensandum
882 3918 970 3969 ratus.
987 3925 1041 3963 non
1057 3915 1168 3982 pensata
1180 3909 1317 3963 nominum
1330 3908 1457 3963 varietate

237 3995 327 4060 mas
339 3999 423 4049 totum
439 3994 565 4049 flamoso
580 3994 736 4068 aciscripsit:
759 3997 795 4050 ita
816 3994 916 4069 liegius
938 3993 1095 4049 Parislensis
1112 3992 1204 4050 3887.
1221 3993 1254 4053 3,
1276 3990 1456 4067 frisingensis

237 4063 397 4140 clansam,
420 4077 608 4134 casanatensis
625 4078 704 4134 nit.
722 4079 762 4136 23
779 4078 843 4151 (tab.
857 4082 909 4135 n.l
928 4088 954 4134 et
971 4078 1010 4151 2).
1042 4077 1118 4134 illius
1133 4077 1304 4133 Gelasiarrnm
1321 4078 1457 4151 exemplar

237 4151 450 4219 ‘minnistane
462 4162 612 4225 conferens,
625 4163 691 4220 illud
703 4181 736 4220 es
748 4164 828 4236 hujus
840 4165 927 4238 capite
939 4166 1026 4220 ararit:
1039 4165 1074 4219 ita
1087 4162 1193 4219 codices
1206 4161 1311 4218 tabulae
1322 4179 1348 4217 n.
1360 4162 1455 4224 7-9;

238 4228 360 4310 &lunam
373 4249 452 4305 simul
474 4255 575 4304 testum
591 4266 623 4305 er
640 4247 779 4305 llormisdn
796 4249 987 4322 corrigendum
1002 4248 1153 4305 duxeruut:
1169 4248 1206 4304 ita
1221 4247 1304 4303 l'atic.
1320 4247 1456 4303 Palatinus

237 4314 288 4382 584,
299 4322 447 4389 burchardus
462 4331 526 4406 (tab.
544 4350 570 4388 rr.
580 4333 619 4406 9).
643 4334 693 4390 Alii
710 4335 761 4390 talc
777 4335 913 4408 exemplar
928 4335 1109 4389 damasianum
1125 4344 1233 4389 auctum
1246 4334 1325 4394 nacti,
1342 4349 1392 4406 pro
1405 4349 1456 4387 usu

237 4464 493 4492 χ...-

282 4554 345 4687 bbg
358 4579 453 4685 pppqes
471 4563 516 4617 isti
535 4563 642 4619 codices
660 4565 718 4619 lab.
732 4584 758 4618 n.
773 4571 847 4631 7-9,
867 4564 989 4635 exceptis
1008 4564 1052 4618 F¹¹¹
1064 4563 1116 4617 Xl.

248 4750 253 4761 ,
282 4690 466 4755 'lllacodices
485 4700 540 4754 lab.
561 4708 616 4755 mit
641 4703 722 4766 (conf.
742 4704 798 4755 not.
816 4708 847 4756 10
865 4702 894 4754 cl
911 4700 968 4768 Ft).
1008 4699 1143 4754 Similiter
1165 4699 1229 4753 libri
1252 4696 1373 4752 Carolini
1396 4698 1456 4762 l,s

231 4750 348 4817 Mera
363 4767 499 4831 ridentur,
518 4787 601 4837 quum
620 4769 709 4823 solnm
736 4787 778 4823 >ro
798 4773 945 4824 doctoribus
963 4768 1144 4838 stracipiendis
1158 4773 1282 4822 Gelasium
1300 4772 1338 4819 oet
1356 4776 1456 4820 ceteros

227 4825 382 4962 amc
404 4843 474 4890 aedas
496 4845 628 4905 pontifices
650 4787 805 4908 appellent,
832 4855 883 4908 pro
901 4843 1038 4906 scripturis
1055 4834 1184 4891 canonicis
1202 4833 1351 4889 universim
1371 4841 1456 4888 sedem
