3412 5664
596 341 796 390 'rauciacus
820 343 843 389 1.
867 342 904 389 11.
1322 327 1386 393 525

203 496 235 560 2.
282 494 332 560 Ex
358 494 492 578 epistola
520 493 635 558 Felicis
663 518 766 580 papae
795 494 834 557 ad
862 493 1024 558 Zenonem
1051 493 1293 579 imperatorem:
1330 502 1387 562 Ubi
1408 496 1464 551 Fel-
1479 499 1503 551 ΙΙ

115 619 194 673 csse,
222 597 346 684 inquit,
378 603 448 676 J‘am
475 617 657 675 consequens
680 604 792 677 procul
822 601 912 660 dubio
938 602 1115 676 pervidetis,
1153 574 1535 663 Alexandrinae⁶¹’'¹¹¹'¹‘'’'

115 706 264 765 ecclesiae
282 720 486 780 pervasorem,
506 703 632 775 funesta
655 705 708 763 diu
730 706 906 778 impunitate
927 710 1133 777 pressuram,
1164 707 1270 764 uestris
1292 722 1385 781 prue-

113 807 316 882 ceptionibus,
340 807 445 881 quibus
466 809 572 866 merito
595 807 707 865 dudum
726 807 877 880 probatur
898 808 1021 880 ejectus,
1047 822 1110 865 esse
1124 807 1317 868 nibilominus
1331 809 1385 867 ad-

114 910 290 969 dicendum.
338 912 382 968 An
405 925 464 968 noa
486 910 550 982 ipse
571 915 623 980 est,
649 911 702 983 qui
717 925 776 982 per·
797 910 925 981 tripintu
946 925 1043 968 annos
1056 906 1228 968 catholicae
1250 911 1386 970 desertor

113 1012 276 1071 Ecclesiae
297 1013 546 1085 inimicorumque
567 1012 633 1085 ejus
654 1017 786 1070 sectator
806 1017 836 1069 et
857 1012 973 1082 doctor,
997 1017 1027 1070 et
1042 1012 1085 1068 ud
1102 1009 1295 1081 suadendum
1315 1028 1384 1071 sun-

109 1115 238 1187 puinem
261 1129 381 1188 semper
402 1114 490 1173 uelox
508 1111 571 1184 suit
593 1118 622 1170 ct
639 1115 820 1187 promptus?
865 1112 1018 1188 Numquid
1044 1113 1144 1171 adltuc
1165 1121 1194 1171 et
1215 1114 1303 1172 istam
1325 1116 1384 1174 dis·

106 1217 338 1275 simulationem
361 1215 494 1290 quadum
515 1232 617 1274 sumus
639 1231 679 1272 eu
702 1214 894 1274 cortlcibentiu
915 1216 1089 1289 recepturi?
1132 1215 1170 1273 la
1194 1232 1252 1289 quo
1277 1233 1384 1275 reuera

105 1334 171 1378 noa
197 1325 244 1376 est
267 1333 342 1393 opus
364 1319 550 1376 discussione
571 1317 681 1389 subtili,
707 1318 778 1389 qudo
800 1318 867 1391 esus
889 1323 998 1391 aperta
1020 1306 1090 1376 sarit
1112 1319 1250 1376 crimina.
1285 1338 1289 1345 ·

197 1432 232 1496 3.
279 1429 383 1495 Multa
404 1430 521 1495 similia
542 1429 577 1494 in
600 1430 732 1494 diversis
755 1429 898 1515 epistolis
926 1433 1035 1494 eorum
1057 1429 1195 1515 diligens
1216 1431 1327 1515 lector,
1357 1432 1385 1496 si

99 1533 272 1620 requirat,
296 1532 449 1597 inveniet.
488 1531 714 1596 Praetermitto
732 1531 803 1615 jam
829 1531 950 1616 scripta
972 1535 1005 1595 et
1027 1532 1259 1597 admonitiones
1281 1556 1384 1619 papae

95 1635 288 1721 Simplicii,
317 1656 398 1719 quae
425 1634 569 1719 plerique
598 1634 675 1698 vilia
703 1632 877 1698 aestimant
904 1636 937 1697 et
958 1633 1109 1717 judicant
1137 1635 1382 1701 contemnenda.

91 1738 191 1805 Illud
212 1735 454 1802 consideremus
471 1736 637 1819 attentius,
662 1736 745 1820 quod
761 1736 799 1799 de
815 1735 926 1799 eodem
940 1734 1047 1818 Petro,
1071 1740 1150 1801 tuno
1166 1759 1263 1821 quum
1280 1736 1384 1803 adhuc

87 1862 228 1909 nuum
251 1839 340 1904 forte
361 1842 498 1922 saperet,
518 1837 673 1921 judicarit
695 1839 843 1920 Aeacius,
868 1839 1055 1922 qualemque
1078 1839 1116 1904 da
1132 1861 1169 1903 eo
1189 1840 1384 1905 sententiam

84 1944 133 2011 acl
150 1941 384 2029 apostolicam
406 1940 512 2005 sedem
536 1940 661 2005 dixerit.

185 2051 330 2111 Domino
343 2056 458 2120 sancto,
483 2055 511 2106 et
525 2048 693 2107 beatissimo
706 2050 807 2121 patri,
829 2048 1056 2123 urcbiepiscopo
1072 2048 1227 2125 Simplicio
1241 2051 1382 2111 Aeacius.

163 2152 441 2227 ,solticitudinem
475 2152 604 2209 omnium
637 2151 833 2210 ecclesiarum
862 2151 1025 2209 secundum
1059 2158 1225 2225 apostatum
1257 2154 1384 2212 circum-
1402 2146 1459 2226 sin
1479 2147 1497 2203 l·

65 2258 254 2335 serentes,
283 2263 317 2312 et
344 2254 481 2328 reliqua
499 2254 656 2327 usquead
678 2254 878 2327 multiplicato
900 2254 931 2310 in
953 2268 985 2311 sc
1007 2252 1152 2338 bonoreu
1168 2254 1286 2314 Cbristo
1295 2232 1456 2330 prin·epls
1471 2222 1507 2270 '⁸'

10 2362 14 2433 ξ
66 2364 156 2440 cipe
180 2356 406 2419 sacerdotum.
453 2350 929 2432 [videSirnpliciicpist.8].

10 2452 12 2459 Ι
174 2473 217 2538 4.
276 2468 363 2533 Ecce
384 2468 602 2532 testimonium
626 2469 738 2532 Aeacii
767 2467 1008 2550 validissimum,
1037 2469 1112 2553 quid
1142 2469 1181 2534 de
1204 2469 1382 2555 Timotheo,

60 2578 161 2668 qnid
194 2575 245 2640 de
274 2571 374 2636 Petro
396 2571 540 2634 senserit.
578 2569 661 2634 Vere
684 2571 780 2652 enim,
803 2570 889 2633 sicut
910 2570 1065 2654 scriptum
1088 2575 1137 2635 est
1158 2572 1193 2635 in
1216 2573 1384 2658 evangelio

58 2684 111 2749 de
140 2673 303 2761 caipha
326 2672 381 2736 illo
403 2673 566 2756 pontifice,
591 2672 698 2735 evenit
721 2671 850 2735 Acasio.
895 2670 1023 2735 Dicitur
1045 2674 1130 2736 enim
1153 2673 1191 2737 de
1212 2673 1279 2757 illo,
1309 2676 1384 2760 quia

54 2802 191 2873 quum
219 2779 324 2844 esset
344 2774 494 2858 princeps
517 2776 717 2838 sacerdotum
740 2774 818 2838 anni
840 2772 942 2855 illius,
967 2773 1006 2837 de
1022 2772 1150 2837 Domini
1175 2775 1291 2839 eliserit
1312 2798 1384 2860 pas-

53 2888 199 2955 sione:
238 2883 396 2958 Expedit,
428 2889 459 2940 ut
481 2899 557 2941 renus
579 2882 665 2941 bromo
687 2883 837 2940 moriatur
855 2897 916 2955 pro
936 2884 1059 2954 populo,
1091 2888 1123 2939 ut
1146 2897 1206 2939 non
1228 2890 1292 2941 totu
1310 2901 1385 2955 pens
1398 2860 1476 2984 1¹1⁰&

50 2997 213 3073 peream
275 2978 323 3043 Et
350 2978 520 3062 subjungit
546 2977 744 3062 evangelista
776 2977 889 3040 beatus
911 2975 1096 3040 iohannes:
1125 2982 1192 3055 boc,
1223 2978 1382 3062 inquiens,
1431 2972 1437 2995 '
1479 2972 1484 2982 ’

51 3114 80 3157 a
104 3089 313 3164 senoetipso
336 3102 395 3145 non
419 3087 507 3157 dixit,
536 3088 590 3143 sed
611 3101 700 3158 quum
722 3092 796 3142 essct
814 3085 962 3158 princeps
983 3086 1173 3144 sacerdotum
1196 3100 1270 3143 unm
1292 3085 1382 3157 ullius,

46 3192 321 3279 prophetavit.
353 3181 404 3246 Ita
419 3185 451 3246 et
465 3181 529 3259 hic,
552 3204 650 3265 quum
671 3182 705 3245 in
728 3181 844 3244 summi
866 3184 950 3245 esset
972 3181 1141 3245 sacerdotii
1165 3181 1325 3266 dignitate
1339 3182 1384 3246 lo-

55 3300 196 3374 atus,
226 3290 368 3371 (utrum
388 3284 499 3348 volens
522 3307 564 3347 an
588 3284 719 3365 invitus,
744 3282 890 3347 dubitare
919 3283 1037 3367 quippe
1059 3305 1118 3346 nos
1146 3282 1215 3366 ejus
1243 3285 1384 3349 varietas

54 3404 100 3467 et
124 3386 393 3462 inconstantia
415 3387 519 3471 fecit)
549 3386 747 3449 verissimam
776 3385 814 3449 de
836 3385 975 3449 inimicis
997 3384 1058 3448 Dei
1079 3384 1156 3449 tulit
1177 3385 1382 3450 sententiam.

10 3524 14 3567 ,ι
55 3498 197 3579 Quam
225 3491 261 3557 si
289 3509 418 3554 servare
445 3489 612 3570 voluisset,
641 3487 831 3571 procellam,
860 3509 956 3571 quam
984 3488 1024 3551 ab
1052 3487 1198 3552 Ecclesia
1227 3489 1383 3553 veraciter

58 3595 292 3689 depulerat,
317 3613 426 3655 rursus
447 3592 482 3655 in
499 3590 678 3654 Ecclesiam
700 3590 768 3673 ipse
792 3611 858 3653 non
880 3593 1072 3672 revocasset,
1097 3593 1130 3653 et
1152 3590 1191 3653 de
1213 3612 1276 3674 quo
1298 3591 1384 3656 dine-

60 3708 141 3785 nt,
182 3712 273 3764 tace
301 3706 333 3757 et
353 3700 533 3776 obmutesce,
569 3715 679 3757 rursus
707 3693 795 3756 Petri
808 3695 830 3775 ¹)
858 3715 1029 3777 personam
1061 3691 1148 3776 loqui
1179 3693 1215 3756 in
1238 3691 1384 3758 Ecclesia

61 3804 238 3874 minime
273 3796 490 3880 permisisset:
518 3818 611 3880 quem
638 3802 776 3860 similiter
791 3802 962 3875 procellam
985 3817 1005 3858 u
1026 3808 1132 3859 sancto
1154 3800 1272 3872 Spiritu
1299 3801 1383 3861 dissi·

10 3918 13 3931 '
58 3922 205 3993 pram
245 3920 326 3965 esse
353 3898 572 3983 praedixerat,
607 3919 763 3982 quemque
793 3904 888 3974 fitium
921 3905 1016 3961 tiociis
1049 3899 1317 3980 assseveraverat,
1352 3901 1385 3962 et

63 4031 190 4101 quem
217 4009 267 4069 ab
293 4022 386 4082 opere
406 4007 527 4066 luminis
542 4007 671 4065 alienum
687 4013 897 4079 amantemque
910 4005 1049 4063 tenebras
1070 4006 1221 4065 latronum
1244 4005 1384 4080 operibus

1395 3670 1480 3726 Marc.

1403 3746 1473 3806 aaa.

386 4194 421 4203 ..-

69 4204 159 4219 --a

157 4320 185 4385 ¹)
209 4307 387 4381 Lagentium
404 4309 513 4363 videtur
526 4315 551 4362 in
566 4328 679 4377 persona
693 4313 773 4362 Petri.
804 4304 928 4376 Respicit
940 4305 1013 4361 enim
1026 4304 1152 4361 Gelenius
1163 4303 1200 4361 ad
1217 4306 1294 4373 haec,
1312 4322 1383 4376 quae
1398 4299 1451 4373 [η’]

69 4402 222 4463 Acadira
242 4401 325 4466 apt
343 4393 379 4449 ad
397 4393 569 4464 Simplicium
586 4401 639 4448 nl
660 4393 694 4447 de
713 4391 853 4447 Timothei
871 4391 965 4447 Aeluri
982 4392 1072 4446 morte
1093 4392 1253 4462 scripserat:
1285 4396 1320 4444 Et
1342 4396 1382 4446 Yi-

71 4494 227 4547 „rmn
247 4486 355 4553 quidem
371 4486 404 4534 dc
423 4486 549 4535 Cleersanc
567 4487 706 4548 spirantem
723 4486 851 4547 procellas
869 4491 893 4532 et
912 4484 1106 4532 eeclesiasticam
1125 4484 1330 4547 intinquittituteru
1347 4482 1383 4530 si·

73 4588 128 4635 ue
147 4572 296 4644 apparuit
314 4569 503 4621 conturbantem
514 4565 660 4633 (Christus)
679 4571 745 4618 tritae
762 4568 883 4618 subduxit
900 4567 1029 4630 bnmcmue,
1048 4569 1181 4617 dictaret:
1200 4574 1277 4629 „tace
1295 4574 1320 4616 ct
1337 4565 1384 4615 ob·

73 4658 245 4717 aaa?
285 4650 450 4706 Timotheus
467 4654 562 4705 autem
579 4651 711 4719 loquente
729 4649 826 4715 Petro,
849 4648 896 4716 qui
914 4648 1057 4703 doctrinae
1075 4665 1109 4703 ac
1125 4647 1280 4703 facinorum
1296 4646 1383 4717 ipsius

75 4744 189 4805 ndu
217 4742 251 4797 et
275 4737 421 4809 particeps
437 4753 546 4807 semper
568 4737 671 4800 fuerat,
694 4735 770 4804 loqui
793 4734 966 4790 censebatur.
1003 4735 1063 4789 Hoc
1084 4733 1170 4803 igitur
1192 4733 1245 4786 sibi
1263 4733 1335 4786 vult:
1357 4744 1384 4787 et

83 4834 277 4895 Timotheus»,
297 4831 332 4880 de
350 4845 399 4895 quo
415 4831 566 4892 scripserat,
586 4830 676 4877 dietum
695 4830 719 4877 ci
736 4842 792 4876 esse
810 4844 826 4876 u
842 4826 955 4877 Cbristu:
973 4834 1048 4887 „tace
1066 4831 1091 4874 et
1109 4824 1273 4882 obmutesce”‚
1293 4838 1382 4874 rursus

79 4928 112 4977 h
129 4934 267 4993 persona
286 4917 363 4968 Petri
379 4916 448 4982 loqui
464 4923 511 4967 etc,
