3450 5678
721 349 902 422 ,sersaoni
926 338 975 396 22.
1425 331 1488 398 785

220 501 397 567 clariorem.
442 501 607 566 Dardania
636 506 668 566 et
688 502 835 586 Illyricas
863 503 969 566 vicina
996 502 1185 566 Pannoniae
1213 523 1232 565 a
1259 501 1368 585 nobis,
1404 503 1593 586 quadarn.

216 603 285 687 jam
307 603 442 668 fecimus
463 604 518 667 ubi
541 605 755 668 necessarium
779 603 856 687 fuit,
884 607 921 668 ut
942 603 1003 668 sibi
1026 603 1167 688 episcopi
1189 602 1415 668 ordinarentur
1437 624 1488 668 ex-

219 706 328 789 petiit:
360 708 395 769 in
417 709 545 769 tantum
568 728 601 770 se
624 728 642 768 a
666 706 825 769 consortio
847 704 1043 789 perditorum
1066 726 1214 788 separare
1236 706 1428 790 gaudentes,
1452 710 1489 769 ut

219 808 360 872 remedia
382 810 588 891 quaererent,
618 807 788 871 dnmmodo
811 829 977 872 commune
1000 829 1072 872 cum
1094 807 1385 892 transgressoribus
1406 806 1489 871 nihil

219 908 386 973 haberent.
436 909 526 993 Epiri
557 908 836 993 metropolitanus,
871 910 932 973 hoc
960 912 1010 974 est
1036 908 1282 993 Nicopolitanus
1310 909 1487 993 episcopus,

221 1033 293 1106 cum
314 1011 435 1095 synodo
464 1034 521 1074 sua
543 1033 646 1095 nuper
668 1015 856 1097 segregatus
885 1011 926 1075 ab
948 1010 1069 1095 impiis,
1100 1011 1139 1075 ad
1168 1010 1376 1095 apostolicam
1405 1032 1488 1075 com·
1543 1069 1579 1123 ‚t
1599 1075 1630 1123 15

220 1114 404 1178 munionem
426 1113 624 1197 deprompta,
648 1135 729 1198 quae
752 1113 938 1199 efficerer),
961 1104 1159 1198 professione
1174 1136 1208 1179 se
1224 1113 1370 1179 contulit.
1401 1111 1488 1189 Quae
1505 1086 1603 1192 appel„

220 1215 291 1278 ideo
313 1215 442 1299 scriptis
465 1215 702 1279 aestimavimus
724 1215 865 1279 indenda
886 1216 1121 1299 praesentibus,
1145 1220 1182 1280 ut
1196 1216 1280 1281 sicut
1296 1218 1415 1280 sortem
1430 1237 1488 1279 nos

221 1317 372 1380 convenit
393 1317 499 1381 dolere
521 1318 738 1401 pereuntium,
768 1318 814 1382 ita
841 1318 998 1382 laetemur
1019 1318 1140 1402 pariter
1162 1319 1201 1382 de
1223 1318 1325 1382 salute
1346 1339 1490 1382 remean-

220 1418 317 1502 tium,
348 1423 381 1483 et
401 1423 437 1483 ut
459 1418 568 1483 fideles
591 1420 758 1483 constituti
781 1419 822 1483 ab
851 1418 896 1484 eis
918 1419 1046 1504 longius
1068 1420 1286 1503 instruantur,
1317 1442 1380 1504 qua
1402 1420 1489 1484 virus

221 1542 330 1584 eorum
352 1520 566 1585 sollicitudine
588 1520 704 1586 debeat
726 1518 839 1606 effugit
864 1543 942 1605 quos
965 1524 997 1584 et
1013 1543 1032 1584 a
1047 1521 1146 1607 suisss)
1162 1521 1292 1585 videant
1313 1526 1382 1586 tam
1399 1521 1489 1605 justa

221 1622 434 1687 detestatione
456 1623 561 1686 vitari.

305 1725 335 1788 5.
373 1723 418 1786 Et
439 1746 500 1788 nos
522 1724 649 1808 quidem
672 1724 920 1808 dispensationis
942 1728 1071 1789 nostrae
1093 1746 1263 1808 memores,
1287 1746 1417 1790 necesse
1440 1728 1491 1790 est

222 1847 274 1889 eos
296 1826 452 1909 repetitae
475 1826 646 1910 legationis
669 1826 775 1890 officio
798 1828 983 1890 convenire:
1009 1826 1092 1911 quod
1116 1827 1142 1890 si
1165 1827 1282 1891 affectu
1304 1827 1489 1892 salvationis

222 1949 308 2010 suae,
332 1927 358 1991 si
381 1932 528 2011 respectu
550 1927 620 2010 Dei,
644 1929 671 1990 si
693 1929 826 1991 rationis
849 1928 970 1992 intuitu
992 1950 1056 1992 non
1081 1931 1257 2012 moventur,
1285 1929 1400 1994 saltem
1421 1929 1490 2013 pul-

171 2088 182 2106 ,
222 2029 367 2093 sentibus
394 2029 576 2112 importune
605 2032 638 2092 et
664 2029 874 2113 pertinaciter
902 2030 1123 2114 acquiescant,
1157 2034 1190 2095 et
1217 2034 1274 2094 aut
1301 2031 1341 2094 ad
1369 2034 1489 2095 rectam

222 2131 306 2194 viam
329 2130 497 2195 declinatis
520 2132 679 2195 erroribus
702 2135 920 2214 revertantur,
955 2136 1011 2195 aut
1035 2135 1167 2216 propter
1194 2132 1408 2216 impoenitens
1437 2154 1491 2196 cor

223 2233 262 2296 ab
285 2232 432 2296 omnibus
460 2233 693 2298 inexcusabiles
717 2233 918 2317 judicentur,
950 2234 1003 2318 qui
1032 2237 1065 2297 ct
1092 2234 1206 2298 moniti
1234 2235 1329 2298 toties
1357 2234 1392 2298 in
1420 2255 1490 2317 per-

222 2335 315 2399 fidiae
337 2334 554 2398 obstinatione
576 2336 762 2418 persistunt.
800 2335 867 2399 Vos
889 2339 978 2399 orate
1001 2339 1034 2399 et
1054 2336 1222 2400 nobiscum
1245 2334 1285 2398 ad
1301 2335 1404 2400 Deum
1419 2358 1490 2420 pre-

223 2459 274 2502 ces
297 2440 330 2501 et
351 2440 426 2501 vota
449 2438 652 2522 conjungite,
676 2441 712 2500 ut
734 2459 791 2521 per
812 2458 905 2521 opem
927 2437 1161 2502 misericordiae
1184 2437 1251 2520 ejus
1273 2441 1384 2502 nostra
1407 2439 1491 2503 actio

220 2539 372 2603 laborans
394 2560 452 2622 pro
476 2539 651 2603 catholicae
673 2539 746 2602 fidei
770 2539 946 2603 stabilitate
968 2543 1163 2622 promoveat,
1190 2539 1413 2604 immaculatos
1435 2561 1490 2604 vos

222 2645 255 2705 et
275 2640 420 2725 integros
433 2641 483 2705 ab
506 2641 593 2704 omni
615 2644 871 2724 trangressorem
900 2641 1052 2705 societate
1075 2645 1253 2705 servantes:
1281 2644 1318 2705 ut
1340 2646 1397 2706 aut
1419 2663 1489 2706 cum

222 2742 372 2807 correctis
395 2764 506 2807 sensus
530 2746 562 2806 et
590 2742 684 2806 corda
707 2743 899 2826 jungamus,
930 2746 985 2807 aut
1012 2743 1052 2806 ab
1081 2764 1189 2806 eorum
1216 2743 1347 2806 venenis
1374 2744 1490 2807 intacti

222 2867 291 2909 esse
314 2838 501 2908 mereamur.
546 2843 630 2907 Nam
658 2845 727 2928 qui,
757 2844 840 2908 sicut
867 2866 923 2908 vos
951 2866 1076 2929 quoque
1099 2844 1329 2908 conscientiam
1351 2848 1489 2908 vestram

221 2969 287 3011 non
310 2948 410 3010 latere
432 2946 613 3026 testamini,
637 2947 788 3037 novimus·
805 2945 1017 3029 Eutychetem
1040 2950 1136 3031 atque
1158 2945 1342 3010 Nestorium
1364 2951 1489 3030 aposto·

220 3050 303 3113 licae
325 3049 358 3112 id
380 3052 429 3113 est
452 3047 627 3112 catholicae
654 3048 834 3111 sententiae
857 3049 1048 3112 auctoritate
1076 3048 1259 3131 damnatos,
1290 3049 1490 3132 quemadmo-

222 3152 297 3216 dum
320 3151 399 3214 salvi
423 3172 491 3213 esse
513 3150 697 3233 poterimus,
721 3151 748 3213 si
772 3172 879 3213 eorum
902 3150 1112 3215 sectatoribus
1135 3173 1173 3214 ac
1195 3149 1332 3234 posteris
1348 3150 1490 3233 qualibet

221 3257 315 3337 parte
338 3252 570 3317 communionis
592 3251 790 3333 haereamus,
813 3274 911 3336 quum
926 3250 1028 3315 Belial
1052 3273 1123 3315 cum
1139 3251 1266 3338 Christo
1288 3255 1397 3316 nostro
1419 3274 1490 3336 por·

219 3357 344 3420 tionem
370 3354 487 3418 habere
517 3376 582 3417 non
612 3352 737 3437 possit?
779 3353 1006 3417 Instructionis
1041 3357 1148 3417 autem
1180 3357 1306 3418 vestrae
1334 3355 1490 3419 interesse

222 3458 391 3539 credimus,
415 3461 452 3520 ut
474 3478 521 3539 ea,
545 3478 625 3540 quae
648 3455 766 3541 apum)
789 3477 847 3519 nos
870 3478 889 3518 a
911 3455 1146 3538 Nicopolitanis
1168 3456 1218 3520 vel
1233 3456 1394 3520 Dardanis
1417 3460 1491 3521 acta

220 3564 308 3645 sunt,
332 3559 383 3624 vel
405 3581 466 3644 quo
488 3559 522 3621 in
546 3559 800 3622 communionem
822 3557 933 3621 ordine
953 3561 1029 3621 sunt
1044 3558 1176 3642 recepti,
1200 3558 1289 3622 vobis
1304 3562 1383 3622 nota
1403 3558 1490 3622 face-

289 3803 310 3868 5)
328 3798 452 3853 Primum
475 3781 635 3865 conjectura
656 3797 717 3850 erat
736 3795 886 3865 legendum
909 3811 967 3850 esse
991 3801 1133 3862 sufficeret,
1159 3796 1239 3865 quasi
1262 3794 1385 3866 episcopi
1408 3796 1490 3866 hrijus

217 3883 382 3955 provinciae
405 3882 568 3936 Hormisdae
592 3881 710 3951 epistola
729 3887 760 3936 18
782 3900 807 3934 n.
828 3888 843 3935 5
865 3879 1044 3950 praemoniti,
1071 3883 1102 3934 ut
1125 3903 1173 3935 non
1200 3884 1391 3936 arbitrarentur
1414 3902 1491 3950 posse

215 3975 341 4038 sufficere
358 3973 403 4021 sul
422 3974 500 4020 iuvetis
515 3973 669 4035 praesertin
687 3971 786 4019 insidiis
805 3971 963 4027 callidorum,
987 3984 1049 4034 quos
1066 3971 1156 4019 uiritim
1174 3979 1199 4018 et
1220 3972 1332 4033 singulos
1348 3975 1493 4022 consectari

214 4060 336 4110 conuenit
354 4067 431 4122 atque
449 4058 576 4113 duremort,
595 4057 639 4105 sert
658 4057 766 4121 quodum
777 4071 821 4105 eos
832 4057 947 4120 peierati
959 4057 1119 4104 damnatione
1131 4057 1296 4114 concludere,
1314 4052 1491 4120 postmodum

214 4138 392 4210 supplevisse
416 4137 555 4202 dicantur,
580 4136 654 4203 quod
681 4136 710 4189 iu
731 4134 823 4204 prima
844 4136 968 4204 ipsorum
990 4134 1161 4205 professione
1184 4153 1240 4189 non
1262 4135 1329 4190 satis
1351 4135 1491 4206 integrum

212 4225 377 4279 videbatur.
415 4221 469 4275 Sed
488 4239 572 4290 quum
590 4222 643 4275 hoc
660 4221 824 4275 nominatim
842 4222 877 4275 de
894 4220 1112 4290 metropolitano
1129 4220 1268 4286 iohanne,
1287 4221 1364 4289 cujus
1387 4223 1491 4291 profes-

212 4311 291 4365 sioni
309 4309 377 4364 nihil
396 4308 505 4373 deerat,
525 4306 644 4370 dicatur,
667 4306 720 4359 hoc
737 4307 830 4376 potius
848 4305 889 4359 ita
909 4305 1138 4375 interpretamur,
1161 4311 1313 4374 deprompto
1328 4311 1491 4374 professione

214 4416 307 4450 comm
326 4415 390 4464 qnae
409 4397 536 4460 efficeret,
561 4391 667 4445 scilicet
685 4390 817 4446 adversus
835 4390 991 4445 haereticos
1008 4395 1093 4460 atque
1112 4389 1302 4445 schismaticos
1320 4408 1353 4445 ac
1375 4405 1426 4460 pro
1445 4407 1490 4444 ca·

212 4479 327 4534 thelim
343 4477 410 4544 fida
429 4478 473 4530 vel
491 4479 523 4530 ut
540 4479 576 4531 c¹¹
595 4476 718 4545 supplet,
741 4498 806 4545 quoe
824 4482 972 4530 luculentam
991 4482 1055 4543 (idei
1072 4487 1097 4529 et
1114 4480 1273 4530 obedientiae
1294 4482 1491 4529 declarationem

214 4571 347 4634 efficeret.

290 4653 311 4719 θ)
330 4649 390 4703 Hoc
409 4649 450 4702 est
467 4667 484 4702 a
502 4647 598 4702 vicinis
616 4665 664 4702 scu
683 4646 873 4708 conterminis,
896 4648 925 4699 et
947 4646 994 4714 qui
1016 4646 1045 4700 iu
1063 4647 1161 4702 eadem
1180 4646 1293 4715 regione
1311 4648 1383 4701 sunt.
1419 4646 1492 4701 Male

216 4737 318 4791 autem
336 4734 436 4788 delflde
455 4733 489 4788 G¹
509 4737 535 4787 a¹
555 4740 649 4787 uident.
685 4732 749 4785 Mox
767 4731 836 4785 editi
853 4753 902 4802 quo
920 4738 1022 4801 offerto.

290 4825 311 4888 ⁷)
331 4820 362 4873 ld
380 4823 435 4886 est,
457 4836 527 4888 quae
550 4835 635 4888 penes
656 4820 799 4882 noscunt,
822 4817 996 4885 aPullione,
1015 4819 1062 4886 qui
1080 4836 1153 4872 anno
1170 4817 1305 4887 superiori
1328 4834 1421 4872 mense
1438 4818 1491 4873 No·

219 4905 331 4961 vembri
349 4922 411 4959 earn
429 4906 465 4958 ob
485 4922 597 4958 eausam
614 4904 643 4956 in
661 4904 722 4958 illas
742 4903 870 4972 regiones
889 4902 1042 4957 destinatus
1061 4905 1164 4971 fuerat,
1181 4904 1279 4958 relata.

258 5010 412 5047 seraranan
427 5009 531 5048 sonan.
545 5008 658 5045 ronrrr.
677 4994 698 5050 Ι,
1249 4999 1290 5062 50
