3450 5678
610 346 779 394 arrsroaa
802 336 853 394 50.
1304 329 1366 396 843

100 504 177 585 tem,
201 504 234 566 et
255 522 351 586 qnum
372 500 639 565 Calchedonensis
662 500 800 585 synodus
823 503 855 565 et
876 500 963 564 beati
985 522 1088 585 papae
1109 499 1224 565 Leonis
1248 501 1363 566 consti·
1376 509 1411 576 (a.
1422 510 1492 579 519.)

100 607 171 668 tuta
194 602 359 688 placeant,
390 625 451 688 quo
483 604 522 667 ad
546 604 712 668 caritatem
734 602 851 667 reverti
873 602 1033 687 volumus,
1058 625 1077 667 a
1100 602 1274 668 certamine
1296 626 1363 668 non

101 706 244 770 desistat.
289 704 472 790 Sequuntur
498 728 579 792 quae
601 706 803 790 dogmatibus
831 704 1003 789 praedictis
1026 705 1186 790 adscripta
1209 709 1300 789 sunt,
1332 709 1364 770 et
1463 723 1467 733 ·

101 808 142 872 ab
170 829 278 873 eorum
295 809 509 893 sequacibus,
538 831 615 894 quos
643 807 808 892 praedicta
837 809 1029 872 auctoritate
1052 807 1220 872 damnatos
1246 806 1364 873 intelli·

100 913 198 996 gunt,
226 933 293 975 non
321 911 491 976 recedunt
530 911 656 976 Tenent
678 911 781 974 adhuc
803 911 838 975 in
861 909 1077 994 complexibus
1099 932 1217 975 nomen
1239 910 1362 994 Aeacii,

101 1034 195 1097 quem
222 1011 333 1076 rident
356 1013 477 1095 judicio
505 1013 588 1078 sedis
617 1013 810 1097 apostolicae
837 1013 951 1076 merito
980 1032 1119 1096 poenam
1148 1013 1282 1078 subiisse
1311 1012 1364 1077 da-

100 1115 214 1181 mnati.
246 1114 322 1190 Quis
336 1136 403 1180 non
425 1115 589 1201 intelligat
610 1115 758 1179 simulate
780 1115 858 1180 dici:
880 1126 1053 1180 sanctorum
1072 1128 1198 1196 patrum
1213 1122 1365 1195 sequimur

101 1224 255 1300 dopmum,
277 1223 332 1282 sed
352 1240 414 1282 nou
434 1225 586 1297 dllipimus
604 1221 713 1294 sactum
735 1240 813 1296 quoe
828 1240 847 1281 o
862 1229 970 1283 sunem
991 1223 1108 1299 synodo
1131 1222 1367 1283 Calchedoncmi

39 1327 44 1335 '
99 1327 261 1386 constituta
282 1333 359 1399 suat,
384 1333 413 1386 et
434 1342 513 1402 quac
533 1327 615 1385 beati
626 1325 734 1385 Leonis
755 1327 882 1401 epistola
903 1328 1046 1400 continet,
1067 1324 1217 1404 souemm,
1240 1342 1364 1386 venera·

101 1444 183 1502 mur,
209 1429 433 1503 emmeramum
456 1428 656 1502 sermacia,
682 1431 735 1503 qui
755 1430 966 1489 damnatorum
989 1431 1224 1490 communionem
1246 1433 1365 1488 secutus

98 1536 157 1604 est,
187 1532 387 1606 impendimus
413 1524 506 1590 voto?
550 1524 611 1590 Sed
640 1525 714 1610 quid
741 1547 819 1610 opus
848 1529 896 1591 est
918 1527 957 1591 de
975 1525 1129 1609 judicatis
1151 1525 1244 1590 rebus
1266 1526 1364 1590 verba

98 1628 222 1712 facere,
251 1649 348 1711 quum
369 1649 428 1693 nos
450 1627 573 1692 hortari
595 1627 815 1692 tantummodo
838 1628 965 1712 deceat,
988 1631 1026 1692 ut
1049 1627 1198 1712 expressa
1221 1629 1364 1712 superius

99 1729 301 1794 simulatione
331 1730 478 1795 submota
504 1730 563 1794 sub
591 1731 677 1795 omni
705 1730 844 1816 puritate
872 1753 985 1815 pacem
1012 1731 1167 1814 debeant,
1203 1754 1221 1795 a
1250 1731 1365 1816 quibus

98 1833 179 1899 haec
202 1833 361 1917 dicuntur,
386 1832 521 1917 optare?

182 1935 213 2000 4.
252 1935 348 2019 Apud
383 1957 438 1998 vos
466 1934 545 1999 mihi
575 1938 623 1999 est
650 1935 753 2000 omnis
780 1935 1014 2020 deprecationis
1044 1957 1157 2020 causa,
1191 1936 1366 2021 imperator

99 2038 244 2123 egregie:
273 2058 328 2102 vos
356 2035 406 2100 his
436 2059 473 2100 ac
501 2037 619 2101 talibus
647 2038 789 2124 religiosi
819 2038 923 2122 operis
951 2038 1091 2103 resistite
1112 2038 1186 2103 viva
1215 2039 1364 2124 caritate,

99 2139 188 2204 vobis
211 2139 374 2223 imminet,
399 2141 434 2203 ut
457 2140 509 2223 qui
534 2141 767 2205 ecclesiasticae
792 2141 977 2206 concordiae
1000 2140 1158 2206 habuistis
1180 2141 1215 2205 in
1237 2141 1364 2226 privata

99 2241 168 2306 vita
190 2240 392 2324 desiderium,
416 2242 474 2306 sub
489 2242 673 2327 principatu
689 2243 769 2307 detis
793 2243 950 2308 effectum.
981 2242 1056 2307 Non
1079 2243 1153 2327 fuit,
1177 2265 1238 2328 quo
1260 2245 1364 2330 magis

97 2344 225 2431 gratiae
247 2347 373 2409 vestrae
390 2345 532 2408 cumulus
548 2346 723 2430 accederet,
747 2368 842 2431 quarn
860 2347 944 2431 quod
966 2345 1055 2411 vobis
1078 2346 1231 2411 divinitus
1254 2347 1365 2412 datum

97 2449 161 2531 est,
187 2450 224 2512 ut
245 2443 476 2532 qnod‘semper
497 2448 640 2512 voluistis
663 2449 749 2533 fieri,
772 2470 830 2534 per
853 2470 906 2514 vos
929 2449 969 2513 ad
991 2449 1166 2513 terminum
1187 2450 1289 2533 possit
1311 2449 1363 2513 ad-

97 2549 181 2615 duci.
231 2547 300 2615 Nec
333 2550 428 2614 breve
461 2550 623 2632 specimen
657 2552 741 2616 circa
773 2573 829 2614 vos
862 2550 986 2636 gratiae
1013 2550 1202 2615 Divinitatis
1233 2551 1362 2635 effulsit,

97 2635 211 2737 q'uibus
239 2651 332 2716 datur
358 2673 450 2736 posse
477 2652 583 2716 facere
612 2654 694 2737 quod
721 2675 846 2738 semper
873 2653 1018 2737 optastis.
1064 2651 1266 2738 Quapropter
1288 2677 1363 2739 quo-

96 2754 185 2819 niam
213 2754 303 2819 robis
330 2757 441 2819 tantae
470 2776 583 2818 causae
605 2756 734 2818 titulum
758 2755 872 2819 videtis
895 2778 962 2820 esse
985 2760 1161 2840 servatum,
1192 2760 1361 2842 removete,

97 2855 247 2941 quidquid
271 2856 457 2942 ambiguum
478 2857 666 2921 remansisse
690 2857 828 2922 creditur
843 2857 883 2921 ad
906 2858 1139 2942 plenitudinem
1162 2857 1361 2943 gaudiorum.

96 2958 164 3024 Nos
187 2959 273 3023 enim
295 2981 357 3043 qua
379 2959 485 3023 decuit
507 2959 674 3024 affectione
696 2983 754 3044 per
776 2959 912 3027 Gratum
935 2961 1038 3025 virum
1061 2960 1287 3043 clarissimum,
1312 2962 1362 3025 cui

96 3082 155 3147 pro
177 3061 394 3125 moderatione
409 3062 459 3125 sui
474 3083 613 3146 congrue
629 3061 785 3127 sensimus
807 3062 950 3126 officium
971 3061 1144 3148 legationis
1166 3063 1360 3148 injunctum,

95 3162 213 3227 litteris
236 3163 333 3227 vestri
355 3163 554 3248 principatus
577 3165 716 3248 acceptis
723 3215 732 3248 ,
758 3186 872 3230 causae
893 3164 1112 3249 magnitudini
1135 3151 1362 3231 convenientes

96 3264 325 3329 destinavimus
348 3265 431 3329 viros
449 3264 689 3351 Germanum¹²J
713 3270 745 3331 et
760 3266 943 3331 Johannem
965 3266 1131 3350 episcopos
1154 3271 1187 3332 et
1202 3265 1361 3332 Blandum

93 3367 317 3453 presbyterum
339 3390 399 3432 nec
421 3390 487 3431 non
510 3371 541 3431 et
556 3367 947 3452 Felicem'diaconum¹³):
970 3390 1028 3453 per
1049 3391 1126 3453 quos
1150 3371 1186 3454 si,
1211 3371 1361 3455 quemad-

95 3469 224 3534 modum
244 3470 491 3553 praesumimus,
526 3471 707 3534 serenitatis
730 3474 854 3536 vestrae
879 3472 970 3536 favor
992 3471 1153 3557 arriserit,
1187 3472 1361 3537 secundum

95 3593 177 3656 quae
192 3572 345 3637 mandata
359 3576 445 3657 sunt,
470 3572 675 3638 ecclesiarum
690 3574 884 3638 adunatione
906 3573 1131 3659 generalitatis
1147 3574 1272 3658 possint
1288 3578 1361 3642 vota
1420 3567 1426 3578 ’

94 3673 227 3739 firmari.

92 3816 268 3827 ——ffl
282 3817 398 3824 ...-.-.-.

165 3898 195 3967 ¹²)
213 3897 293 3952 Hunc
309 3897 469 3952 Anastasius
491 3896 719 3953 bibliothecarius
737 3913 785 3952 seu
806 3896 878 3951 liber
895 3897 1057 3966 pontificum
1076 3897 1237 3968 Capuanum
1256 3899 1360 3969 episco-

90 3999 162 4053 pum
178 3984 268 4037 vocat.
308 3983 340 4036 Id
362 3985 390 4036 et
407 3983 542 4036 Baronius
565 3982 666 4050 aliique
685 3983 767 4122 ruffio
789 4000 840 4052 pro
860 3984 936 4036 certo
953 3983 1068 4053 ponunt.
1107 3982 1160 4038 Sed
1182 4002 1268 4053 quum
1284 3985 1359 4040 idem

91 4065 244 4121 cardinalis
265 4065 351 4120 nihilo
374 4067 463 4121 minus
486 4067 614 4137 opinetur
635 4084 690 4121 non
750 4086 796 4121 um
821 4083 879 4121 esse
901 4068 973 4121 hunc
992 4067 1158 4122 Germanum
1183 4070 1218 4122 ab
1242 4087 1288 4137 eo,
1313 4071 1359 4138 qui

90 4169 168 4207 anno
191 4158 241 4206 497
264 4153 299 4207 ab
322 4152 468 4207 Anastasio
490 4170 566 4223 papa
588 4152 624 4207 ad
646 4151 825 4207 Anastasium
843 4154 1000 4221 Augustum
1021 4154 1132 4221 legatus
1153 4153 1201 4220 sit,
1226 4172 1276 4209 nec
1297 4171 1358 4224 pro·

88 4235 195 4290 babilis
213 4236 285 4290 desit
302 4238 474 4308 conjectura,
498 4256 561 4292 eum
579 4237 614 4292 ab
633 4237 780 4292 Hormisda
797 4237 909 4291 missum
928 4254 1000 4304 esse,
1023 4255 1105 4307 quem
1123 4256 1215 4293 rerum
1234 4239 1360 4294 Orienta-

88 4320 162 4375 lium
179 4321 341 4391 peritiorem
358 4322 475 4392 pristina
492 4323 596 4392 legatio
614 4323 730 4378 fecerat:
753 4341 808 4377 non
827 4322 977 4377 admodum
996 4324 1072 4377 certa
1091 4324 1132 4378 est
1152 4324 1221 4378 haec
1239 4323 1273 4376 de
1292 4323 1358 4378 Ger·

88 4422 177 4461 mano
201 4405 332 4476 Capuano
356 4407 501 4462 sententia.
543 4408 622 4463 Hunc
644 4407 718 4462 enim
741 4426 813 4463 anno
836 4414 885 4462 497
909 4406 1057 4478 Capuanae
1081 4408 1214 4463 ecclesiae
1236 4407 1358 4461 nondum

87 4493 284 4563 praepositum
301 4491 395 4554 fuisse,
413 4481 443 4545 iri
460 4492 601 4547 Anastasii
618 4493 644 4546 ΙΙ
661 4492 807 4562 epistolam
824 4494 836 4546 Ι
854 4493 911 4548 not.
933 4499 963 4546 15
982 4492 1194 4548 observavimus.

164 4579 193 4644 ¹³)
211 4576 260 4629 His
278 4577 440 4646 adjungitur
457 4578 516 4630 tum
533 4577 562 4630 in
580 4576 660 4646 epist.
675 4584 706 4631 52
724 4584 780 4631 nd
797 4579 858 4631 tum
875 4578 904 4631 in
922 4579 1013 4632 fronte
1032 4578 1109 4648 epist.
1125 4585 1157 4631 59
1175 4588 1200 4629 et
1219 4582 1357 4631 Dioscorus

86 4666 227 4724 diaconas,
251 4661 327 4730 cujus
350 4661 379 4716 in
401 4663 461 4716 toto
483 4661 632 4730 legationis
654 4661 767 4732 negotio
789 4679 845 4716 non
866 4662 975 4717 infimas
997 4665 1092 4734 partes
1114 4661 1196 4716 fuisse
1214 4661 1357 4730 subjectae

85 4743 206 4800 inferius
227 4745 338 4801 litterae
360 4746 443 4801 fidem
465 4748 574 4801 facient.
620 4749 662 4800 An
688 4746 733 4800 hic
758 4748 898 4810 taceatur,
926 4748 1001 4818 quod
1023 4765 1079 4801 non
1102 4765 1117 4801 e
1139 4748 1279 4812 Romano,
1307 4747 1357 4800 sed

84 4829 327 4899 quemadmodum
345 4830 492 4885 Hormisda
509 4832 588 4902 epist.
610 4838 657 4886 105
676 4851 700 4885 n.
723 4837 735 4884 1
760 4830 879 4902 indicat,
904 4849 937 4888 ex
954 4831 1141 4888 Alexandrino
1161 4831 1234 4886 clero
1253 4849 1356 4885 assum-

83 4916 158 4989 ptus
175 4913 227 4968 sit?
