3412 5664
286 287 349 351 954
725 300 753 348 s.
770 299 978 348 uoaursoau
999 301 1114 347 raras

163 463 274 531 (aneo.)
372 453 637 540 christodolusfl)
666 452 882 518 misericordia
909 453 970 518 Dei
998 455 1167 540 episcopus
1195 454 1433 541 Methymueusis
1454 461 1507 526 ciri·

285 561 363 626 tatis
385 563 422 624 ut
443 579 550 643 supra.

373 660 575 727 Palmantius
607 659 757 724 minimus
790 660 956 745 episcopus
987 659 1162 725 Oenandae
1199 660 1339 726 civitatis
1371 663 1509 747 provinciae

286 765 403 850 Lyciae
424 766 462 828 ut
483 784 590 846 supra.

370 868 536 932 Johannes
552 864 770 928 misericordia
780 863 841 928 Dei
856 865 1023 950 episcopus
1037 865 1230 930 Attaliensis
1243 865 1379 931 civitatis
1391 874 1509 952 utsupra

370 968 536 1034 iohannes
564 966 781 1032 misericordia
808 966 869 1031 Dei
897 968 1063 1053 episcopus
1093 967 1285 1052 Olympinae
1320 968 1441 1033 civitatis
1461 991 1510 1054 pro

286 1071 411 1138 vinciae
432 1070 549 1155 Lyciae
571 1071 608 1133 ut
629 1090 734 1153 supra.

371 1173 555 1238 Marcianus
591 1171 742 1235 minimus
779 1172 946 1257 episcopus
979 1170 1164 1237 Marcianac
1201 1172 1343 1237 civitatis
1371 1172 1512 1257 provinciae

287 1276 403 1361 Lyciae
426 1269 590 1359 utsupra.

371 1377 495 1443 Phocas
521 1377 673 1442 minimus
701 1377 868 1462 episcopus
896 1376 1068 1442 Dardanae
1102 1376 1242 1442 civitatis
1269 1376 1440 1462 provinciae
1460 1375 1514 1441 Hel·

286 1480 425 1564 lcsponti
447 1481 484 1543 ut
505 1502 612 1564 supra.

371 1582 499 1646 Zoticus
527 1581 743 1647 misericordia
770 1582 831 1647 Dei
864 1583 1030 1667 opiscopus
1059 1580 1280 1666 Carpatiensis
1314 1581 1441 1647 civitatis
1467 1602 1516 1666 pro

286 1684 412 1750 vinciae
433 1682 615 1748 Insularum
637 1685 673 1747 ut
694 1706 801 1767 supra.

372 1785 543 1850 Sabbatius
567 1785 785 1851 misericordia
807 1785 868 1851 Dei
890 1786 1058 1873 episcopus
1081 1785 1297 1853 Stratoniciae
1324 1785 1452 1853 civitatis
1468 1805 1518 1871 pro

287 1888 414 1954 vinciae
436 1888 554 1973 Lydiae
576 1890 741 1973 utsupra.

663 2140 665 2144 Α
783 2074 967 2179 Epistola
993 2077 1059 2161 132

897 2228 946 2266 seu

135 2285 273 2358 [(a.t²0d.

159 2353 275 2425 ,Sem
307 2324 511 2392 Exemplum
532 2321 699 2392 epistolae
713 2322 901 2380 sauriniani
923 2324 1075 2382 consulis
1096 2326 1141 2382 ad
1162 2325 1380 2383 Hormisdam
1399 2337 1507 2394 papam

322 2453 398 2505 snam
417 2471 469 2520 pro
488 2454 541 2518 fide
564 2453 690 2504 catholica
710 2455 817 2504 studium
839 2462 985 2507 contestans
1002 2463 1138 2521 precatur,
1165 2464 1193 2506 ut
1212 2457 1354 2507 Hormtrda
1374 2457 1404 2506 de
1424 2455 1500 2505 &aba
1528 2454 1579 2518 pl!

322 2540 441 2606 capitalia
459 2542 593 2590 etiamtunc
615 2541 787 2591 watroveraia
807 2540 940 2606 perfectas
960 2543 1135 2608 purificusqroe
1154 2542 1268 2607 papinus
1290 2542 1328 2592 ad
1347 2547 1500 2607 {asperam

856 2626 993 2676 rescribat.

440 2759 606 2823 Domino
634 2758 718 2822 viro
745 2758 975 2825 beatissimo
1004 2763 1222 2844 sanctoque
1251 2761 1360 2846 patri
1380 2758 1523 2825 Hormis-

534 2861 605 2925 dae
626 2861 736 2935 urbis
758 2860 904 2926 Romae
925 2862 1116 2947 pontifici
1140 2862 1438 2949 lastinianum).

376 2984 403 3045 1.
441 2979 603 3057 Quantam
623 2980 863 3046 venerationem
885 2980 1050 3066 religionis
1073 2981 1263 3065 habeamus,
1293 3003 1443 3067 quamque
1461 2979 1525 3045 solli·

290 3084 346 3151 citi
368 3105 493 3168 semper
513 3083 668 3147 fuerimus
694 3086 826 3167 propter
854 3082 1011 3147 uniendas
1039 3087 1169 3149 sanctas
1191 3083 1359 3167 ecclesias,
1386 3084 1469 3149 testis
1490 3086 1526 3145 at

289 3208 413 3272 quoque
435 3188 541 3249 vestra
562 3184 736 3249 beatitudo.
771 3182 945 3269 Postquam
967 3187 1116 3271 regnavit
1138 3186 1259 3251 etenim
1281 3185 1424 3250 domiuus
1443 3187 1528 3250 noster

288 3287 419 3353 inclitus
440 3287 625 3372 imperator,
648 3307 707 3371 per
720 3307 831 3352 omnes
853 3286 893 3351 ad
908 3286 1037 3352 Italiam
1052 3289 1218 3352 venientes
1233 3287 1405 3353 direximus
1417 3287 1528 3355 lisam,

289 3389 503 3474 apostolatum
530 3391 622 3452 tuum
653 3391 805 3473 rogantes
840 3389 923 3453 sicut
954 3389 1097 3455 decebat.
1153 3388 1251 3456 Nunc
1283 3391 1381 3454 etiam
1411 3410 1450 3453 ne
1473 3384 1531 3472 quid

289 3514 398 3558 eorum
420 3512 500 3576 quae
521 3490 591 3555 fieri
614 3491 764 3555 convenit
784 3492 1077 3574 praetermittatur,
1106 3490 1272 3557 Johannes
1295 3491 1344 3556 vir
1364 3488 1533 3556 reverendis

289 3596 387 3659 simus
411 3594 560 3677 antistes,
584 3591 796 3658 Heraclianus
818 3593 1001 3678 presbyter,
1031 3597 1064 3658 et
1081 3592 1314 3660 Constantinus
1336 3593 1480 3659 diaconus
1497 3613 1535 3655 sa-

290 3700 476 3762 crosanctae
498 3695 650 3760 ecclesiae
672 3694 767 3779 hujus
789 3695 921 3760 inclitae
948 3696 1088 3761 civitatis
1108 3695 1261 3789 destinati
1284 3699 1361 3760 sunt
1382 3696 1421 3759 ad
1435 3693 1537 3761 L'rbeu

288 3799 442 3880 feliciter,
472 3799 508 3862 ut
530 3819 625 3882 super
646 3797 809 3880 omnibus,
838 3819 919 3882 quac
941 3799 1071 3883 scripsit
1098 3796 1183 3862 filius
1209 3799 1317 3862 vester
1337 3795 1539 3863 serenissimus

289 3903 478 3985 imperator,
506 3900 670 3986 integrum
691 3920 879 3985 responsum
902 3900 1074 3984 accipiant.
1119 3899 1283 3985 Dignetur
1304 3920 1383 3985 ergo
1404 3898 1540 3965 emetitur

289 4007 346 4068 tua
374 4002 534 4087 suscipere
561 4003 753 4066 memoratos
779 4001 864 4066 viros
896 4000 1153 4088 religiosissimos
1179 4000 1336 4085 libenter,
1375 4005 1409 4067 et
1439 3998 1542 4065 habitis

289 4105 487 4170 orationibus
509 4103 698 4188 placataque
720 4102 900 4168 Divinitate
922 4104 968 4169 sic
990 4104 1098 4169 omnia
1120 4102 1236 4168 debeat
1256 4103 1409 4169 ordinare
1429 4122 1543 4168 venen·

290 4208 407 4289 biliter,
430 4209 467 4270 ut
488 4205 569 4270 nihil
592 4205 677 4270 ultra
698 4208 865 4270 remaneat
885 4206 921 4270 in
943 4206 1139 4291 ambiguum.

374 4310 405 4374 2.
433 4307 535 4373 Nobis
551 4308 670 4372 etenim
684 4307 819 4391 videtur,
843 4308 993 4392 quoniam
1008 4306 1107 4372 Filius
1122 4307 1183 4372 Dei
1198 4308 1262 4372 rivi
1279 4308 1437 4374 Dominus
1450 4309 1546 4373 noster

289 4413 384 4477 Jesus
411 4410 557 4478 Christus
585 4432 623 4474 ex
654 4409 780 4496 virgine
810 4410 913 4474 Maria
940 4413 1052 4493 nabis,
1092 4431 1186 4495 quem
1218 4410 1388 4495 praedicat
1419 4428 1546 4474 summus

185 4497 279 4632 ¹25³·
290 4514 506 4599 apostolorum
527 4533 622 4579 carne
638 4533 781 4597 passum,
804 4515 891 4577 recte
913 4511 1031 4577 dicitur
1043 4534 1126 4576 unus
1152 4512 1185 4576 in
1197 4511 1362 4578 'Itinitatc
1376 4534 1449 4578 cum
1462 4510 1547 4576 Patre

360 4789 391 4855 ¹¹)
409 4786 444 4841 G¹
464 4791 639 4842 Olmistcdolas
655 4786 673 4839 i.
688 4801 711 4840 e.
730 4784 832 4840 Christi
848 4801 949 4840 servus.
985 4786 1035 4840 Ed.
1055 4789 1243 4840 Gdristodorus.

293 4879 341 4929 132
377 4875 396 4941 ¹)
414 4872 464 4927 Ed.
483 4872 589 4927 addunt
606 4891 650 4927 ecs
668 4872 705 4942 (q.
724 4888 748 4927 e.
767 4874 864 4940 consul)
882 4872 931 4926 aut
948 4893 969 4927 o.
988 4892 1022 4937 a,
1042 4870 1118 4957 quod
1135 4871 1285 4940 utrumque
1303 4870 1385 4926 deest
1401 4871 1430 4926 iu
1446 4873 1489 4925 6¹,
