3412 5664
818 324 845 371 S.
863 322 1044 371 sl'allidclll
1067 321 1181 369 PAPAE

855 509 1038 614 Epistola
1065 509 1118 593 17.

582 663 802 747 sigismundi
826 664 924 746 regis
946 662 990 728 ad
1013 660 1265 743 Symmachum
1289 680 1428 747 papam

972 797 1022 835 seu
1078 808 1083 815 ·

386 900 439 953 Ab
454 898 554 952 Avito
576 897 735 964 episeopo
757 893 888 951 dietata
909 894 975 950 sub
996 892 1132 949 nomine
1154 892 1271 949 domni
1288 892 1519 964 sigismundi
1542 894 1632 965 regia

709 998 754 1053 ed
777 997 1018 1065 Symmachum
1038 1008 1162 1063 papam
1182 995 1298 1052 Urbis.

433 1132 485 1180 Per
501 1130 626 1179 lulianum
644 1130 776 1178 dirreoaum
793 1143 884 1177 sarrae
900 1127 1023 1192 reliquias
1037 1124 1210 1192 Sipiamuudm
1226 1142 1278 1177 rex
1294 1144 1312 1177 α
1328 1126 1494 1193 Symmacho
1512 1144 1588 1193 papa
1657 1132 1696 1197 pl

665 1254 668 1259 4
689 1214 767 1277 petit,
789 1229 807 1262 a
824 1228 873 1278 quo
892 1214 958 1262 altas
968 1211 1027 1275 jara
1042 1213 1143 1276 pridem
1160 1220 1308 1277 aeoepoeat.

452 1366 479 1429 i.
518 1363 602 1428 Dum
633 1383 725 1427 saera
758 1361 964 1446 reliquiarum
1000 1361 1154 1447 pignora,
1192 1362 1306 1446 quibus
1335 1384 1398 1447 per
1427 1384 1487 1427 me
1511 1362 1650 1429 Galbam

365 1471 504 1532 vestram
520 1464 659 1550 spiritali
673 1463 930 1529 remuneratione
945 1463 1084 1547 ditastis,
1108 1485 1228 1549 negare
1248 1464 1445 1548 petentibus
1471 1488 1543 1531 nou
1564 1488 1652 1551 prae

365 1593 470 1652 sumo,
494 1590 545 1632 me
567 1588 690 1653 quoquc
718 1568 904 1630 sauctorum
931 1565 1112 1649 patrocinia
1139 1565 1302 1650 postulare
1329 1565 1375 1630 ab
1397 1566 1535 1652 irriguo
1557 1568 1651 1633 vestri

366 1672 564 1757 apostolatus
586 1670 676 1734 fonte
699 1688 829 1733 neeesse
851 1671 910 1731 est.
954 1665 1154 1753 Quamquam
1181 1667 1242 1733 etsi
1270 1670 1319 1732 est
1342 1668 1459 1733 adhuc
1482 1670 1575 1754 apud
1596 1691 1653 1735 aaa

366 1775 404 1838 de
427 1774 510 1837 dono
533 1775 654 1854 vestro,
684 1770 768 1855 quod
796 1769 974 1835 catholicae
1001 1768 1168 1855 religionis
1195 1769 1312 1835 debeat
1339 1771 1456 1835 studio
1482 1770 1652 1855 celebrari,

367 1876 464 1941 etiam
492 1875 570 1939 illdd
597 1877 707 1938 tamen
736 1872 887 1938 convenit
909 1872 1018 1955 justae
1044 1870 1222 1937 devotionis
1249 1870 1412 1957 intelligi,
1452 1876 1493 1939 ut
1522 1872 1653 1939 directis

365 1976 514 2043 litterarii
538 1975 693 2041 sermonis
714 1974 829 2038 officiis
852 1973 990 2060 alloquia
1012 1972 1069 2038 illa
1091 1976 1274 2059 captemus,
1306 1974 1432 2060 quibus
1463 1996 1520 2041 me
1549 1976 1652 2061 ponti·

367 2082 481 2144 ficatus
503 2082 608 2144 vester
634 2076 683 2141 vel
706 2079 909 2161 praesentem
935 2075 1067 2141 monitis
1089 2075 1197 2141 docuit
1223 2076 1274 2141 vel
1295 2076 1477 2141 absentem
1499 2078 1653 2143 interese

366 2182 509 2246 sionibus
532 2179 711 2264 aequisivit.
748 2178 818 2243 Neo
839 2200 928 2243 nune
949 2178 1090 2263 paginae
1105 2178 1284 2262 praesentis
1305 2178 1510 2263 obsequium
1525 2184 1654 2265 reperta

366 2282 590 2369 opportunitas
618 2280 856 2366 complectitur,
888 2280 944 2345 sed
970 2279 1132 2345 destinato
1160 2280 1200 2345 ad
1227 2302 1284 2345 vos
1311 2278 1460 2346 diacono
1483 2283 1652 2367 portitore.

366 2386 434 2450 viro
456 2384 631 2449 venerabili
652 2382 795 2466 iuliano,
824 2383 864 2446 ad
887 2381 1077 2447 universalis
1085 2381 1111 2467 ¹)
1134 2381 1298 2447 Ecclesiae
1320 2383 1518 2467 praesulem
1539 2384 1652 2469 spiritu

366 2490 629 2573 repraesentante
658 2485 886 2550 concurrimus.
941 2482 1064 2550 Crescit
1090 2485 1210 2570 quippe
1236 2484 1479 2551 benefimorum
1507 2486 1652 2551 recorda·

367 2591 454 2655 tione
476 2588 682 2653 desiderium:
705 2608 922 2672 necunquam
943 2586 1022 2651 meis
1038 2586 1100 2651 elui
1116 2586 1263 2651 sensibus
1276 2590 1433 2671 possunt,
1459 2610 1548 2673 qaae
1562 2588 1653 2653 nobis

367 2692 451 2777 apud
472 2691 602 2755 Italiam
629 2692 768 2755 vestram
795 2689 845 2754 vel
872 2688 1067 2774 pontificalis
1096 2688 1281 2774 benignitus
1308 2688 1360 2753 vel
1391 2689 1580 2767 civiliacum)
1606 2712 1651 2755 re-

366 2794 450 2881 galis
464 2792 632 2878 impendit,
656 2814 754 2878 quum
771 2796 844 2877 post
858 2790 1113 2855 familiaritatem
1128 2790 1228 2856 totius
1242 2790 1500 2859 munificentiae
1517 2814 1652 2859 commo

366 2898 416 2962 dis
437 2896 693 2983 praeferendam,
716 2895 791 2980 quia
813 2895 886 2959 istie
906 2893 1038 2958 liberius
1060 2893 1183 2958 laxavit
1203 2891 1355 2977 reditum,
1378 2892 1482 2961 illinc
1504 2898 1651 2962 tenacius

367 3000 472 3065 virrxit
494 2999 655 3063 affectum.

451 3103 482 3166 2.
520 3099 688 3166 Attentior
709 3121 767 3185 pro
789 3097 948 3183 vestris³),
972 3098 1055 3183 quod
1078 3102 1233 3183 superest,
1255 3096 1434 3164 incumbat
1457 3100 1579 3168 oratio.
1616 3100 1652 3166 lu

367 3207 541 3291 augmento
570 3224 707 3287 namque
741 3201 847 3265 ovium
882 3200 997 3265 erescit
1030 3199 1174 3265 custodia
1205 3200 1392 3285 pastoralis.
1453 3200 1570 3269 Sacris
1597 3225 1651 3269 uos

367 3306 583 3393 apostolorum
604 3303 769 3368 liminibus
798 3302 1097 3367 commemoratione
1126 3300 1253 3367 assidua
1272 3306 1557 3389 praesentantes,
1586 3328 1651 3391 spe·

368 3410 441 3476 ciali
465 3409 539 3472 dum
561 3407 670 3471 vixero
693 3404 940 3491 praedicatori⁴)
962 3408 1084 3489 vestro,
1113 3404 1169 3469 arbi
1196 3403 1385 3469 obtinuistis
1410 3406 1569 3489 initium,
1597 3408 1650 3473 im-

367 3515 492 3598 petrate
515 3510 704 3593 profectum.
742 3506 873 3572 Litteris
895 3527 965 3590 nos,
988 3506 1194 3591 inquantum
1215 3504 1421 3591 possibilitas
1443 3510 1579 3594 patitur
1598 3514 1651 3575 aut

367 3790 456 3839 mado.
487 3785 603 3848 Quamuis
625 3785 693 3834 ratio
716 3785 805 3849 eaeipat
826 3788 854 3832 ul
869 3783 1033 3846 fraternitati
1055 3790 1114 3832 luae
1132 3782 1216 3833 nostri
1234 3781 1381 3835 meamea
1395 3784 1539 3847 middin
1556 3787 1649 3837 narie·

368 3890 431 3934 raus,
463 3881 544 3923 tumea
567 3872 616 3921 ua
637 3870 759 3933 benefida
780 3874 876 3920 tacere.
922 3862 1029 3918 Deinde
1055 3862 1180 3930 sequtus
1207 3860 1328 3932 epistola
1351 3859 1462 3919 Felicis
1491 3864 1533 3921 ul
1555 3864 1649 3922 (hen-

368 3954 440 4009 rium
458 3956 525 4022 (c¹¹).
1080 4000 1084 4007 ,

439 4041 457 4106 ¹)
475 4037 568 4092 Variis
585 4036 615 4091 in
632 4034 733 4089 libellis
752 4033 856 4089 actioni
873 4041 889 4089 3
907 4032 1016 4087 concilii
1033 4030 1265 4088 Calchedcueusis
1281 4030 1400 4086 insertis
1418 4032 1481 4089 Leo
1499 4040 1649 4091 emar

367 4130 574 4192 (archiepiscopus
595 4122 777 4190 nuncupatur.
814 4118 870 4173 Sed
891 4117 958 4173 lieet
977 4116 1018 4172 illi
1043 4116 1214 4188 apostolicae
1239 4115 1313 4171 sedis
1335 4118 1466 4185 praetuli
1490 4120 1593 4176 datum
1615 4120 1647 4175 sir

275 4262 284 4279 ,
368 4208 549 4265 honorificum
566 4207 635 4261 illud
652 4223 762 4272 nomen,
780 4205 937 4260 obtestatum
954 4204 1050 4259 tamen
1068 4201 1220 4271 Gregorius
1241 4200 1289 4255 lib.
1309 4200 1494 4259 al.81nd.1
1515 4206 1648 4277 opimat

368 4292 644 4358 adnihilabuntur,
671 4308 703 4345 ae
721 4289 768 4344 lib.
789 4289 823 4345 al.
839 4296 863 4344 5.
882 4288 987 4344 Ind13
1009 4288 1090 4359 epist.
1103 4294 1149 4353 20,
1175 4285 1334 4341 decessores
1355 4302 1427 4343 suos
1450 4306 1489 4345 ea
1514 4290 1648 4347 medea&

367 4380 451 4435 luisse
468 4379 597 4442 testastur,
616 4387 641 4430 ul
660 4382 740 4430 niallam
757 4395 843 4430 eorum
860 4394 967 4443 uuquam
983 4378 1031 4428 doe
1047 4377 1233 4442 stapulara'talia
1249 4379 1348 4426 nonne
1366 4377 1409 4427 arti
1425 4382 1603 4431 concaede

434 4467 456 4531 ²)
474 4464 526 4517 Hic
542 4461 673 4517 laudatur
691 4460 807 4515 comitas
826 4458 992 4514 Theoderici
1010 4456 1093 4526 rogis.

437 4553 457 4617 ³)
475 4547 508 4602 ld
525 4550 574 4613 est,
592 4562 643 4617 pro
662 4546 750 4611 nobis,
767 4544 815 4614 qni
829 4545 889 4614 jam
906 4542 992 4598 vostri
1009 4560 1110 4598 sumus.
1150 4542 1258 4613 Quippe
1275 4540 1483 4611 sigismundus
1500 4546 1649 4601 acumine

369 4635 406 4689 ad
424 4632 526 4688 Christi
543 4632 626 4686 fidem
644 4645 803 4697 eorrversus,
830 4646 891 4684 sese
915 4646 978 4683 cum
995 4629 1063 4690 suis,
1091 4627 1139 4698 qni
1157 4626 1315 4698 exemplum
1337 4624 1432 4697 ipsium
1449 4630 1548 4687 secuti
1564 4640 1649 4691 mu

369 4718 467 4774 summi
485 4716 605 4787 pastoris
623 4714 760 4786 precibus,
779 4716 810 4769 ut
828 4714 865 4767 ad
880 4713 954 4767 illius
972 4730 1067 4768 curam
1084 4712 1226 4784 partinens
1243 4712 1438 4770 emmenum.

437 4805 459 4870 ⁴)
476 4802 571 4856 Prima
589 4802 680 4855 l'routc
697 4799 803 4869 placuit
815 4805 947 4867 precatori
964 4811 1056 4854 uestro.
1082 4798 1244 4853 detinemus
1254 4798 1352 4852 tamen
1362 4806 1567 4869 praedicasses,
1583 4800 1650 4859 naso

370 4890 400 4944 ut
419 4888 466 4942 nbi
485 4886 684 4957 sigismundus,
703 4884 796 4957 quoad
813 4883 921 4953 vixerit,
939 4868 1144 4956 Symmachise
1160 4880 1336 4941 mutarem
1354 4884 1547 4955 profiteatur.
