<?xml version="1.0" encoding="UTF-8"?>
<!DOCTYPE html PUBLIC "-//W3C//DTD XHTML 1.0 Transitional//EN"
    "http://www.w3.org/TR/xhtml1/DTD/xhtml1-transitional.dtd">
<html xmlns="http://www.w3.org/1999/xhtml" xml:lang="en" lang="en">
 <head>
  <title>
</title>
<meta http-equiv="Content-Type" content="text/html;charset=utf-8" />
  <meta name='ocr-system' content='tesseract 3.04.00' />
  <meta name='ocr-capabilities' content='ocr_page ocr_carea ocr_par ocr_line ocrx_word'/>
</head>
<body>
  <div class='ocr_page' id='page_1' title='image "./epistolaeromano00cousgoog/epistolaeromano00cousgoog_0933.png"; bbox 0 0 3412 5664; ppageno 0'>
   <div class='ocr_carea' id='block_1_1' title="bbox 207 659 339 797">
    <p class='ocr_par' dir='ltr' id='par_1_1' title="bbox 207 659 339 797">
     <span class='ocr_line' id='line_1_1' title="bbox 207 659 339 723; baseline 0.008 -11"><span class='ocrx_word' id='word_1_1' title='bbox 207 662 242 723; x_wconf 87' lang='lat' dir='ltr'>(a.</span> <span class='ocrx_word' id='word_1_2' title='bbox 250 665 300 713; x_wconf 76' lang='grc'>619</span> <span class='ocrx_word' id='word_1_3' title='bbox 312 659 339 713; x_wconf 87' lang='lat' dir='ltr'>d.</span> 
     </span>
     <span class='ocr_line' id='line_1_2' title="bbox 212 727 327 797; baseline -0.017 -15"><span class='ocrx_word' id='word_1_4' title='bbox 212 735 228 782; x_wconf 77' lang='lat'>⁶2</span> <span class='ocrx_word' id='word_1_5' title='bbox 239 727 327 797; x_wconf 83' lang='lat' dir='ltr'>Sept.)</span> 
     </span>
    </p>
   </div>
   <div class='ocr_carea' id='block_1_2' title="bbox 208 3312 332 3433">
    <p class='ocr_par' dir='ltr' id='par_1_2' title="bbox 208 3312 332 3433">
     <span class='ocr_line' id='line_1_3' title="bbox 208 3312 332 3366; baseline 0.016 -3"><span class='ocrx_word' id='word_1_6' title='bbox 208 3328 233 3365; x_wconf 83' lang='lat' dir='ltr'>a.</span> <span class='ocrx_word' id='word_1_7' title='bbox 245 3317 294 3365; x_wconf 80' lang='grc'>919</span> <span class='ocrx_word' id='word_1_8' title='bbox 307 3312 332 3366; x_wconf 86' lang='lat' dir='ltr'>d.</span> 
     </span>
     <span class='ocr_line' id='line_1_4' title="bbox 216 3380 319 3433; baseline 0.019 -2"><span class='ocrx_word' id='word_1_9' title='bbox 216 3389 245 3433; x_wconf 78' lang='lat'>13</span> <span class='ocrx_word' id='word_1_10' title='bbox 259 3380 319 3433; x_wconf 83' lang='lat' dir='ltr'>Oct.</span> 
     </span>
    </p>
   </div>
   <div class='ocr_carea' id='block_1_3' title="bbox 776 332 1164 383">
    <p class='ocr_par' dir='ltr' id='par_1_3' title="bbox 776 332 1164 383">
     <span class='ocr_line' id='line_1_5' title="bbox 776 332 1164 383; baseline -0.01 0"><span class='ocrx_word' id='word_1_11' title='bbox 776 334 804 383; x_wconf 85' lang='lat' dir='ltr'>S.</span> <span class='ocrx_word' id='word_1_12' title='bbox 820 333 1028 382; x_wconf 76' lang='lat' dir='ltr'>llossnsnnn</span> <span class='ocrx_word' id='word_1_13' title='bbox 1050 332 1164 380; x_wconf 70' lang='lat' dir='ltr'><strong>PAPAE</strong></span> 
     </span>
    </p>
   </div>
   <div class='ocr_carea' id='block_1_4' title="bbox 846 521 1113 625">
    <p class='ocr_par' dir='ltr' id='par_1_4' title="bbox 846 521 1113 625">
     <span class='ocr_line' id='line_1_6' title="bbox 846 521 1113 625; baseline 0.011 -21"><span class='ocrx_word' id='word_1_14' title='bbox 846 521 1028 625; x_wconf 77' lang='lat' dir='ltr'>Epistola</span> <span class='ocrx_word' id='word_1_15' title='bbox 1053 524 1113 607; x_wconf 87' lang='grc'>96.</span> 
     </span>
    </p>
   </div>
   <div class='ocr_carea' id='block_1_5' title="bbox 476 674 1485 758">
    <p class='ocr_par' dir='ltr' id='par_1_5' title="bbox 476 674 1485 758">
     <span class='ocr_line' id='line_1_7' title="bbox 476 674 1485 758; baseline -0.001 -15"><span class='ocrx_word' id='word_1_16' title='bbox 476 677 688 743; x_wconf 81' lang='lat' dir='ltr'>Hormisdou</span> <span class='ocrx_word' id='word_1_17' title='bbox 710 692 820 758; x_wconf 88' lang='lat' dir='ltr'>papae</span> <span class='ocrx_word' id='word_1_18' title='bbox 842 675 886 741; x_wconf 88' lang='lat' dir='ltr'>ad</span> <span class='ocrx_word' id='word_1_19' title='bbox 909 674 1128 742; x_wconf 75' lang='lat' dir='ltr'><strong>Germanum</strong></span> <span class='ocrx_word' id='word_1_20' title='bbox 1151 678 1273 744; x_wconf 78' lang='lat' dir='ltr'>virum</span> <span class='ocrx_word' id='word_1_21' title='bbox 1294 676 1485 743; x_wconf 76' lang='lat' dir='ltr'><strong>illustrem.</strong></span> 
     </span>
    </p>
   </div>
   <div class='ocr_carea' id='block_1_6' title="bbox 383 795 1669 966">
    <p class='ocr_par' dir='ltr' id='par_1_6' title="bbox 383 795 1669 966">
     <span class='ocr_line' id='line_1_8' title="bbox 383 795 1669 882; baseline -0.001 -16"><span class='ocrx_word' id='word_1_22' title='bbox 383 818 435 868; x_wconf 86' lang='lat' dir='ltr'>Pro</span> <span class='ocrx_word' id='word_1_23' title='bbox 453 818 544 882; x_wconf 72' lang='lat' dir='ltr'>officiis</span> <span class='ocrx_word' id='word_1_24' title='bbox 562 818 694 868; x_wconf 77' lang='lat' dir='ltr'><em>Ecclesiae</em></span> <span class='ocrx_word' id='word_1_25' title='bbox 711 819 843 882; x_wconf 80' lang='lat' dir='ltr'>praestitis</span> <span class='ocrx_word' id='word_1_26' title='bbox 863 818 964 882; x_wconf 75' lang='lat' dir='ltr'>pretim</span> <span class='ocrx_word' id='word_1_27' title='bbox 981 832 1071 882; x_wconf 74' lang='lat' dir='ltr'>opens,</span> <span class='ocrx_word' id='word_1_28' title='bbox 1095 832 1197 867; x_wconf 82' lang='lat' dir='ltr'>caesam</span> <span class='ocrx_word' id='word_1_29' title='bbox 1216 816 1303 875; x_wconf 71' lang='lat' dir='ltr'>Elide,</span> <span class='ocrx_word' id='word_1_30' title='bbox 1332 816 1439 869; x_wconf 68' lang='lat' dir='ltr'>raom</span> <span class='ocrx_word' id='word_1_31' title='bbox 1456 825 1479 868; x_wconf 85' lang='lat' dir='ltr'>et</span> <span class='ocrx_word' id='word_1_32' title='bbox 1494 818 1565 869; x_wconf 54' lang='lat' dir='ltr'>samo</span> <span class='ocrx_word' id='word_1_33' title='bbox 1625 795 1669 865; x_wconf 51' lang='lat' dir='ltr'>bi*</span> 
     </span>
     <span class='ocr_line' id='line_1_9' title="bbox 790 903 1177 966; baseline 0.008 -15"><span class='ocrx_word' id='word_1_34' title='bbox 790 903 867 952; x_wconf 84' lang='lat' dir='ltr'>strati</span> <span class='ocrx_word' id='word_1_35' title='bbox 884 904 995 966; x_wconf 82' lang='lat' dir='ltr'>impense</span> <span class='ocrx_word' id='word_1_36' title='bbox 1014 905 1177 954; x_wconf 77' lang='lat' dir='ltr'><strong><em>commendat.</em></strong></span> 
     </span>
    </p>
   </div>
   <div class='ocr_carea' id='block_1_7' title="bbox 498 1035 1385 1121">
    <p class='ocr_par' dir='ltr' id='par_1_7' title="bbox 498 1035 1385 1121">
     <span class='ocr_line' id='line_1_10' title="bbox 498 1035 1385 1121; baseline 0 -21"><span class='ocrx_word' id='word_1_37' title='bbox 498 1036 707 1100; x_wconf 84' lang='lat' dir='ltr'>Hormisda</span> <span class='ocrx_word' id='word_1_38' title='bbox 730 1036 925 1100; x_wconf 78' lang='lat' dir='ltr'>Germano</span> <span class='ocrx_word' id='word_1_39' title='bbox 948 1035 1034 1100; x_wconf 89' lang='lat' dir='ltr'>viro</span> <span class='ocrx_word' id='word_1_40' title='bbox 1056 1035 1385 1121; x_wconf 84' lang='lat' dir='ltr'>illustrissimo¹).</span> 
     </span>
    </p>
   </div>
   <div class='ocr_carea' id='block_1_8' title="bbox 344 1154 1669 3075">
    <p class='ocr_par' dir='ltr' id='par_1_8' title="bbox 344 1154 1669 3075">
     <span class='ocr_line' id='line_1_11' title="bbox 431 1154 1657 1240; baseline 0.006 -22"><span class='ocrx_word' id='word_1_41' title='bbox 431 1156 675 1219; x_wconf 81' lang='lat' dir='ltr'>Excubantibus</span> <span class='ocrx_word' id='word_1_42' title='bbox 696 1155 786 1218; x_wconf 82' lang='lat' dir='ltr'>vobis</span> <span class='ocrx_word' id='word_1_43' title='bbox 808 1154 966 1238; x_wconf 80' lang='lat' dir='ltr'>probabili</span> <span class='ocrx_word' id='word_1_44' title='bbox 989 1176 1047 1239; x_wconf 91' lang='lat' dir='ltr'>pro</span> <span class='ocrx_word' id='word_1_45' title='bbox 1070 1156 1288 1220; x_wconf 85' lang='lat' dir='ltr'>ecclesiastiea</span> <span class='ocrx_word' id='word_1_46' title='bbox 1306 1177 1387 1238; x_wconf 81' lang='lat' dir='ltr'>pace</span> <span class='ocrx_word' id='word_1_47' title='bbox 1402 1158 1553 1240; x_wconf 86' lang='lat' dir='ltr'>proposito</span> <span class='ocrx_word' id='word_1_48' title='bbox 1594 1164 1657 1227; x_wconf 71' lang='lat' dir='ltr'>et</span> 
     </span>
     <span class='ocr_line' id='line_1_12' title="bbox 347 1257 1662 1345; baseline 0.005 -24"><span class='ocrx_word' id='word_1_49' title='bbox 347 1261 439 1322; x_wconf 87' lang='lat' dir='ltr'>tanto</span> <span class='ocrx_word' id='word_1_50' title='bbox 462 1258 535 1321; x_wconf 86' lang='lat' dir='ltr'>fidei</span> <span class='ocrx_word' id='word_1_51' title='bbox 559 1257 662 1321; x_wconf 88' lang='lat' dir='ltr'>calore</span> <span class='ocrx_word' id='word_1_52' title='bbox 685 1257 884 1322; x_wconf 85' lang='lat' dir='ltr'>ferventibus</span> <span class='ocrx_word' id='word_1_53' title='bbox 900 1257 1078 1340; x_wconf 85' lang='lat' dir='ltr'>gratiarum</span> <span class='ocrx_word' id='word_1_54' title='bbox 1100 1259 1184 1322; x_wconf 86' lang='lat' dir='ltr'>actio</span> <span class='ocrx_word' id='word_1_55' title='bbox 1207 1258 1276 1321; x_wconf 84' lang='lat' dir='ltr'>sola</span> <span class='ocrx_word' id='word_1_56' title='bbox 1296 1279 1365 1321; x_wconf 88' lang='lat' dir='ltr'>non</span> <span class='ocrx_word' id='word_1_57' title='bbox 1386 1257 1518 1342; x_wconf 72' lang='lat' dir='ltr'>suffieit,</span> <span class='ocrx_word' id='word_1_58' title='bbox 1537 1263 1662 1345; x_wconf 74' lang='lat' dir='ltr'>quia</span> 
     </span>
     <span class='ocr_line' id='line_1_13' title="bbox 346 1358 1661 1445; baseline 0.006 -22"><span class='ocrx_word' id='word_1_59' title='bbox 346 1382 406 1424; x_wconf 86' lang='lat' dir='ltr'>nee</span> <span class='ocrx_word' id='word_1_60' title='bbox 421 1384 476 1423; x_wconf 52' lang='lat' dir='ltr'>scos</span> <span class='ocrx_word' id='word_1_61' title='bbox 490 1360 650 1423; x_wconf 79' lang='lat' dir='ltr'>humanae</span> <span class='ocrx_word' id='word_1_62' title='bbox 665 1358 769 1422; x_wconf 91' lang='lat' dir='ltr'>laudis</span> <span class='ocrx_word' id='word_1_63' title='bbox 784 1358 1009 1442; x_wconf 78' lang='lat' dir='ltr'>praerogativa</span> <span class='ocrx_word' id='word_1_64' title='bbox 1024 1358 1187 1444; x_wconf 85' lang='lat' dir='ltr'>sollicitat,</span> <span class='ocrx_word' id='word_1_65' title='bbox 1207 1361 1262 1424; x_wconf 89' lang='lat' dir='ltr'>sed</span> <span class='ocrx_word' id='word_1_66' title='bbox 1278 1359 1408 1424; x_wconf 88' lang='lat' dir='ltr'>divinae</span> <span class='ocrx_word' id='word_1_67' title='bbox 1424 1366 1661 1445; x_wconf 52' lang='lat' dir='ltr'>exspectatis.</span> 
     </span>
     <span class='ocr_line' id='line_1_14' title="bbox 347 1459 1658 1559; baseline 0.002 -34"><span class='ocrx_word' id='word_1_68' title='bbox 347 1462 566 1526; x_wconf 73' lang='lat' dir='ltr'>retributionis</span> <span class='ocrx_word' id='word_1_69' title='bbox 587 1461 777 1525; x_wconf 88' lang='lat' dir='ltr'>inflammat.</span> <span class='ocrx_word' id='word_1_70' title='bbox 822 1459 912 1536; x_wconf 76' lang='lat' dir='ltr'>Quod</span> <span class='ocrx_word' id='word_1_71' title='bbox 934 1460 1035 1541; x_wconf 69' lang='lat' dir='ltr'>igitur</span> <span class='ocrx_word' id='word_1_72' title='bbox 1057 1463 1195 1526; x_wconf 83' lang='lat' dir='ltr'>maxime</span> <span class='ocrx_word' id='word_1_73' title='bbox 1218 1462 1389 1544; x_wconf 88' lang='lat' dir='ltr'>debemus,</span> <span class='ocrx_word' id='word_1_74' title='bbox 1418 1463 1658 1559; x_wconf 50' lang='lat' dir='ltr'>exsolvimus,</span> 
     </span>
     <span class='ocr_line' id='line_1_15' title="bbox 347 1562 1655 1647; baseline 0.002 -20"><span class='ocrx_word' id='word_1_75' title='bbox 347 1566 378 1627; x_wconf 89' lang='lat' dir='ltr'>et</span> <span class='ocrx_word' id='word_1_76' title='bbox 406 1563 510 1626; x_wconf 87' lang='lat' dir='ltr'>Deum</span> <span class='ocrx_word' id='word_1_77' title='bbox 539 1567 702 1645; x_wconf 87' lang='lat' dir='ltr'>nostrum,</span> <span class='ocrx_word' id='word_1_78' title='bbox 738 1562 826 1645; x_wconf 89' lang='lat' dir='ltr'>cujus</span> <span class='ocrx_word' id='word_1_79' title='bbox 855 1586 910 1626; x_wconf 71' lang='lat' dir='ltr'>VOS</span> <span class='ocrx_word' id='word_1_80' title='bbox 941 1563 1044 1626; x_wconf 89' lang='lat' dir='ltr'>causis</span> <span class='ocrx_word' id='word_1_81' title='bbox 1072 1563 1275 1647; x_wconf 85' lang='lat' dir='ltr'>impenditis,</span> <span class='ocrx_word' id='word_1_82' title='bbox 1308 1586 1367 1647; x_wconf 90' lang='lat' dir='ltr'>pro</span> <span class='ocrx_word' id='word_1_83' title='bbox 1397 1564 1655 1645; x_wconf 55' lang='lat' dir='ltr'>ineolumiiat,d</span> 
     </span>
     <span class='ocr_line' id='line_1_16' title="bbox 345 1665 1650 1750; baseline 0.004 -21"><span class='ocrx_word' id='word_1_84' title='bbox 345 1669 452 1730; x_wconf 81' lang='lat' dir='ltr'>vestra</span> <span class='ocrx_word' id='word_1_85' title='bbox 475 1666 616 1746; x_wconf 84' lang='lat' dir='ltr'>quotidie</span> <span class='ocrx_word' id='word_1_86' title='bbox 638 1665 862 1750; x_wconf 78' lang='lat' dir='ltr'>deprecamur,</span> <span class='ocrx_word' id='word_1_87' title='bbox 893 1667 1062 1747; x_wconf 83' lang='lat' dir='ltr'>rogantes,</span> <span class='ocrx_word' id='word_1_88' title='bbox 1090 1669 1126 1728; x_wconf 93' lang='lat' dir='ltr'>ut</span> <span class='ocrx_word' id='word_1_89' title='bbox 1147 1666 1287 1729; x_wconf 89' lang='lat' dir='ltr'>studium</span> <span class='ocrx_word' id='word_1_90' title='bbox 1310 1669 1453 1730; x_wconf 80' lang='lat' dir='ltr'>vest-rum</span> <span class='ocrx_word' id='word_1_91' title='bbox 1474 1667 1506 1731; x_wconf 89' lang='lat' dir='ltr'>iu</span> <span class='ocrx_word' id='word_1_92' title='bbox 1526 1690 1620 1742; x_wconf 71' lang='lat' dir='ltr'>omn</span> <span class='ocrx_word' id='word_1_93' title='bbox 1630 1684 1650 1745; x_wconf 80' lang='lat' dir='ltr'>i</span> 
     </span>
     <span class='ocr_line' id='line_1_17' title="bbox 346 1766 1645 1851; baseline 0.005 -22"><span class='ocrx_word' id='word_1_94' title='bbox 346 1790 403 1851; x_wconf 92' lang='lat' dir='ltr'>pro</span> <span class='ocrx_word' id='word_1_95' title='bbox 426 1768 659 1832; x_wconf 87' lang='lat' dir='ltr'>ecclesiasticae</span> <span class='ocrx_word' id='word_1_96' title='bbox 682 1766 817 1830; x_wconf 88' lang='lat' dir='ltr'>unitatis</span> <span class='ocrx_word' id='word_1_97' title='bbox 840 1768 957 1830; x_wconf 77' lang='lat' dir='ltr'>ellectu</span> <span class='ocrx_word' id='word_1_98' title='bbox 979 1770 1070 1848; x_wconf 87' lang='lat' dir='ltr'>parte</span> <span class='ocrx_word' id='word_1_99' title='bbox 1098 1767 1145 1831; x_wconf 87' lang='lat' dir='ltr'>sic</span> <span class='ocrx_word' id='word_1_100' title='bbox 1173 1768 1312 1849; x_wconf 87' lang='lat' dir='ltr'>ferveat,</span> <span class='ocrx_word' id='word_1_101' title='bbox 1341 1769 1380 1831; x_wconf 87' lang='lat' dir='ltr'>ut</span> <span class='ocrx_word' id='word_1_102' title='bbox 1407 1768 1511 1833; x_wconf 88' lang='lat' dir='ltr'>nullus</span> <span class='ocrx_word' id='word_1_103' title='bbox 1535 1770 1609 1843; x_wconf 70' lang='lat' dir='ltr'>bon</span> <span class='ocrx_word' id='word_1_104' title='bbox 1622 1782 1645 1842; x_wconf 80' lang='lat' dir='ltr'>i</span> 
     </span>
     <span class='ocr_line' id='line_1_18' title="bbox 346 1868 1639 1954; baseline 0.005 -21"><span class='ocrx_word' id='word_1_105' title='bbox 346 1871 546 1954; x_wconf 84' lang='lat' dir='ltr'>relinquatur</span> <span class='ocrx_word' id='word_1_106' title='bbox 567 1871 654 1933; x_wconf 90' lang='lat' dir='ltr'>locus</span> <span class='ocrx_word' id='word_1_107' title='bbox 676 1869 785 1949; x_wconf 88' lang='lat' dir='ltr'>officii,</span> <span class='ocrx_word' id='word_1_108' title='bbox 811 1868 864 1931; x_wconf 78' lang='lat' dir='ltr'>irbi</span> <span class='ocrx_word' id='word_1_109' title='bbox 885 1891 951 1931; x_wconf 92' lang='lat' dir='ltr'>non</span> <span class='ocrx_word' id='word_1_110' title='bbox 965 1870 1111 1952; x_wconf 88' lang='lat' dir='ltr'>paternis</span> <span class='ocrx_word' id='word_1_111' title='bbox 1126 1870 1247 1954; x_wconf 78' lang='lat' dir='ltr'>regulis</span> <span class='ocrx_word' id='word_1_112' title='bbox 1262 1872 1389 1934; x_wconf 80' lang='lat' dir='ltr'>restrae</span> <span class='ocrx_word' id='word_1_113' title='bbox 1404 1871 1639 1953; x_wconf 83' lang='lat' dir='ltr'>patrocinium</span> 
     </span>
     <span class='ocr_line' id='line_1_19' title="bbox 346 1970 1636 2056; baseline 0.001 -22"><span class='ocrx_word' id='word_1_114' title='bbox 346 1971 540 2036; x_wconf 88' lang='lat' dir='ltr'>defensionis</span> <span class='ocrx_word' id='word_1_115' title='bbox 569 1970 708 2035; x_wconf 84' lang='lat' dir='ltr'>assistat.</span> <span class='ocrx_word' id='word_1_116' title='bbox 753 1970 928 2054; x_wconf 83' lang='lat' dir='ltr'>Praecipue</span> <span class='ocrx_word' id='word_1_117' title='bbox 954 1973 1063 2035; x_wconf 86' lang='lat' dir='ltr'>tamen</span> <span class='ocrx_word' id='word_1_118' title='bbox 1091 1971 1200 2055; x_wconf 87' lang='lat' dir='ltr'>Eliae,</span> <span class='ocrx_word' id='word_1_119' title='bbox 1229 1970 1373 2036; x_wconf 82' lang='lat' dir='ltr'>Thomas</span> <span class='ocrx_word' id='word_1_120' title='bbox 1401 1976 1495 2056; x_wconf 87' lang='lat' dir='ltr'>atque</span> <span class='ocrx_word' id='word_1_121' title='bbox 1518 1971 1636 2039; x_wconf 73' lang='lat' dir='ltr'>Nice»-</span> 
     </span>
     <span class='ocr_line' id='line_1_20' title="bbox 345 2072 1632 2161; baseline 0 -25"><span class='ocrx_word' id='word_1_122' title='bbox 345 2073 438 2137; x_wconf 87' lang='lat' dir='ltr'>strati</span> <span class='ocrx_word' id='word_1_123' title='bbox 463 2076 599 2137; x_wconf 76' lang='lat' dir='ltr'>fratrum</span> <span class='ocrx_word' id='word_1_124' title='bbox 622 2076 655 2137; x_wconf 90' lang='lat' dir='ltr'>et</span> <span class='ocrx_word' id='word_1_125' title='bbox 677 2072 935 2156; x_wconf 82' lang='lat' dir='ltr'>coepiscoporum</span> <span class='ocrx_word' id='word_1_126' title='bbox 958 2076 1140 2137; x_wconf 74' lang='lat' dir='ltr'>nostrorum</span> <span class='ocrx_word' id='word_1_127' title='bbox 1162 2096 1259 2138; x_wconf 79' lang='lat' dir='ltr'>carisa</span> <span class='ocrx_word' id='word_1_128' title='bbox 1277 2096 1337 2138; x_wconf 89' lang='lat' dir='ltr'>nos</span> <span class='ocrx_word' id='word_1_129' title='bbox 1352 2078 1530 2157; x_wconf 80' lang='lat' dir='ltr'>connnoret,</span> <span class='ocrx_word' id='word_1_130' title='bbox 1545 2074 1632 2161; x_wconf 74' lang='lat' dir='ltr'>pai</span> 
     </span>
     <span class='ocr_line' id='line_1_21' title="bbox 346 2175 1629 2259; baseline 0.005 -22"><span class='ocrx_word' id='word_1_131' title='bbox 346 2176 442 2259; x_wconf 89' lang='lat' dir='ltr'>primi</span> <span class='ocrx_word' id='word_1_132' title='bbox 469 2176 587 2239; x_wconf 76' lang='lat' dir='ltr'>mirando</span> <span class='ocrx_word' id='word_1_133' title='bbox 616 2175 829 2239; x_wconf 88' lang='lat' dir='ltr'>neeessariam</span> <span class='ocrx_word' id='word_1_134' title='bbox 861 2176 961 2238; x_wconf 88' lang='lat' dir='ltr'>secuti</span> <span class='ocrx_word' id='word_1_135' title='bbox 996 2175 1214 2259; x_wconf 86' lang='lat' dir='ltr'>concordiam,</span> <span class='ocrx_word' id='word_1_136' title='bbox 1249 2177 1457 2241; x_wconf 86' lang='lat' dir='ltr'>ecclesiarum</span> <span class='ocrx_word' id='word_1_137' title='bbox 1486 2198 1629 2243; x_wconf 76' lang='lat' dir='ltr'>suerum</span> 
     </span>
     <span class='ocr_line' id='line_1_22' title="bbox 345 2276 1625 2362; baseline 0.001 -22"><span class='ocrx_word' id='word_1_138' title='bbox 345 2277 525 2360; x_wconf 81' lang='lat' dir='ltr'>privatione</span> <span class='ocrx_word' id='word_1_139' title='bbox 547 2277 702 2361; x_wconf 86' lang='lat' dir='ltr'>perculsi,</span> <span class='ocrx_word' id='word_1_140' title='bbox 734 2299 805 2341; x_wconf 88' lang='lat' dir='ltr'>cum</span> <span class='ocrx_word' id='word_1_141' title='bbox 828 2276 1060 2341; x_wconf 81' lang='lat' dir='ltr'>venerabilium</span> <span class='ocrx_word' id='word_1_142' title='bbox 1081 2300 1205 2362; x_wconf 84' lang='lat' dir='ltr'>quoque</span> <span class='ocrx_word' id='word_1_143' title='bbox 1234 2299 1395 2343; x_wconf 80' lang='lat' dir='ltr'>curionum</span> <span class='ocrx_word' id='word_1_144' title='bbox 1424 2280 1625 2345; x_wconf 75' lang='lat' dir='ltr'>contumelia</span> 
     </span>
     <span class='ocr_line' id='line_1_23' title="bbox 345 2378 1623 2465; baseline 0.002 -23"><span class='ocrx_word' id='word_1_145' title='bbox 345 2379 582 2463; x_wconf 69' lang='lat' dir='ltr'>deminuuntur,</span> <span class='ocrx_word' id='word_1_146' title='bbox 612 2380 710 2463; x_wconf 86' lang='lat' dir='ltr'>fitque</span> <span class='ocrx_word' id='word_1_147' title='bbox 732 2378 795 2442; x_wconf 88' lang='lat' dir='ltr'>illis</span> <span class='ocrx_word' id='word_1_148' title='bbox 817 2379 966 2462; x_wconf 85' lang='lat' dir='ltr'>propriae</span> <span class='ocrx_word' id='word_1_149' title='bbox 992 2379 1263 2444; x_wconf 80' lang='lat' dir='ltr'>reconciliationis</span> <span class='ocrx_word' id='word_1_150' title='bbox 1285 2380 1391 2465; x_wconf 79' lang='lat' dir='ltr'>gloria</span> <span class='ocrx_word' id='word_1_151' title='bbox 1414 2403 1504 2447; x_wconf 84' lang='lat' dir='ltr'>eausa</span> <span class='ocrx_word' id='word_1_152' title='bbox 1521 2381 1623 2445; x_wconf 81' lang='lat' dir='ltr'>dilii-</span> 
     </span>
     <span class='ocr_line' id='line_1_24' title="bbox 346 2480 1618 2568; baseline 0.002 -24"><span class='ocrx_word' id='word_1_153' title='bbox 346 2481 430 2563; x_wconf 84' lang='lat' dir='ltr'>cilis,</span> <span class='ocrx_word' id='word_1_154' title='bbox 459 2481 550 2564; x_wconf 85' lang='lat' dir='ltr'>quasi</span> <span class='ocrx_word' id='word_1_155' title='bbox 573 2481 634 2565; x_wconf 90' lang='lat' dir='ltr'>ipsi</span> <span class='ocrx_word' id='word_1_156' title='bbox 656 2480 760 2564; x_wconf 78' lang='lat' dir='ltr'>magis</span> <span class='ocrx_word' id='word_1_157' title='bbox 782 2481 950 2568; x_wconf 46' lang='lat' dir='ltr'>pertinaci·</span> <span class='ocrx_word' id='word_1_158' title='bbox 964 2485 1072 2545; x_wconf 78' lang='lat' dir='ltr'>niente</span> <span class='ocrx_word' id='word_1_159' title='bbox 1094 2482 1289 2565; x_wconf 86' lang='lat' dir='ltr'>restiterint,</span> <span class='ocrx_word' id='word_1_160' title='bbox 1320 2486 1353 2547; x_wconf 88' lang='lat' dir='ltr'>et</span> <span class='ocrx_word' id='word_1_161' title='bbox 1376 2484 1446 2548; x_wconf 85' lang='lat' dir='ltr'>aliis</span> <span class='ocrx_word' id='word_1_162' title='bbox 1466 2484 1503 2549; x_wconf 80' lang='lat' dir='ltr'>ed</span> <span class='ocrx_word' id='word_1_163' title='bbox 1519 2482 1618 2547; x_wconf 71' lang='lat' dir='ltr'>scus</span> 
     </span>
     <span class='ocr_line' id='line_1_25' title="bbox 346 2583 1615 2670; baseline 0.001 -24"><span class='ocrx_word' id='word_1_164' title='bbox 346 2583 539 2667; x_wconf 83' lang='lat' dir='ltr'>apostolieae</span> <span class='ocrx_word' id='word_1_165' title='bbox 566 2583 773 2646; x_wconf 84' lang='lat' dir='ltr'>redeuntibus</span> <span class='ocrx_word' id='word_1_166' title='bbox 801 2584 960 2646; x_wconf 75' lang='lat' dir='ltr'>trinitatem</span> <span class='ocrx_word' id='word_1_167' title='bbox 986 2583 1048 2666; x_wconf 88' lang='lat' dir='ltr'>ipsi</span> <span class='ocrx_word' id='word_1_168' title='bbox 1075 2583 1240 2648; x_wconf 82' lang='lat' dir='ltr'>Ecclesiae</span> <span class='ocrx_word' id='word_1_169' title='bbox 1262 2585 1368 2670; x_wconf 61' lang='lat' dir='ltr'>maffl&#39;s</span> <span class='ocrx_word' id='word_1_170' title='bbox 1391 2585 1520 2650; x_wconf 83' lang='lat' dir='ltr'>membra</span> <span class='ocrx_word' id='word_1_171' title='bbox 1535 2583 1615 2647; x_wconf 75' lang='lat' dir='ltr'>lis-</span> 
     </span>
     <span class='ocr_line' id='line_1_26' title="bbox 345 2684 1609 2771; baseline -0.003 -21"><span class='ocrx_word' id='word_1_172' title='bbox 345 2687 533 2768; x_wconf 89' lang='lat' dir='ltr'>cerpserint.</span> <span class='ocrx_word' id='word_1_173' title='bbox 585 2684 675 2759; x_wconf 71' lang='lat' dir='ltr'>Quod</span> <span class='ocrx_word' id='word_1_174' title='bbox 709 2707 805 2769; x_wconf 87' lang='lat' dir='ltr'>quam</span> <span class='ocrx_word' id='word_1_175' title='bbox 838 2685 931 2748; x_wconf 90' lang='lat' dir='ltr'>nobis</span> <span class='ocrx_word' id='word_1_176' title='bbox 965 2686 1080 2748; x_wconf 89' lang='lat' dir='ltr'>durum</span> <span class='ocrx_word' id='word_1_177' title='bbox 1108 2686 1151 2750; x_wconf 88' lang='lat' dir='ltr'>sit</span> <span class='ocrx_word' id='word_1_178' title='bbox 1183 2709 1342 2771; x_wconf 87' lang='lat' dir='ltr'>quamque</span> <span class='ocrx_word' id='word_1_179' title='bbox 1376 2684 1609 2752; x_wconf 80' lang='lat' dir='ltr'>clementissimi</span> 
     </span>
     <span class='ocr_line' id='line_1_27' title="bbox 345 2786 1606 2871; baseline -0.002 -20"><span class='ocrx_word' id='word_1_180' title='bbox 345 2787 542 2871; x_wconf 88' lang='lat' dir='ltr'>temporibus</span> <span class='ocrx_word' id='word_1_181' title='bbox 580 2786 781 2871; x_wconf 87' lang='lat' dir='ltr'>imperatoris</span> <span class='ocrx_word' id='word_1_182' title='bbox 818 2786 1003 2869; x_wconf 78' lang='lat' dir='ltr'>indignum,</span> <span class='ocrx_word' id='word_1_183' title='bbox 1048 2788 1254 2870; x_wconf 89' lang='lat' dir='ltr'>prudentiam</span> <span class='ocrx_word' id='word_1_184' title='bbox 1292 2793 1431 2854; x_wconf 86' lang='lat' dir='ltr'>vestram</span> <span class='ocrx_word' id='word_1_185' title='bbox 1464 2786 1606 2854; x_wconf 80' lang='lat' dir='ltr'>conserit</span> 
     </span>
     <span class='ocr_line' id='line_1_28' title="bbox 345 2884 1669 2974; baseline -0.002 -21"><span class='ocrx_word' id='word_1_186' title='bbox 345 2890 529 2971; x_wconf 88' lang='lat' dir='ltr'>aestimare,</span> <span class='ocrx_word' id='word_1_187' title='bbox 552 2884 594 2952; x_wconf 84' lang='lat' dir='ltr'>&#39;et</span> <span class='ocrx_word' id='word_1_188' title='bbox 615 2889 746 2953; x_wconf 85' lang='lat' dir='ltr'>tandem</span> <span class='ocrx_word' id='word_1_189' title='bbox 768 2891 932 2971; x_wconf 85' lang='lat' dir='ltr'>praestare</span> <span class='ocrx_word' id='word_1_190' title='bbox 954 2890 1144 2972; x_wconf 88' lang='lat' dir='ltr'>remedium,</span> <span class='ocrx_word' id='word_1_191' title='bbox 1174 2891 1258 2974; x_wconf 89' lang='lat' dir='ltr'>quod</span> <span class='ocrx_word' id='word_1_192' title='bbox 1285 2895 1319 2957; x_wconf 90' lang='lat' dir='ltr'>et</span> <span class='ocrx_word' id='word_1_193' title='bbox 1339 2890 1464 2956; x_wconf 90' lang='lat' dir='ltr'>illorum</span> <span class='ocrx_word' id='word_1_194' title='bbox 1486 2890 1602 2954; x_wconf 73' lang='lat' dir='ltr'>labores</span> <span class='ocrx_word' id='word_1_195' title='bbox 1667 2916 1669 2951; x_wconf 77' lang='grc' dir='ltr'><strong>ι</strong></span> 
     </span>
     <span class='ocr_line' id='line_1_29' title="bbox 344 2989 1336 3075; baseline 0.002 -19"><span class='ocrx_word' id='word_1_196' title='bbox 344 2995 377 3056; x_wconf 89' lang='lat' dir='ltr'>et</span> <span class='ocrx_word' id='word_1_197' title='bbox 398 2995 543 3055; x_wconf 89' lang='lat' dir='ltr'>nostram</span> <span class='ocrx_word' id='word_1_198' title='bbox 564 2993 659 3075; x_wconf 83' lang='lat' dir='ltr'>grato</span> <span class='ocrx_word' id='word_1_199' title='bbox 681 2993 782 3075; x_wconf 87' lang='lat' dir='ltr'>possit</span> <span class='ocrx_word' id='word_1_200' title='bbox 804 2989 958 3055; x_wconf 87' lang='lat' dir='ltr'>solamine</span> <span class='ocrx_word' id='word_1_201' title='bbox 981 2991 1107 3056; x_wconf 88' lang='lat' dir='ltr'>auferre</span> <span class='ocrx_word' id='word_1_202' title='bbox 1128 2993 1336 3058; x_wconf 86' lang='lat' dir='ltr'>moestitiam.</span> 
     </span>
    </p>
   </div>
   <div class='ocr_carea' id='block_1_9' title="bbox 850 3195 1115 3297">
    <p class='ocr_par' dir='ltr' id='par_1_9' title="bbox 850 3195 1115 3297">
     <span class='ocr_line' id='line_1_30' title="bbox 850 3195 1115 3297; baseline -0.004 -19"><span class='ocrx_word' id='word_1_203' title='bbox 850 3195 1032 3297; x_wconf 86' lang='lat' dir='ltr'>Epistola</span> <span class='ocrx_word' id='word_1_204' title='bbox 1057 3196 1115 3278; x_wconf 85' lang='grc'>97.</span> 
     </span>
    </p>
   </div>
   <div class='ocr_carea' id='block_1_10' title="bbox 473 3346 1477 3436">
    <p class='ocr_par' dir='ltr' id='par_1_10' title="bbox 473 3346 1477 3436">
     <span class='ocr_line' id='line_1_31' title="bbox 473 3346 1477 3436; baseline 0.004 -23"><span class='ocrx_word' id='word_1_205' title='bbox 473 3347 685 3415; x_wconf 88' lang='lat' dir='ltr'>Hormisdao</span> <span class='ocrx_word' id='word_1_206' title='bbox 709 3365 819 3431; x_wconf 77' lang='lat' dir='ltr'>porrpao</span> <span class='ocrx_word' id='word_1_207' title='bbox 842 3348 886 3413; x_wconf 87' lang='lat' dir='ltr'>ad</span> <span class='ocrx_word' id='word_1_208' title='bbox 910 3346 1126 3416; x_wconf 83' lang='lat' dir='ltr'>(lernranunr</span> <span class='ocrx_word' id='word_1_209' title='bbox 1149 3351 1310 3433; x_wconf 76' lang='lat' dir='ltr'>aliosque</span> <span class='ocrx_word' id='word_1_210' title='bbox 1332 3353 1477 3436; x_wconf 79' lang='lat' dir='ltr'>legatos.</span> 
     </span>
    </p>
   </div>
   <div class='ocr_carea' id='block_1_11' title="bbox 378 3489 1552 3725">
    <p class='ocr_par' dir='ltr' id='par_1_11' title="bbox 378 3489 1552 3725">
     <span class='ocr_line' id='line_1_32' title="bbox 378 3489 1549 3556; baseline 0.002 -19"><span class='ocrx_word' id='word_1_211' title='bbox 378 3489 444 3550; x_wconf 83' lang='lat' dir='ltr'>Quid</span> <span class='ocrx_word' id='word_1_212' title='bbox 460 3490 492 3538; x_wconf 89' lang='lat' dir='ltr'>de</span> <span class='ocrx_word' id='word_1_213' title='bbox 509 3490 632 3538; x_wconf 73' lang='lat' dir='ltr'>lobannis</span> <span class='ocrx_word' id='word_1_214' title='bbox 650 3492 729 3553; x_wconf 75' lang='lat' dir='ltr'>teperti</span> <span class='ocrx_word' id='word_1_215' title='bbox 744 3491 823 3538; x_wconf 81' lang='lat' dir='ltr'>caede</span> <span class='ocrx_word' id='word_1_216' title='bbox 841 3491 948 3555; x_wconf 83' lang='lat' dir='ltr'>ejusque</span> <span class='ocrx_word' id='word_1_217' title='bbox 965 3491 1073 3554; x_wconf 80' lang='lat' dir='ltr'>hospitis</span> <span class='ocrx_word' id='word_1_218' title='bbox 1090 3507 1151 3542; x_wconf 87' lang='lat' dir='ltr'>nece</span> <span class='ocrx_word' id='word_1_219' title='bbox 1163 3492 1286 3549; x_wconf 71' lang='lat' dir='ltr'>audierit,</span> <span class='ocrx_word' id='word_1_220' title='bbox 1304 3494 1461 3556; x_wconf 73' lang='lat' dir='ltr'>perstrinpit.</span> <span class='ocrx_word' id='word_1_221' title='bbox 1488 3490 1549 3540; x_wconf 75' lang='lat' dir='ltr'>tac</span> 
     </span>
     <span class='ocr_line' id='line_1_33' title="bbox 380 3569 1552 3639; baseline 0.003 -16"><span class='ocrx_word' id='word_1_222' title='bbox 380 3574 450 3624; x_wconf 81' lang='lat' dir='ltr'>tteus</span> <span class='ocrx_word' id='word_1_223' title='bbox 473 3576 606 3639; x_wconf 84' lang='lat' dir='ltr'>episcopas</span> <span class='ocrx_word' id='word_1_224' title='bbox 629 3581 654 3623; x_wconf 88' lang='lat' dir='ltr'>et</span> <span class='ocrx_word' id='word_1_225' title='bbox 672 3575 801 3625; x_wconf 78' lang='lat' dir='ltr'>Aristides</span> <span class='ocrx_word' id='word_1_226' title='bbox 819 3575 959 3639; x_wconf 74' lang='lat' dir='ltr'>presbyter</span> <span class='ocrx_word' id='word_1_227' title='bbox 981 3574 1212 3626; x_wconf 75' lang='lat' dir='ltr'>Thessalonicensis</span> <span class='ocrx_word' id='word_1_228' title='bbox 1234 3576 1338 3627; x_wconf 64' lang='lat' dir='ltr'>naniam</span> <span class='ocrx_word' id='word_1_229' title='bbox 1359 3580 1493 3633; x_wconf 73' lang='lat' dir='ltr'>mittentis.</span> <span class='ocrx_word' id='word_1_230' title='bbox 1514 3569 1552 3637; x_wconf 69' lang='lat' dir='ltr'>iptl‘</span> 
     </span>
     <span class='ocr_line' id='line_1_34' title="bbox 493 3661 1460 3725; baseline 0.004 -16"><span class='ocrx_word' id='word_1_231' title='bbox 493 3675 553 3709; x_wconf 84' lang='lat' dir='ltr'>vero</span> <span class='ocrx_word' id='word_1_232' title='bbox 571 3661 650 3723; x_wconf 72' lang='lat' dir='ltr'>teperti</span> <span class='ocrx_word' id='word_1_233' title='bbox 665 3675 749 3708; x_wconf 85' lang='lat' dir='ltr'>rerum</span> <span class='ocrx_word' id='word_1_234' title='bbox 767 3662 870 3709; x_wconf 86' lang='lat' dir='ltr'>ornnimn</span> <span class='ocrx_word' id='word_1_235' title='bbox 886 3668 1015 3725; x_wconf 77' lang='lat' dir='ltr'>pertarum</span> <span class='ocrx_word' id='word_1_236' title='bbox 1032 3664 1132 3725; x_wconf 80' lang='lat' dir='ltr'>plenum</span> <span class='ocrx_word' id='word_1_237' title='bbox 1150 3663 1299 3713; x_wconf 78' lang='lat' dir='ltr'>relationem</span> <span class='ocrx_word' id='word_1_238' title='bbox 1316 3662 1460 3714; x_wconf 78' lang='lat' dir='ltr'>eoela‘bennt.</span> 
     </span>
    </p>
   </div>
   <div class='ocr_carea' id='block_1_12' title="bbox 496 3783 1570 3982">
    <p class='ocr_par' dir='ltr' id='par_1_12' title="bbox 496 3783 1570 3982">
     <span class='ocr_line' id='line_1_35' title="bbox 496 3783 1569 3881; baseline -0.004 -26"><span class='ocrx_word' id='word_1_239' title='bbox 496 3791 709 3856; x_wconf 87' lang='lat' dir='ltr'>Hormisda</span> <span class='ocrx_word' id='word_1_240' title='bbox 737 3791 932 3857; x_wconf 85' lang='lat' dir='ltr'>Germano</span> <span class='ocrx_word' id='word_1_241' title='bbox 965 3797 1003 3857; x_wconf 89' lang='lat' dir='ltr'>et</span> <span class='ocrx_word' id='word_1_242' title='bbox 1029 3793 1206 3859; x_wconf 85' lang='lat' dir='ltr'>Johanni</span> <span class='ocrx_word' id='word_1_243' title='bbox 1238 3794 1455 3881; x_wconf 86' lang='lat' dir='ltr'>episeopis,</span> <span class='ocrx_word' id='word_1_244' title='bbox 1484 3783 1569 3857; x_wconf 81' lang='lat' dir='ltr'>Felici</span> 
     </span>
     <span class='ocr_line' id='line_1_36' title="bbox 589 3894 1570 3982; baseline 0 -25"><span class='ocrx_word' id='word_1_245' title='bbox 589 3897 626 3958; x_wconf 89' lang='lat' dir='ltr'>ot</span> <span class='ocrx_word' id='word_1_246' title='bbox 648 3894 837 3958; x_wconf 89' lang='lat' dir='ltr'>Dioscoro</span> <span class='ocrx_word' id='word_1_247' title='bbox 863 3894 1062 3979; x_wconf 89' lang='lat' dir='ltr'>diaconis,</span> <span class='ocrx_word' id='word_1_248' title='bbox 1093 3899 1132 3960; x_wconf 92' lang='lat' dir='ltr'>et</span> <span class='ocrx_word' id='word_1_249' title='bbox 1154 3895 1306 3960; x_wconf 86' lang='lat' dir='ltr'>Blando</span> <span class='ocrx_word' id='word_1_250' title='bbox 1329 3894 1570 3982; x_wconf 74' lang='lat' dir='ltr'>presbytero.¹¹</span> 
     </span>
    </p>
   </div>
   <div class='ocr_carea' id='block_1_13' title="bbox 342 4012 1586 4303">
    <p class='ocr_par' dir='ltr' id='par_1_13' title="bbox 342 4012 1586 4303">
     <span class='ocr_line' id='line_1_37' title="bbox 431 4012 1575 4101; baseline 0.001 -25"><span class='ocrx_word' id='word_1_251' title='bbox 431 4016 457 4077; x_wconf 89' lang='lat' dir='ltr'>l.</span> <span class='ocrx_word' id='word_1_252' title='bbox 491 4012 595 4088; x_wconf 80' lang='lat' dir='ltr'>Quum</span> <span class='ocrx_word' id='word_1_253' title='bbox 617 4035 675 4077; x_wconf 88' lang='lat' dir='ltr'>nos</span> <span class='ocrx_word' id='word_1_254' title='bbox 698 4013 931 4079; x_wconf 88' lang='lat' dir='ltr'>ecclesiasticae</span> <span class='ocrx_word' id='word_1_255' title='bbox 954 4015 1175 4099; x_wconf 87' lang='lat' dir='ltr'>prosperitatis</span> <span class='ocrx_word' id='word_1_256' title='bbox 1196 4015 1317 4101; x_wconf 78' lang='lat' dir='ltr'>gaudia</span> <span class='ocrx_word' id='word_1_257' title='bbox 1339 4014 1575 4095; x_wconf 57' lang='lat' dir='ltr'>sublevarent</span> 
     </span>
     <span class='ocr_line' id='line_1_38' title="bbox 342 4114 1579 4203; baseline 0.002 -25"><span class='ocrx_word' id='word_1_258' title='bbox 342 4137 441 4199; x_wconf 87' lang='lat' dir='ltr'>prope</span> <span class='ocrx_word' id='word_1_259' title='bbox 468 4114 598 4198; x_wconf 88' lang='lat' dir='ltr'>plenum</span> <span class='ocrx_word' id='word_1_260' title='bbox 625 4116 743 4179; x_wconf 90' lang='lat' dir='ltr'>laboris</span> <span class='ocrx_word' id='word_1_261' title='bbox 771 4116 868 4180; x_wconf 87' lang='lat' dir='ltr'>vestri</span> <span class='ocrx_word' id='word_1_262' title='bbox 895 4117 1036 4180; x_wconf 84' lang='lat' dir='ltr'>fruet-um</span> <span class='ocrx_word' id='word_1_263' title='bbox 1063 4117 1204 4202; x_wconf 87' lang='lat' dir='ltr'>quotidie</span> <span class='ocrx_word' id='word_1_264' title='bbox 1233 4139 1454 4202; x_wconf 86' lang='lat' dir='ltr'>carperemus,</span> <span class='ocrx_word' id='word_1_265' title='bbox 1482 4120 1579 4203; x_wconf 73' lang='lat' dir='ltr'>repenle</span> 
     </span>
     <span class='ocr_line' id='line_1_39' title="bbox 343 4217 1586 4303; baseline 0.001 -23"><span class='ocrx_word' id='word_1_266' title='bbox 343 4240 401 4280; x_wconf 93' lang='lat' dir='ltr'>nos</span> <span class='ocrx_word' id='word_1_267' title='bbox 416 4217 549 4282; x_wconf 85' lang='lat' dir='ltr'>inimica</span> <span class='ocrx_word' id='word_1_268' title='bbox 563 4218 713 4301; x_wconf 87' lang='lat' dir='ltr'>universi,</span> <span class='ocrx_word' id='word_1_269' title='bbox 737 4241 817 4301; x_wconf 71' lang='lat' dir='ltr'>&lt;puae</span> <span class='ocrx_word' id='word_1_270' title='bbox 833 4218 969 4303; x_wconf 81' lang='lat' dir='ltr'>votire²)</span> <span class='ocrx_word' id='word_1_271' title='bbox 985 4222 1192 4303; x_wconf 87' lang='lat' dir='ltr'>successerat,</span> <span class='ocrx_word' id='word_1_272' title='bbox 1212 4219 1300 4284; x_wconf 83' lang='lat' dir='ltr'>fama</span> <span class='ocrx_word' id='word_1_273' title='bbox 1317 4222 1501 4287; x_wconf 79' lang='lat' dir='ltr'>contundit:</span> <span class='ocrx_word' id='word_1_274' title='bbox 1520 4219 1586 4303; x_wconf 83' lang='lat' dir='ltr'>cujus</span> 
     </span>
    </p>
   </div>
   <div class='ocr_carea' id='block_1_14' title="bbox 341 4470 1608 4885">
    <p class='ocr_par' dir='ltr' id='par_1_14' title="bbox 341 4470 1608 4796">
     <span class='ocr_line' id='line_1_40' title="bbox 341 4470 1599 4549; baseline 0.006 -25"><span class='ocrx_word' id='word_1_275' title='bbox 341 4476 374 4524; x_wconf 85' lang='grc'>99</span> <span class='ocrx_word' id='word_1_276' title='bbox 411 4473 430 4537; x_wconf 86' lang='lat'>¹)</span> <span class='ocrx_word' id='word_1_277' title='bbox 449 4470 539 4536; x_wconf 88' lang='lat' dir='ltr'>Quum</span> <span class='ocrx_word' id='word_1_278' title='bbox 557 4471 743 4526; x_wconf 79' lang='lat' dir='ltr'>iustinianum</span> <span class='ocrx_word' id='word_1_279' title='bbox 762 4479 883 4527; x_wconf 82' lang='lat' dir='ltr'>illustrem</span> <span class='ocrx_word' id='word_1_280' title='bbox 900 4474 928 4527; x_wconf 95' lang='lat' dir='ltr'>in</span> <span class='ocrx_word' id='word_1_281' title='bbox 947 4472 1066 4543; x_wconf 87' lang='lat' dir='ltr'>epistola</span> <span class='ocrx_word' id='word_1_282' title='bbox 1084 4472 1220 4543; x_wconf 87' lang='lat' dir='ltr'>superiori</span> <span class='ocrx_word' id='word_1_283' title='bbox 1239 4476 1267 4529; x_wconf 89' lang='lat' dir='ltr'>et</span> <span class='ocrx_word' id='word_1_284' title='bbox 1284 4474 1349 4530; x_wconf 81' lang='lat' dir='ltr'>aliis</span> <span class='ocrx_word' id='word_1_285' title='bbox 1366 4494 1528 4549; x_wconf 80' lang='lat' dir='ltr'>nuncupare</span> <span class='ocrx_word' id='word_1_286' title='bbox 1545 4478 1599 4531; x_wconf 85' lang='lat' dir='ltr'>llor-</span> 
     </span>
     <span class='ocr_line' id='line_1_41' title="bbox 341 4555 1604 4630; baseline 0.008 -22"><span class='ocrx_word' id='word_1_287' title='bbox 341 4555 431 4609; x_wconf 84' lang='lat' dir='ltr'>nrisda</span> <span class='ocrx_word' id='word_1_288' title='bbox 448 4557 515 4610; x_wconf 87' lang='lat' dir='ltr'>satis</span> <span class='ocrx_word' id='word_1_289' title='bbox 533 4557 649 4623; x_wconf 74' lang='lat' dir='ltr'>haloeat,</span> <span class='ocrx_word' id='word_1_290' title='bbox 668 4556 735 4610; x_wconf 91' lang='lat' dir='ltr'>illud</span> <span class='ocrx_word' id='word_1_291' title='bbox 754 4564 921 4613; x_wconf 79' lang='lat' dir='ltr'>illustrissimo</span> <span class='ocrx_word' id='word_1_292' title='bbox 940 4559 1000 4613; x_wconf 89' lang='lat' dir='ltr'>sola</span> <span class='ocrx_word' id='word_1_293' title='bbox 1011 4560 1079 4613; x_wconf 83' lang='lat' dir='ltr'>nota</span> <span class='ocrx_word' id='word_1_294' title='bbox 1090 4564 1109 4610; x_wconf 87' lang='grc'>.1</span> <span class='ocrx_word' id='word_1_295' title='bbox 1125 4575 1288 4630; x_wconf 82' lang='lat' dir='ltr'>expressum</span> <span class='ocrx_word' id='word_1_296' title='bbox 1306 4560 1390 4615; x_wconf 85' lang='lat' dir='ltr'>unius</span> <span class='ocrx_word' id='word_1_297' title='bbox 1407 4562 1520 4620; x_wconf 81' lang='lat' dir='ltr'>librarii</span> <span class='ocrx_word' id='word_1_298' title='bbox 1534 4564 1604 4621; x_wconf 88' lang='lat' dir='ltr'>iuter·</span> 
     </span>
     <span class='ocr_line' id='line_1_42' title="bbox 342 4640 1608 4710; baseline 0.009 -18"><span class='ocrx_word' id='word_1_299' title='bbox 342 4640 496 4710; x_wconf 83' lang='lat' dir='ltr'>pretationi</span> <span class='ocrx_word' id='word_1_300' title='bbox 514 4642 610 4695; x_wconf 87' lang='lat' dir='ltr'>deberi</span> <span class='ocrx_word' id='word_1_301' title='bbox 629 4640 747 4710; x_wconf 89' lang='lat' dir='ltr'>suspicio</span> <span class='ocrx_word' id='word_1_302' title='bbox 767 4645 816 4698; x_wconf 72' lang='lat' dir='ltr'>cest.</span> <span class='ocrx_word' id='word_1_303' title='bbox 860 4650 1007 4698; x_wconf 79' lang='lat' dir='ltr'>Germanum</span> <span class='ocrx_word' id='word_1_304' title='bbox 1024 4643 1119 4697; x_wconf 81' lang='lat' dir='ltr'>fratris</span> <span class='ocrx_word' id='word_1_305' title='bbox 1136 4643 1286 4700; x_wconf 81' lang='lat' dir='ltr'>Justmisui</span> <span class='ocrx_word' id='word_1_306' title='bbox 1308 4645 1401 4701; x_wconf 87' lang='lat' dir='ltr'>filium</span> <span class='ocrx_word' id='word_1_307' title='bbox 1419 4650 1508 4705; x_wconf 82' lang='lat' dir='ltr'>fuisse</span> <span class='ocrx_word' id='word_1_308' title='bbox 1526 4650 1608 4707; x_wconf 64' lang='lat' dir='ltr'>store-</span> 
     </span>
     <span class='ocr_line' id='line_1_43' title="bbox 341 4724 911 4796; baseline 0.007 -19"><span class='ocrx_word' id='word_1_309' title='bbox 341 4724 403 4795; x_wconf 85' lang='lat' dir='ltr'>pius</span> <span class='ocrx_word' id='word_1_310' title='bbox 421 4726 483 4780; x_wconf 86' lang='lat' dir='ltr'>bist.</span> <span class='ocrx_word' id='word_1_311' title='bbox 503 4744 557 4781; x_wconf 85' lang='lat' dir='ltr'>are.</span> <span class='ocrx_word' id='word_1_312' title='bbox 578 4744 637 4796; x_wconf 87' lang='lat' dir='ltr'>cap.</span> <span class='ocrx_word' id='word_1_313' title='bbox 658 4734 673 4780; x_wconf 82' lang='lat'>5</span> <span class='ocrx_word' id='word_1_314' title='bbox 691 4728 720 4779; x_wconf 88' lang='lat' dir='ltr'>ct</span> <span class='ocrx_word' id='word_1_315' title='bbox 737 4727 804 4780; x_wconf 89' lang='lat' dir='ltr'>alibi</span> <span class='ocrx_word' id='word_1_316' title='bbox 823 4728 911 4782; x_wconf 89' lang='lat' dir='ltr'>docet.</span> 
     </span>
    </p>

    <p class='ocr_par' dir='ltr' id='par_1_15' title="bbox 341 4810 1355 4885">
     <span class='ocr_line' id='line_1_44' title="bbox 341 4810 1355 4885; baseline 0.008 -22"><span class='ocrx_word' id='word_1_317' title='bbox 341 4816 373 4863; x_wconf 85' lang='grc'>97</span> <span class='ocrx_word' id='word_1_318' title='bbox 411 4815 430 4879; x_wconf 69' lang='lat'>¹)</span> <span class='ocrx_word' id='word_1_319' title='bbox 449 4812 501 4865; x_wconf 85' lang='lat' dir='ltr'>Per</span> <span class='ocrx_word' id='word_1_320' title='bbox 519 4812 639 4865; x_wconf 57' lang='lat' dir='ltr'>Iasonem</span> <span class='ocrx_word' id='word_1_321' title='bbox 657 4810 821 4866; x_wconf 83' lang='lat' dir='ltr'>transmissa</span> <span class='ocrx_word' id='word_1_322' title='bbox 839 4815 893 4880; x_wconf 85' lang='lat' dir='ltr'>est,</span> <span class='ocrx_word' id='word_1_323' title='bbox 911 4814 952 4867; x_wconf 86' lang='lat' dir='ltr'>uti</span> <span class='ocrx_word' id='word_1_324' title='bbox 970 4815 1053 4868; x_wconf 86' lang='lat' dir='ltr'>fidem</span> <span class='ocrx_word' id='word_1_325' title='bbox 1070 4814 1138 4868; x_wconf 86' lang='lat' dir='ltr'>facit</span> <span class='ocrx_word' id='word_1_326' title='bbox 1155 4813 1275 4885; x_wconf 82' lang='lat' dir='ltr'>epistola</span> <span class='ocrx_word' id='word_1_327' title='bbox 1294 4822 1355 4876; x_wconf 83' lang='lat' dir='ltr'>lto.</span> 
     </span>
    </p>
   </div>
   <div class='ocr_carea' id='block_1_15' title="bbox 409 4895 1618 4983">
    <p class='ocr_par' dir='ltr' id='par_1_16' title="bbox 409 4895 1618 4983">
     <span class='ocr_line' id='line_1_45' title="bbox 409 4895 1618 4983; baseline 0.015 -35"><span class='ocrx_word' id='word_1_328' title='bbox 409 4899 430 4963; x_wconf 81' lang='lat'>²)</span> <span class='ocrx_word' id='word_1_329' title='bbox 449 4895 531 4965; x_wconf 83' lang='lat' dir='ltr'>Vulg.</span> <span class='ocrx_word' id='word_1_330' title='bbox 550 4908 664 4965; x_wconf 83' lang='lat' dir='ltr'>repente.</span> <span class='ocrx_word' id='word_1_331' title='bbox 704 4896 875 4953; x_wconf 83' lang='lat' dir='ltr'>ltevoeamus</span> <span class='ocrx_word' id='word_1_332' title='bbox 897 4905 975 4953; x_wconf 80' lang='lat' dir='ltr'>votior</span> <span class='ocrx_word' id='word_1_333' title='bbox 994 4916 1028 4954; x_wconf 82' lang='lat' dir='ltr'>ex</span> <span class='ocrx_word' id='word_1_334' title='bbox 1047 4900 1095 4966; x_wconf 68' lang='lat'>(11,</span> <span class='ocrx_word' id='word_1_335' title='bbox 1116 4899 1146 4954; x_wconf 91' lang='lat' dir='ltr'>in</span> <span class='ocrx_word' id='word_1_336' title='bbox 1167 4916 1222 4968; x_wconf 88' lang='lat' dir='ltr'>quo</span> <span class='ocrx_word' id='word_1_337' title='bbox 1246 4918 1337 4969; x_wconf 87' lang='lat' dir='ltr'>quum</span> <span class='ocrx_word' id='word_1_338' title='bbox 1360 4904 1470 4963; x_wconf 83' lang='lat' dir='ltr'>deinde</span> <span class='ocrx_word' id='word_1_339' title='bbox 1494 4914 1618 4983; x_wconf 72' lang='lat' dir='ltr'>sequebar</span> 
     </span>
    </p>
   </div>
   <div class='ocr_carea' id='block_1_16' title="bbox 0 0 1710 5664">
    <p class='ocr_par' dir='ltr' id='par_1_17' title="bbox 0 0 1710 5664">
     <span class='ocr_line' id='line_1_46' title="bbox 0 0 1710 5664; baseline 0 1"><span class='ocrx_word' id='word_1_340' title='bbox 0 0 1710 5664; x_wconf 95' lang='lat' dir='ltr'> </span> 
     </span>
    </p>
   </div>
  </div>
 </body>
</html>
