3412 5664
758 330 929 379 semrom
952 320 982 377 4.
1447 318 1507 383 185

260 490 355 548 cures
375 486 483 571 pariter
504 488 538 550 et
553 506 714 570 sequaces,
751 485 952 569 Quapropter
967 485 1052 549 inter
1066 488 1116 550 tot
1130 486 1260 568 fornum,
1284 509 1366 570 (quae
1382 492 1507 552 erectae
1520 517 1544 552 a.
1556 505 1613 553 tta.

260 588 333 667 suut,
364 588 559 674 praedicandi
582 610 646 653 non
669 588 845 652 assertione
867 610 950 651 nova
973 587 1028 652 sed
1051 589 1235 653 constantia
1256 589 1423 654 nitendum
1446 595 1504 655 est.

330 690 363 756 3.
392 691 462 756 Jsm
485 692 655 775 probatum
677 695 736 768 est,
759 690 835 775 quid
858 690 996 755 Domino
1020 713 1073 754 vos
1092 691 1228 774 jurante
1251 693 1447 775 profecerint
1461 693 1506 756 la-

258 788 340 857 bores
361 793 462 877 vestri,
490 792 560 858 Deo
582 793 720 878 placitus
742 793 866 858 fructus
889 793 1038 876 ostendit,
1063 793 1190 878 quando
1213 795 1282 877 ejus
1305 794 1432 858 domum
1454 817 1505 859 vo-

255 891 293 955 tis
315 895 571 983 obsistentibus⁸)
594 895 713 961 latroni
743 894 874 960 introire
901 918 966 960 non
988 896 1088 980 licuit,
1119 897 1182 981 qui,
1212 897 1376 961 nonnullis
1399 920 1506 962 oecur-

250 998 383 1064 reutibus
403 999 474 1084 sibi,
505 999 643 1063 latentes
666 998 770 1063 adhuc
793 999 929 1063 forsitan
952 1000 1000 1063 sui
1023 999 1142 1062 similes
1165 999 1386 1085 publicanti).
1431 1000 1505 1065 Non

245 1099 330 1165 enim
348 1103 525 1187 junguntur
546 1102 632 1166 bona
652 1101 809 1186 pessimis,
833 1105 921 1165 recta
937 1102 1104 1185 perversis,
1128 1123 1187 1165 nec
1203 1103 1338 1186 possunt
1352 1103 1506 1167 salutaria

242 1200 422 1269 coireeum
448 1205 570 1288 noxiis3
598 1203 672 1288 quia
700 1203 764 1267 luci
793 1204 971 1268 comnumio
995 1205 1183 1275 nulla.cun1
1204 1204 1345 1268 tenebris
1376 1226 1436 1268 nec
1459 1206 1506 1269 in-

237 1302 328 1369 fideli
350 1307 449 1391 portio
472 1330 544 1372 cum
567 1306 662 1371 fideli.
705 1306 798 1370 Unde
820 1307 1000 1370 necessario
1023 1307 1245 1371 damnatorum
1269 1307 1508 1372 comitabuntur

234 1405 375 1492 exitum,
409 1408 463 1494 qui
491 1409 606 1474 talium
633 1408 780 1493 delegere
804 1410 1008 1492 consortium,
1043 1410 1105 1473 nisi
1133 1410 1216 1473 forte
1245 1409 1506 1493 resipiscentibus

228 1509 365 1594 animis
387 1515 420 1576 et
433 1511 572 1576 maxime
594 1513 648 1596 qui
670 1533 773 1597 nuper
795 1511 920 1596 decepti
935 1515 1021 1595 sunt,
1045 1511 1200 1594 videntes,
1224 1512 1257 1575 in
1273 1534 1354 1596 quae
1370 1511 1506 1595 abnrpta

225 1617 315 1677 sunt
344 1614 444 1698 ducti,
479 1614 520 1679 ad
548 1614 750 1700 splendorem
772 1636 865 1679 verae
887 1613 962 1678 fidei
990 1614 1132 1678 discussa
1161 1615 1329 1680 conferant
1358 1636 1391 1678 se
1421 1615 1505 1679 nube

223 1717 414 1782 mendacii:
437 1716 520 1803 quod
536 1717 731 1802 apostolicae
753 1717 837 1781 sedis
859 1717 980 1802 pietate
995 1721 1033 1781 ut
1046 1717 1214 1802 provenire
1229 1719 1331 1802 possit
1344 1721 1503 1803 optamus,

221 1817 317 1898 quia
341 1828 427 1886 eitum
449 1827 480 1886 is
504 1826 624 1886 maine·
645 1827 797 1886 voluntate
819 1821 1050 1906 cognoscimus.
1517 1804 1618 1928 quhp.

328 1924 356 1988 l.
398 1923 449 1988 Ad
478 1922 779 1988 christianissimum
809 1945 932 2008 quoque
960 1923 1139 2007 principem
1166 1924 1216 1987 vel
1245 1922 1285 1987 ad
1313 1925 1445 1987 fratrem
1474 1928 1506 1987 et
1577 1915 1612 1939 ”

217 2025 461 2110 coepiscopum
482 2027 637 2112 meum¹⁰)
661 2027 816 2091 Acacium
840 2027 1055 2111 competentia
1076 2026 1169 2090 simul
1186 2026 1305 2108 scripta
1321 2025 1504 2108 direximus,

216 2123 335 2205 cujus
353 2128 567 2194 accusandmn
588 2129 752 2194 silentium
774 2135 840 2194 non
863 2132 1021 2213 putamus,
1051 2130 1125 2213 quia
1153 2129 1291 2194 scientes
1319 2127 1415 2193 fidem
1436 2151 1506 2212 pro·

214 2219 395 2296 tutissimi
423 2231 607 2314 sacerdotis,
638 2235 760 2296 certum
787 2235 943 2314 tenemus,
972 2254 1063 2296 suum
1091 2254 1157 2295 non
1185 2253 1252 2295 esse
1280 2230 1363 2315 quod
1392 2231 1505 2295 tacuit.

213 2319 272 2388 Ut
305 2338 412 2399 autem
434 2334 559 2419 plenius
582 2334 711 2399 dilectio
734 2339 839 2398 vestra
863 2338 1037 2419 cognoscat
1052 2338 1242 2417 nostrarum,
1267 2356 1345 2418 quas
1361 2333 1402 2396 ad
1417 2333 1506 2399 Chri-

209 2427 468 2502 stianisimum
482 2438 662 2522 principem
677 2436 830 2521 misimus,
855 2436 968 2501 seriem
985 2437 1174 2520 litterarum,
1199 2436 1393 2520 exemplaria
1410 2435 1505 2500 inter-

310 2695 334 2758 ’ἦ
348 2692 377 2747 ld
393 2693 469 2748 haud
487 2693 571 2749 dubie
590 2693 716 2763 contigit,
735 2711 819 2762 quum
831 2695 926 2747 vectus
939 2694 1015 2748 asino
1028 2693 1145 2748 Aelurus
1165 2692 1318 2748 eBasilisci
1336 2692 1452 2747 aedibus
1470 2693 1507 2747 ad

209 2772 383 2832 “cletum
404 2796 467 2834 cum
487 2778 619 2833 seditiosa
640 2779 725 2833 turbs
746 2779 893 2849 processit,
917 2781 949 2833 cf.
970 2779 1078 2849 epist.3
1101 2780 1157 2832 not.
1172 2784 1195 2832 t.
1239 2778 1287 2831 llis
1305 2778 1391 2843 addo,
1414 2777 1507 2845 liujus-

212 2859 324 2913 modi
338 2863 542 2932 processionem,
560 2867 592 2918 ut
605 2864 667 2933 jam
685 2865 750 2918 tunc
768 2864 914 2930 vocabunt,
933 2866 993 2917 tum
1006 2863 1140 2918 celebrari
1158 2862 1338 2928 consuevisse,
1357 2880 1441 2930 quum
1460 2881 1506 2916 an-

215 2937 329 2999 tistes
347 2948 379 3003 sl
400 2949 564 3018 sacrificium
585 2949 718 3004 sollemne
741 2949 912 3020 procederet.
950 2948 1048 3015 Neque
1072 2947 1127 3002 alio
1149 2946 1262 3002 consilio
1282 2947 1444 3000 Timotheus
1466 2946 1507 3000 ita

220 3028 386 3087 conflatus
402 3033 559 3100 incedebat,
577 3034 701 3103 quitum
720 3052 737 3089 a
754 3034 837 3088 domo
856 3034 966 3088 llomini
993 3033 1118 3102 repulsus
1139 3053 1189 3100 per
1211 3039 1373 3101 quorumdum
1391 3037 1507 3099 priuatus

225 3113 335 3169 denos
353 3139 396 3173 nos
418 3124 504 3174 divise
525 3124 655 3186 sacrificia
676 3127 723 3175 sed
739 3126 876 3188 semilepiu
893 3122 1036 3173 celebrasse
1055 3129 1219 3179 mercaretur,
1242 3116 1333 3184 inquit
1350 3115 1507 3186 Simplicius

231 3195 353 3263 epistt
367 3221 391 3257 a
404 3212 428 3270 3,
447 3205 479 3258 ut
495 3203 625 3258 videlicet
642 3203 671 3257 id
689 3204 787 3259 saltem
807 3204 834 3257 in
852 3202 968 3258 aedibus
986 3201 1101 3272 privatis
1123 3203 1276 3272 perficeret,
1299 3202 1415 3271 propter
1433 3201 1508 3268 quod

233 3280 267 3332 td
309 3282 412 3343 domum
435 3289 548 3343 Domini
569 3295 738 3359 perrexerat.
785 3289 836 3354 Qui
860 3291 952 3343 autem
976 3287 1135 3357 hujusmodi
1156 3285 1323 3357 processioni
1346 3286 1507 3351 intererant,

235 3359 294 3418 ΜΟ
323 3368 371 3438 ipso
387 3374 556 3441 indicabant,
579 3393 608 3430 sc
626 3393 689 3431 cum
706 3375 874 3444 procedente
893 3373 1022 3444 pontifice
1041 3372 1252 3437 cormnunicare,
1276 3359 1315 3425 riti
1334 3370 1405 3424 infru
1424 3370 1507 3425 visuri

236 3460 341 3506 umus
354 3458 378 3512 iu
395 3459 495 3514 Felicis
514 3460 539 3513 ll
557 3459 667 3530 epistt
685 3467 739 3514 n.l
760 3461 789 3514 et
805 3460 834 3513 in
852 3459 948 3528 vigilii
966 3458 1045 3529 epist.
1062 3465 1101 3511 14.

315 3538 336 3602 ’l
350 3541 407 3599 lue.
419 3552 462 3600 cui
472 3551 529 3600 dum
547 3552 659 3600 nonnulli
676 3549 770 3600 obviam
783 3555 849 3606 estat,
869 3550 924 3598 duic
942 3551 1024 3613 pulsus
1043 3547 1190 3613 publiceque
1208 3546 1362 3611 deprehensi
1376 3553 1434 3595 sunt
1450 3562 1506 3596 esse

235 3618 345 3680 Mla.

258 3778 267 3787 ,
295 3707 340 3793 ,Ἴ
359 3713 429 3769 Editi
448 3728 567 3770 nostrum.
587 3746 619 3755 -
636 3715 706 3769 Sunt
723 3715 858 3785 epistolae
876 3721 891 3769 2
911 3717 972 3778 et,3
990 3715 1194 3769 antecedentes.
1227 3714 1356 3767 Ceterum
1373 3712 1506 3794 lichim-

233 3776 315 3877 tlhffl'
332 3798 421 3869 elogio
444 3818 504 3856 sese
527 3818 625 3856 revers
647 3801 762 3871 dignius
784 3801 860 3855 haud
878 3801 918 3855 ite
935 3801 1023 3855 multo
1045 3803 1110 3871 post
1132 3800 1252 3855 ostendit
1270 3798 1394 3852 Aeacius.
1432 3802 1507 3853 Bust-

232 3868 312 3922 ’Μ’
329 3886 417 3951 enm,
440 3887 480 3942 sit
499 3874 671 3941 Theodorus
686 3887 774 3941 lector
792 3887 818 3940 11.
837 3905 859 3941 e.
880 3887 890 3939 l
910 3886 962 3953 (ed.
982 3886 1043 3940 Val¹
1062 3904 1127 3956 pag.
1145 3890 1218 3954 556),
1240 3890 1356 3954 poemati
1377 3892 1507 3939 sanctione

231 3949 465 4041 ss'l‘iedonmem
476 3978 598 4043 synodicas
610 3978 688 4040 rejici
699 3979 791 4040 jussit,
810 3993 962 4041 operumque
975 3976 1064 4031 (lubet,
1084 3983 1110 4025 ut
1128 3977 1192 4026 idem
1211 3991 1308 4041 quoque
1323 3975 1426 4037 feceret
1440 3977 1504 4024 Atur-

233 4048 290 4087 Μ·
336 4060 431 4111 Verum
449 4064 478 4113 ie
492 4064 619 4126 perficere
637 4064 703 4112 nullo
721 4063 794 4112 risorio
810 4064 906 4125 potuit,
926 4078 997 4127 anrm
1015 4064 1133 4111 itniserse
1150 4063 1240 4111 ciuitas
1258 4077 1308 4109 rina
1326 4077 1379 4109 enm
1396 4062 1505 4110 mulieri·

232 4120 276 4169 ω’
289 4143 321 4182 θ(
352 4150 464 4212 pmrsrdr‘s
487 4149 512 4196 is
536 4150 666 4198 eeclesiam
690 4148 840 4198 conticuistis
863 4147 992 4197 Basilisco
1014 4147 1161 4197 obstitisset.
1210 4146 1273 4207 (luis
1303 4147 1377 4194 etium
1399 4147 1507 4195 Acus-ius

234 4216 395 4306 mustum
417 4241 444 4284 et
461 4234 608 4283 cathedram
626 4240 702 4300 etque
724 4236 808 4283 ultore
827 4235 906 4295 ciprii
924 4233 1032 4282 cestibus
1051 4231 1158 4282 obtexit.
1194 4225 1340 4280 Notandus
1359 4226 1439 4290 ritus,
1464 4225 1505 4278 cui

181 4300 197 4313 ’
229 4300 364 4367 ”⁰⁰³¹hil
380 4314 468 4368 sinrile
486 4313 645 4368 etiamnunc
663 4314 793 4369 observat
811 4313 945 4380 Ecclesia,
964 4331 1049 4381 quum
1067 4329 1162 4367 sacrae
1181 4312 1264 4366 aedes
1281 4311 1402 4364 violatae
1420 4309 1506 4378 pollu-

227 4372 342 4447 itaqu„
364 4401 433 4453 stret.
476 4398 582 4454 Narrat
604 4398 704 4453 deinde
723 4400 898 4465 Theodorus,
921 4401 951 4452 nt
975 4416 1091 4467 magnus
1115 4398 1211 4453 llsniel
1236 4397 1371 4450 Simeonis
1389 4395 1505 4462 Stylitae

223 4472 394 4560 &millam
411 4502 427 4539 e
445 4485 575 4540 columna
592 4503 642 4539 sira
660 4486 829 4539 descendens
848 4503 903 4539 una
916 4503 977 4539 cum
996 4485 1078 4554 plebe
1097 4486 1125 4538 ct
1138 4484 1239 4537 Aeaeio
1253 4484 1402 4536 conventus
1422 4479 1506 4532 eccle-

222 4554 364 4644 vaos
379 4570 572 4639 frequentasti.
609 4570 662 4625 llic
683 4573 831 4640 practerea
849 4572 997 4625 observare
1012 4570 1130 4639 juverit,
1153 4588 1207 4638 qua
1232 4566 1380 4638 punientia
1398 4563 1506 4634 Simpli-

222 4654 281 4693 (ΝΒ
313 4653 380 4718 Ῑιίοε
400 4655 551 4710 nrouachos
574 4656 632 4709 zelo
655 4657 816 4711 ferventiori
839 4658 998 4711 aestuantes
1021 4659 1050 4709 et
1072 4658 1143 4710 sorti>
1166 4654 1200 4706 dc
1224 4652 1323 4707 Aeaeio
1352 4655 1506 4719 querentes,

224 4723 313 4803 qumi
336 4758 410 4795 strum
428 4741 456 4795 in
475 4741 581 4796 tuenda
598 4741 651 4795 fide
670 4742 790 4795 striclium
803 4741 909 4796 tardius
922 4741 1075 4796 «exercuisse
1087 4740 1241 4803 rideretur,
1260 4737 1369 4805 mitiget
1383 4738 1410 4790 et
1424 4735 1506 4789 emol-

228 4820 296 4880 l'ffii·
338 4826 385 4890 Qui
402 4844 469 4882 vero
487 4844 558 4897 erga
574 4825 704 4882 Acsscium
717 4827 762 4881 itu
781 4828 896 4882 ellectus
914 4827 979 4894 luit,
1002 4829 1024 4880 is
1043 4826 1155 4880 nunisrc
1175 4824 1316 4894 sirepectus
1336 4838 1394 4876 esse
1413 4821 1505 4887 debet,

237 4914 330 4991 quum
345 4912 378 4966 ed
395 4912 526 4969 eumdem
542 4912 742 4984 increpandum
759 4930 788 4967 se
807 4912 950 4968 convertit.
