3412 5664
681 322 889 371 rnacrnrura
911 322 1041 371 rra-lv,
1451 284 1496 374 ll¹

268 487 367 546 maaria
379 483 429 547 bis,
445 483 529 539 semel
545 482 647 540 scilicet
662 500 689 537 n.
700 482 739 540 18
751 491 779 539 et
793 485 890 539 iterum
907 502 933 540 n.
942 483 981 541 32
997 483 1140 540 reseratur.
1163 482 1214 538 Sed
1228 483 1293 539 haec
1308 484 1420 540 forsitan
1437 503 1491 541 non

268 570 525 645 sliandecontigerint.
546 584 626 643 quatu
647 567 721 642 quad
742 569 807 625 haec
828 570 980 625 testimonia
1000 568 1146 643 colligendi
1162 585 1225 624 cura
1240 568 1352 625 dirersis
1368 569 1492 643 delegata

268 660 303 719 sit,
313 665 376 731 atque
390 671 421 710 eo
437 653 541 725 ordine,
558 670 613 727 quo
629 654 745 728 quisque
757 670 772 708 a
786 670 816 709 se
831 653 944 710 collecta
959 653 1067 733 retulit.
1090 653 1221 711 collocata
1236 654 1300 709 sint.
1333 653 1387 710 Nee
1403 662 1492 711 tacen-

267 743 322 805 dm.
339 739 401 815 quod
416 736 550 795 Ambrosii
564 738 645 794 verba
660 756 716 795 nou
734 740 842 813 propria
857 738 905 795 sed
920 756 1070 813 synonyma
1085 738 1274 801 enlribeantur;
1297 739 1364 796 adeo
1386 748 1416 795 ut
1436 756 1491 796 non

266 827 391 902 inproprie
411 824 487 881 ionte
508 825 603 881 liaustu
623 823 672 880 sed
692 840 725 880 er
746 825 849 898 graccis
871 824 965 880 rivulis
986 832 1094 898 accepta
1115 824 1228 881 diceres.
1266 824 1342 881 tado
1366 830 1393 879 et
1415 823 1490 888 illud,

266 913 359 987 pleraque
372 909 415 967 illa
429 911 585 967 testimonia
599 909 701 984 pariter
716 925 731 964 a
746 908 919 967 Theodoreta
936 912 964 965 in
975 909 1061 966 tribus
1074 909 1189 983 dialogis
1201 909 1327 984 proferri,
1343 909 1391 965 sed
1404 927 1492 983 neque

267 998 328 1053 onnia
339 1012 417 1070 neque
432 994 528 1051 eodem
544 993 638 1050 ordine
654 993 685 1050 ab
702 1009 734 1050 eo
750 996 958 1068 repraesentari,
985 995 1067 1050 irurno
1087 995 1206 1068 plurium
1224 1011 1292 1069 quae
1308 993 1414 1068 abipso
1429 1011 1492 1069 pro·

266 1082 357 1138 luuntur
368 1080 406 1137 rel
421 1097 477 1137 non
492 1079 562 1137 idem
578 1095 639 1136 esse
653 1079 758 1135 initium
775 1078 816 1135 vet
828 1096 883 1135 non
895 1079 1018 1136 eumdem
1031 1078 1125 1135 linem:
1148 1079 1214 1135 adeo
1231 1087 1261 1135 ut
1276 1077 1411 1135 Gelasium
1427 1080 1492 1135 haec

266 1165 333 1223 abillo
345 1173 488 1221 mutuatum
504 1181 564 1221 esse
579 1165 679 1221 nemini
693 1172 768 1221 certo
785 1163 903 1235 judicare
918 1165 1006 1222 liceat.
1042 1163 1225 1238 Undecunque
1247 1173 1336 1220 autern
1357 1164 1401 1220 illa
1416 1182 1491 1221 aoce-

267 1253 325 1325 pcit,
339 1259 403 1308 certe
424 1250 505 1307 latina
520 1266 680 1326 graecorum
697 1251 913 1306 testimoniorum
930 1249 1083 1314 translatio,
1105 1251 1278 1325 antiquorum
1296 1266 1371 1305 more
1386 1249 1491 1306 litterae

266 1338 363 1399 macor.
378 1334 513 1393 nonnullis
529 1337 556 1391 in
572 1334 638 1392 loeis
655 1333 768 1392 obscura
783 1345 829 1391 aut
844 1337 923 1391 etiam
939 1336 1104 1410 ascriptoris
1117 1344 1206 1391 mente
1219 1335 1303 1391 aliena
1314 1343 1366 1391 est.
1390 1334 1491 1391 Obscu-

266 1420 489 1496 ritstenangebant,
506 1437 574 1495 quae
589 1419 756 1476 indentidem
772 1419 945 1478 librariorum
967 1422 1108 1477 oscitantia
1131 1419 1171 1476 vel
1188 1427 1315 1496 corrupta
1330 1420 1372 1476 vel
1394 1422 1492 1477 omissa

267 1504 350 1563 ineunt
376 1504 545 1581 Quapropter
565 1505 696 1561 consultis
718 1503 840 1561 sontibus
861 1508 964 1581 graecis
985 1508 1022 1562 ita
1037 1505 1207 1562 librariorum
1223 1505 1370 1561 emaculare
1385 1506 1490 1562 studui-

264 1590 402 1654 maenaa,
419 1600 449 1647 ut
463 1598 554 1647 cetera
569 1607 625 1665 quo
640 1600 718 1665 pacto
730 1590 892 1665 corrigenda
902 1593 965 1655 sint,
982 1591 1098 1648 indicare
1110 1593 1175 1647 satis
1189 1589 1375 1646 habuerimus:
1391 1591 1490 1665 duplex

265 1677 350 1733 nunus
365 1675 574 1738 incommodum,
597 1693 631 1732 ne
652 1677 776 1732 nimirum
798 1684 844 1731 aut
865 1685 985 1733 mutetur
1004 1677 1100 1740 lectio,
1124 1693 1191 1751 quae
1213 1676 1309 1732 Gelasii
1331 1679 1491 1733 auctoritate

262 1761 351 1823 elane
363 1770 403 1818 aut
414 1760 507 1818 sicllia
520 1762 676 1824 retineatur,
694 1769 724 1816 ut
736 1763 909 1835 antiquorum
921 1761 993 1818 dieta
1004 1760 1035 1817 ab
1047 1778 1079 1818 eo
1092 1761 1197 1817 laudata
1212 1760 1322 1818 lectoris
1337 1761 1491 1835 intelligen-

262 1845 423 1921 lienium.

462 1968 502 2024 In
523 1962 642 2024 esurii
662 1979 761 2041 papae
783 1967 952 2024 mactatum
972 1963 1015 2025 1v
1037 1958 1117 2044 (‚,llle
1129 1959 1255 2047 forte“).

330 2067 351 2123 1.
375 2069 447 2125 luno
464 2066 546 2126 1535
561 2067 652 2125 Jacobi
668 2069 772 2126 llerlini
787 2086 868 2143 opera
881 2071 953 2125 inter
968 2068 1065 2125 Gelasii
1082 2068 1188 2125 decreta
1203 2069 1343 2143 vulgatus,
1365 2069 1490 2144 deinceps
1502 2071 1550 2137 [ai.
1562 2067 1622 2138 Ed]

250 2158 306 2208 tum
324 2153 344 2207 in
361 2153 530 2210 muciliorum
550 2153 756 2211 collectionibus
773 2163 830 2210 tum
846 2157 872 2211 in
888 2154 1005 2211 lloruana
1020 2152 1218 2228 pontificiarum
1239 2155 1414 2228 epistolarum
1435 2154 1490 2209 edi-

247 2237 322 2293 itone
332 2238 437 2295 eumdem
453 2237 541 2294 locum
558 2237 683 2296 obtinuit.
715 2239 863 2296 Novissime
879 2257 943 2296 vero
959 2257 973 2294 a
989 2238 1131 2296 Paschasio
1147 2237 1293 2306 Quesuello
1315 2249 1342 2296 et
1363 2238 1488 2295 iratribus

245 2319 378 2379 balleriniis
389 2324 415 2379 in
430 2340 463 2379 eo
478 2340 611 2380 monum
627 2324 728 2388 codice,
744 2342 824 2399 quern
840 2325 872 2381 ad
888 2325 987 2380 calcem
1003 2341 1116 2399 operum
1131 2322 1229 2380 leonis
1245 2323 1396 2387 ediderunt.
1412 2342 1435 2380 c.
1449 2324 1488 2381 tt

241 2421 349 2464 mutus
361 2407 412 2464 luit.
435 2407 488 2465 Sed
504 2409 657 2466 Osoniense
672 2410 817 2484 exemplar,
834 2427 888 2485 quo
904 2409 950 2466 ille
962 2426 1027 2465 usus
1039 2417 1090 2472 est,
1107 2425 1190 2483 quum
1202 2409 1261 2465 aliis
1273 2412 1300 2465 in
1311 2411 1419 2484 scriptis
1429 2419 1489 2466 tum

240 2490 384 2550 maneta
402 2494 453 2551 lroc
472 2494 598 2550 secundis
618 2497 689 2551 euris
709 2495 889 2551 adulteratum
905 2496 996 2569 potius
1011 2512 1121 2551 censere
1137 2495 1214 2550 liceat
1231 2512 1309 2569 quam
1325 2503 1486 2552 correctum.

237 2577 270 2634 ln
288 2590 322 2631 ee
334 2578 460 2636 melaac
475 2596 538 2653 prae
553 2596 583 2636 se
598 2579 651 2636 iert
665 2581 788 2637 titulum:
805 2580 916 2637 Getasii
927 2596 1025 2653 papae
1039 2582 1180 2637 mirabitis
1194 2581 1350 2652 disputatio
1365 2582 1400 2637 de
1416 2598 1488 2637 aaa·

237 2662 366 2719 annua
377 2667 486 2721 macuto
501 2669 531 2721 in
546 2666 685 2722 Acacium
703 2674 729 2723 et
745 2667 875 2736 Petrum,
899 2682 981 2738 quum
1002 2667 1029 2721 in
1051 2673 1168 2738 quatuor
1190 2665 1324 2721 veteribus
1340 2665 1487 2727 codicibus,

235 2762 315 2824 quos
330 2751 537 2824 recognovimus,
558 2759 589 2806 ut
609 2758 636 2807 et
657 2752 684 2807 in
705 2749 829 2807 omnibus
850 2749 1012 2807 editionibus
1034 2758 1144 2824 excepta
1165 2748 1314 2817 Quesncili,
1342 2759 1434 2809 tomas
1454 2752 1488 2806 de

233 2832 419 2891 mamam
433 2837 546 2892 macula
560 2833 730 2892 inscribatur.
771 2837 849 2893 Tomi
868 2852 976 2910 quoque
992 2837 1100 2891 nomine
1115 2842 1257 2891 tractatum
1272 2836 1395 2892 eumdem
1410 2836 1488 2892 Nico·

234 2915 427 2992 tassimata
444 2919 476 2975 ad
492 2919 646 2977 Michaelem
661 2923 724 2996 inrp.
740 2920 832 2978 donat.

323 3002 348 3059 2.
366 3003 446 3076 liujus
461 3013 550 3062 autem
565 3006 639 3062 vocis
655 3006 723 3081 apud
740 3014 844 3063 veteres
860 3023 915 3062 non
930 3022 983 3061 una
995 3014 1036 3062 est
1048 3007 1126 3061 ratio.
1149 3005 1273 3078 Plerique
1285 3013 1372 3061 tannen
1385 3013 1487 3062 tornum

232 3090 328 3146 dixere
340 3090 461 3163 synodale
475 3089 615 3147 decretura
630 3108 679 3148 seu
694 3092 844 3166 epistolam,
861 3093 887 3147 in
904 3108 956 3166 qua
978 3089 1058 3153 fides.
1081 3107 1159 3165 qnam
1174 3090 1295 3164 proiiteri
1311 3093 1426 3164 quisque
1441 3090 1486 3146 de·

231 3175 313 3237 uest,
332 3183 373 3230 sut
391 3192 459 3250 quae
480 3175 513 3231 ad
534 3174 613 3232 iidem
628 3178 781 3255 pertineant
796 3184 978 3251 exponuntur.
1001 3175 1039 3232 Eo
1055 3184 1134 3250 pacta
1150 3175 1220 3249 apud
1236 3176 1408 3232 Athanasium
1424 3192 1486 3232 nov.

229 3259 303 3318 edit
317 3260 402 3316 tomi
417 3278 479 3336 pag.
489 3260 551 3319 770
565 3262 669 3318 concilii
685 3261 856 3318 Alexandrini
870 3261 998 3336 synodica
1019 3269 1110 3318 tomas
1124 3263 1164 3317 ad
1176 3262 1382 3318 Antiochenses
1396 3261 1488 3335 appel·

229 3346 314 3402 han.
335 3343 369 3401 lta
382 3353 409 3402 et
422 3346 566 3403 concilium
581 3345 907 3422 Gomtantinopolitauum
923 3346 1043 3403 scribens
1059 3345 1091 3401 ad
1108 3345 1247 3402 Damasum
1263 3344 1377 3420 (Damasi
1392 3363 1436 3421 ep.
1447 3347 1485 3403 13

228 3448 260 3488 ι.
269 3428 301 3501 4)
313 3417 419 3503 τόμον
433 3438 510 3488 vocat
521 3431 704 3489 Antiochense
718 3432 815 3507 synodi
825 3450 895 3489 anna
907 3433 1041 3506 superiori
1057 3430 1206 3488 celebratae
1217 3431 1372 3506 epistolam:
1389 3438 1417 3488 et
1428 3434 1486 3505 ipsa

226 3516 333 3573 unni
345 3515 376 3572 ad
387 3515 507 3591 illyricos
522 3516 647 3591 synodica
663 3516 780 3592 apisci.
797 3527 827 3575 ut
842 3517 1128 3581 observavitValesius‚
1140 3515 1172 3574 ab
1184 3515 1279 3574 eodem
1291 3517 1405 3574 concilio
1416 3517 1486 3573 Con·

224 3599 465 3675 sintmcpalitano
486 3602 576 3659 cans
601 3607 667 3660 tomi
680 3602 811 3660 voeabtrlo
826 3603 992 3678 designatur.
1034 3602 1117 3659 Nemo
1139 3604 1236 3667 nescit,
1260 3611 1362 3660 tomam
1382 3604 1485 3661 Leonis

223 3684 360 3745 celebrem
376 3686 454 3758 liujus
470 3685 606 3762 pontilicis
621 3688 653 3743 ad
669 3686 820 3745 Flavianum
836 3689 975 3764 epistolam
991 3689 1138 3762 nuncupari
1153 3688 1251 3744 solere.
1282 3687 1389 3745 Ceteras
1405 3690 1482 3745 etiam

222 3786 392 3829 murenam
407 3771 564 3846 pontificum
581 3772 728 3830 decretales
743 3775 871 3848 epistolas
887 3774 978 3831 eadent
994 3773 1171 3848 appellatione
1183 3773 1310 3848 gaudere,
1327 3774 1483 3830 llinemarus

220 3856 365 3915 lensensis
381 3859 458 3931 epist.
472 3857 512 3916 35
528 3857 560 3914 ad
576 3857 745 3915 llincmarum
760 3857 964 3916 landunensem
981 3857 1102 3915 scribens
1119 3876 1180 3933 pag.
1189 3858 1250 3917 604
1265 3861 1353 3916 innuit
1368 3860 1409 3915 iris
1425 3877 1483 3914 ver·

218 3944 281 4001 ui:
293 3942 425 4000 caiam
437 3961 519 4017 papa
535 3945 708 4001 venerabilis
722 3953 749 4001 et
764 3951 885 4002 sanctas
899 3961 996 4003 omnes
1009 3946 1171 4001 decretales
1185 3947 1322 4017 epistolas
1335 3945 1482 4002 uenerabi-

216 4032 293 4087 liter
312 4031 413 4085 sanxit
435 4031 650 4102 acccipiendum·
675 4046 730 4087 aee
752 4046 803 4088 eos
828 4032 1031 4088 venerabiliter
1050 4033 1186 4103 suscipit,
1211 4033 1279 4087 ticet
1299 4033 1338 4088 ad
1358 4038 1483 4088 tomum

216 4120 317 4188 ceput
335 4115 465 4185 melma,
498 4119 549 4189 qai
572 4119 613 4172 eis
638 4134 695 4173 non
720 4117 828 4181 obedit;
858 4117 910 4172 nisi
929 4116 1000 4173 loric
1026 4122 1130 4183 tomen
1153 4114 1189 4172 ibi
1215 4115 1256 4172 vel
1282 4124 1365 4172 totam
1391 4116 1484 4172 decre·

216 4198 320 4256 aarum
346 4197 450 4255 uinum
476 4199 689 4275 complexionem
715 4200 756 4258 vel
785 4203 874 4276 ipsum
894 4201 991 4257 Gelasii
1011 4200 1149 4257 decretum
1175 4201 1319 4276 intelligat.
1365 4201 1400 4258 lle
1422 4200 1483 4256 fidei

213 4283 395 4360 expositione
420 4284 541 4359 loquitur
566 4285 678 4342 basilius
700 4285 839 4344 Seleucius
866 4288 1010 4361 episcopus
1036 4288 1063 4343 in
1090 4287 1154 4343 actis
1180 4286 1483 4363 Constantinopolitauis

211 4368 393 4427 &kastam
420 4369 528 4427 relectis
557 4373 642 4428 act.l
675 4370 718 4428 ubi
744 4374 794 4428 ait:
834 4374 915 4447 liupo
944 4387 1012 4430 vera
1042 4380 1165 4429 cestram
1194 4377 1377 4430 sanctitatem
1405 4373 1483 4427 bunc

213 4466 328 4515 tantm
354 4462 382 4511 ct
407 4459 436 4511 ia
464 4456 606 4513 Orientem
631 4459 768 4532 diripere,
802 4467 829 4515 et
850 4459 1049 4515 liberaremus
1069 4459 1306 4530 abiaspltemiis5
1328 4466 1355 4515 ct
1375 4461 1401 4514 si
1420 4461 1484 4532 quis

211 4560 276 4599 nan
305 4540 511 4613 subscripserit
536 4547 565 4598 in
589 4544 644 4600 lice
666 4550 766 4614 tomo,
795 4548 831 4600 sit
851 4544 932 4602 nobis
952 4546 1106 4601 alicnus.
1137 4544 1264 4600 Similiter
1279 4543 1368 4599 clerici
1385 4542 1482 4598 ibidem

210 4627 390 4687 wentam
407 4628 476 4699 fidei
494 4626 527 4684 ab
541 4627 661 4703 Eutyche
681 4630 746 4703 ipsis
769 4629 985 4685 subscribendam
1009 4629 1136 4686 directam
1152 4637 1253 4687 tomam
1270 4637 1365 4685 vacant
1391 4627 1481 4702 (llard.

210 4715 277 4772 bc.
296 4708 329 4773 11.
347 4710 428 4782 154).
472 4713 538 4770 ltem
558 4713 727 4770 Recesvintlri
748 4716 821 4788 regis
842 4715 982 4791 epistolam
1004 4715 1126 4771 'loletani
1147 4714 1202 4770 Vlll
1224 4714 1328 4770 concilii
1351 4715 1482 4788 patrosin

209 4797 365 4875 maesnio
380 4795 470 4869 (llard.
487 4798 505 4854 l.
523 4818 545 4856 c.
562 4799 603 4863 lll,
620 4799 692 4872 953)
708 4808 810 4857 tomum
824 4800 967 4875 appellant.
1002 4800 1152 4876 Aliqumdo
1174 4818 1236 4857 vero
1252 4808 1343 4857 tamus
1357 4799 1426 4855 idern
1442 4807 1484 4855 est

207 4882 293 4963 qnod
310 4890 468 4958 excerptum
483 4903 532 4942 seu
549 4888 624 4961 quasi
639 4903 672 4942 ex
686 4887 795 4961 integro
813 4903 895 4962 opere
910 4894 1012 4943 sectum
1029 4888 1219 4944 testimonium.
1252 4885 1319 4943 llinc
1334 4884 1483 4942 Alexander
