3412 5664
234 260 291 358 ur'
366 346 373 353 .
669 305 867 356 catenario
892 308 1070 358 neironis.

232 469 449 559 doctissimi,
485 467 659 562 epistolas
692 470 730 539 et
763 470 850 539 acta
882 467 1030 561 pubHca
1056 468 1291 562 pontificum,
1324 472 1387 564 qui
1421 478 1503 567 post

232 585 427 663 LeonemI
458 609 572 680 usque
600 585 647 657 ad
674 583 925 679 Gregoriuml
951 587 1076 659 sedem
1101 586 1310 660 Romanam
1335 589 1502 664 obtinue-

184 778 188 783 .
231 713 337 797 runt,
365 706 472 801 quasi
498 705 616 777 totius
643 703 865 777 collectionis
899 709 1044 777 tomum
1075 706 1233 779 tertium
1260 710 1298 779 et
1324 713 1502 801 quartimr

230 827 526 922 praemitterem,
555 824 717 919 primum
744 826 783 895 et
806 823 1008 895 secundum
1033 824 1140 920 longe
1167 826 1340 898 facilioris
1366 827 1501 900 laboris

230 947 260 1018 si
286 945 385 1018 Deus
411 944 570 1016 voluerit
595 945 725 1037 postea
751 940 958 1034 adjicerem.

333 1067 366 1136 3.
404 1062 523 1146 Quum
549 1083 616 1155 pro
641 1061 710 1133 hae
736 1084 776 1133 re
800 1060 974 1134 lustratio
999 1064 1314 1157 praestantiorum
1336 1066 1500 1139 archivo-

229 1207 313 1256 rum
338 1181 555 1268 necessaria,
583 1179 745 1272 primum
763 1177 920 1252 Romam
944 1181 1098 1269 intendi,
1125 1204 1196 1274 quo
1223 1183 1332 1254 simul
1358 1186 1499 1258 valetu-

228 1303 324 1374 dinis
356 1325 461 1374 meae
493 1299 591 1371 ratio
624 1322 668 1369 ex
701 1297 821 1371 hieme
854 1301 1136 1393 septentrionali
1175 1325 1235 1374 me
1268 1325 1499 1398 summopere

228 1419 396 1493 vocabat.
438 1418 507 1502 oui
534 1421 624 1489 timer
650 1417 688 1486 in
715 1439 828 1512 regno
845 1417 1038 1491 Bomssico
1064 1420 1174 1491 rebus
1200 1421 1314 1492 sacris
1341 1424 1379 1493 et
1397 1423 1497 1496 scho-

226 1540 367 1612 lasticis
394 1535 696 1610 administrandis
714 1540 887 1628 praeerat
903 1537 961 1608 vir
979 1537 1250 1611 illustrissimus
1264 1538 1497 1635 Augustus

228 1683 251 1731 a
276 1654 785 1751 Bethmann·Hollweg,
814 1656 877 1748 qui
904 1655 1086 1729 indoctis
1113 1657 1245 1729 studiis
1272 1659 1409 1731 multos
1433 1684 1496 1731 an·

226 1800 292 1851 nos
318 1776 448 1872 prioris
474 1776 577 1847 vitae
603 1797 741 1869 magua
766 1798 851 1847 cum
868 1774 986 1855 ,laude
1012 1798 1081 1848 sua
1106 1779 1145 1848 et
1162 1775 1375 1849 litterarum
1397 1779 1496 1851 utili·

225 1900 307 1970 tate
333 1895 472 1989 posuit,
501 1893 679 1967 concessit
706 1893 799 1965 mihi
823 1894 932 1965 unius
960 1894 1048 1966 anni
1079 1893 1206 1983 ferias,
1240 1898 1495 1970 reverendissi-

225 2038 329 2087 mum
362 2013 621 2107 Capitulum
654 2011 920 2084 cathedrale
947 2010 1244 2101 Warmiense,
1287 2015 1494 2108 antiquitus

224 2133 343 2206 omnis
364 2132 459 2226 justi
484 2130 701 2224 honestique
726 2130 849 2202 studio
875 2131 1109 2224 praecellens,
1141 2132 1357 2205 fundatione
1384 2133 1494 2207 Preu-

224 2253 357 2326 ckiana
381 2250 637 2323 liberalissime
664 2249 756 2319 mihi
782 2249 924 2321 collata
950 2274 1196 2345 expensarum
1226 2275 1395 2324 mearum
1428 2253 1492 2325 ali·

222 2371 319 2466 quod
345 2370 638 2443 emolmncntum
663 2367 809 2460 adjecit.
854 2368 908 2441 Ac
926 2367 1065 2442 Romae
1091 2369 1238 2463 quidem
1264 2371 1304 2442 in
1330 2371 1492 2444 biblio-

222 2490 355 2564 theca
379 2489 546 2562 omnium
569 2486 864 2582 praeclarissima
882 2485 1109 2561 Vaticana
1134 2489 1230 2582 quod
1257 2489 1318 2561 vix
1344 2513 1492 2584 sperare

222 2633 334 2682 ausus
353 2632 456 2682 eram
473 2606 608 2679 inveni.
648 2604 733 2677 Mox
760 2605 807 2677 ab
834 2606 941 2677 initio
968 2607 1068 2678 enim
1093 2630 1208 2700 quum
1235 2608 1400 2681 codicum
1425 2633 1491 2704 pro

220 2751 261 2802 re
287 2752 370 2801 mea
395 2726 547 2799 utilium
572 2725 832 2797 lustrationem
859 2725 1061 2817 quamdam
1083 2727 1294 2819 generalem
1321 2727 1490 2801 institue·

220 2870 316 2936 rem,
361 2847 418 2917 vir
454 2844 758 2917 humanissimus·
784 2843 1108 2916 reverendissimus
1149 2844 1405 2918 Alexander
1439 2848 1489 2921 de

220 2963 255 3037 S.
282 2964 532 3051 Marciaue,
562 2962 854 3057 archiepiscopus
872 2960 1078 3056 Ephesinus
1100 2965 1139 3035 et
1156 2963 1399 3038 bibliothecae
1418 2965 1488 3037 Va·

218 3086 365 3158 ticanae
391 3082 609 3179 praefectae,
638 3081 742 3176 cujus
769 3085 808 3155 et
834 3081 1003 3176 deinceps
1020 3104 1206 3154 summam
1226 3084 1265 3154 in
1282 3105 1342 3156 me
1359 3084 1487 3158 huma-

218 3204 379 3276 nitatem
404 3203 466 3275 vix
483 3202 575 3275 satis
593 3200 805 3295 praedicare
823 3222 981 3294 possum,
1010 3201 1131 3273 oculos
1155 3223 1254 3274 meos
1273 3202 1320 3273 ad
1337 3203 1488 3276 schedas

216 3321 395 3414 quasdam
429 3343 545 3393 manu
571 3318 835 3392 Constantii
867 3319 1023 3412 scriptas
1061 3324 1099 3391 et
1132 3344 1155 3390 a
1188 3320 1366 3392 cardinali
1398 3322 1485 3394 emi-

217 3440 433 3512 nentissimo
459 3438 671 3512 doctissimo
698 3436 838 3533 Angelo
864 3436 963 3529 Majo
988 3438 1136 3511 relictas
1163 3439 1356 3511 convertit.
1402 3438 1485 3522 Qui·

215 3559 284 3631 bus
310 3582 377 3653 pro
401 3582 442 3630 re
468 3581 552 3630 mea
577 3557 669 3629 nihil
695 3556 851 3645 felicius,
885 3555 977 3626 nihil
1002 3555 1138 3628 laetius
1171 3557 1261 3628 mihi
1295 3558 1485 3654 obtingere

216 3679 348 3772 potuit.
401 3677 471 3748 Pro
497 3676 663 3771 pluribus
694 3677 795 3750 enim
826 3672 1041 3769 pontificum
1069 3675 1232 3766 illomm,
1266 3700 1356 3772 quos
1390 3679 1484 3772 ipsos

215 3797 439 3892 spectabam,
469 3796 632 3890 epistolis
659 3796 710 3867 ibi
736 3799 847 3868 notae
865 3792 1027 3882 criticae,
1054 3818 1120 3888 pro
1147 3795 1228 3867 aliis
1255 3800 1381 3868 textus
1408 3820 1482 3870 eor·

214 3921 351 4005 rectus,
390 3939 454 4010 pro
481 3917 563 3988 aliis
589 3915 716 3988 variae
747 3912 921 3986 lectiones
949 3913 1114 3986 codicum
1146 3916 1482 4008 praestantissimo·

214 4059 296 4107 rum
330 4035 572 4108 bibliothecae
610 4034 734 4128 regiae
766 4031 982 4104 Parisiensis
1021 4032 1298 4106 exhibebantur.
1358 4033 1481 4108 Unum

212 4154 423 4241 dolendum,
458 4152 554 4246 quod
586 4152 760 4245 pleraque
792 4150 925 4223 misere
951 4150 1148 4242 distracta,
1183 4176 1250 4227 nec
1280 4152 1480 4247 quidquam

213 4273 288 4347 fere
314 4273 455 4347 lacunis
482 4271 573 4343 satis
590 4270 736 4364 magnis
753 4270 897 4364 egebat.
942 4267 1046 4343 Unde
1064 4274 1103 4344 et
1119 4271 1263 4345 factum
1281 4295 1359 4345 esse
1376 4277 1478 4366 puto,

212 4398 255 4464 ut
281 4416 347 4465 nec
373 4392 434 4464 ille
459 4392 625 4486 ipsarum
650 4389 750 4482 prior
775 4410 959 4482 possessor
990 4390 1044 4461 rei
1073 4390 1280 4463 litterariae
1307 4391 1478 4464 sollertis-

210 4511 325 4583 simus
364 4513 401 4584 in
442 4507 715 4582 collectionibus
755 4506 1017 4580 anecdotorum
1058 4508 1175 4580 ullum
1214 4508 1258 4581 de
1291 4509 1336 4582 iis
1369 4533 1479 4583 usum

211 4631 355 4710 lecerit,
389 4652 455 4702 nec
481 4651 591 4701 curae
617 4627 685 4700 viri
713 4650 758 4699 ex
784 4627 885 4698 omni
909 4645 1017 4720 parte
1044 4627 1289 4700 strenuissimi
1316 4630 1476 4702 eminen-

208 4749 343 4822 tissimi
376 4748 572 4824 oardinalis
599 4745 624 4818 J
632 4745 762 4819 aeobi
789 4744 1022 4818 Antonelli
1056 4769 1121 4840 pro
1155 4769 1285 4820 earum
1317 4748 1476 4821 editione

207 4868 363 4942 feliciter
389 4867 641 4962 processerint.
683 4863 780 4949 Quas
805 4888 920 4960 quum
947 4864 1039 4937 mihi
1064 4889 1191 4940 onmes
1210 4868 1258 4939 ab
1275 4891 1474 4941 amanuen-
