3412 5664
207 321 271 386 522
682 334 709 383 s.
726 332 867 382 ananan
888 332 1002 381 aaran

208 488 390 575 Apameuis'
407 489 601 573 episcopum,
631 511 650 550 a
677 487 791 571 quibus
819 509 885 552 non
912 491 1061 571 receptus
1088 487 1179 553 venit
1206 486 1430 553 Antiochiam
1457 492 1489 553 et

208 593 339 657 Petrum
361 596 421 656 ete.
447 594 488 675 [u.
512 600 530 654 i.
555 598 572 653 Ι.
597 591 650 674 e.].

295 697 343 759 13.
388 693 560 776 Postquam
588 714 664 777 ergo
690 696 821 757 sanctus
848 690 938 756 Felix
961 715 1048 777 papa
1075 693 1201 758 litteras
1223 693 1491 778 praedecessoris

209 799 255 864 sui
280 797 362 861 nihil
384 795 556 881 profecisse
580 794 741 879 cognovit,
765 796 798 857 et
820 794 957 859 ludibria
979 794 1135 879 quaedam
1150 794 1192 858 ab
1206 794 1335 860 Aeacio
1358 794 1434 859 fieri
1455 796 1490 861 in

209 900 403 964 eversionem
426 896 524 965 totius
547 896 782 961 ecclesiasticae
805 895 1003 980 disciplinae,
1025 899 1105 961 tunc
1126 896 1272 961 Vitalem
1295 897 1491 983 episcopum

209 999 419 1066 Truentinum
449 1021 488 1062 ex
510 999 641 1083 regione
664 998 784 1062 Picena
808 1002 841 1062 et
863 998 1022 1063 Misenum
1045 997 1207 1065 Cumanae
1229 998 1399 1065 ecclesiae
1425 999 1491 1084 epi·

208 1125 338 1186 scopum
362 1123 400 1165 ex
427 1100 559 1185 regione
587 1099 781 1184 Campaniae
810 1099 942 1182 direxit,
976 1104 1013 1164 ut
1039 1100 1154 1165 Petrus
1186 1101 1226 1164 de
1257 1100 1492 1167 Alexandrina

208 1203 380 1290 pelleretur
403 1203 546 1283 ecclesia,
571 1206 603 1267 et
624 1207 661 1266 ut
674 1202 783 1267 libello
798 1203 903 1266 saneti
924 1202 1085 1267 dohannis
1105 1203 1249 1288 episcopi
1265 1202 1493 1269 Alexandrini

209 1306 414 1391 responderet
439 1305 586 1388 Aeacius,
616 1308 711 1389 atque
733 1305 796 1389 ipsi
818 1305 1063 1369 denuntiaretur
1085 1304 1215 1388 Acacio,
1245 1309 1285 1371 ut
1307 1305 1494 1372 anathema

209 1407 429 1474 Alexandrino
458 1408 577 1472 diceret
599 1406 706 1471 Patre.
752 1405 851 1471 Porro
878 1407 963 1471 idem
989 1406 1089 1491 legati
1119 1406 1259 1491 professi
1288 1412 1386 1473 sunt.
1432 1407 1493 1485 Qui

208 1511 284 1575 licet
311 1508 418 1573 hostili
448 1509 540 1573 modo
567 1509 602 1573 in
630 1509 808 1573 custodiam
838 1509 959 1573 detrusi
988 1509 1116 1572 chartas
1148 1509 1345 1594 amiserint,
1381 1514 1494 1577 tamen

208 1612 337 1698 perfidis
359 1611 528 1675 haereticis
552 1614 647 1696 atque
669 1611 831 1675 damnatis
847 1610 1086 1676 accommodare
1103 1632 1169 1675 non
1184 1610 1390 1695 debuerant,
1414 1634 1496 1698 quae

209 1715 276 1778 sola
298 1714 412 1799 negari
434 1713 548 1798 potuit,
572 1713 781 1778 voluntatem.
819 1712 895 1778 Non
917 1713 1019 1778 solum
1042 1695 1119 1797 ergb
1140 1735 1206 1778 non
1230 1717 1384 1799 egerunt
1414 1736 1496 1801 quae

204 1817 295 1900 jussa
331 1819 422 1897 sunt,
463 1815 517 1879 sed
551 1816 648 1879 etiam
670 1815 840 1880 haereticis
878 1815 1194 1881 communicaverunt
1236 1816 1497 1883 continuatione

209 1918 308 2001 Petri,
338 1918 494 2002 adquam
522 1918 705 2003 pellendum
732 1918 822 1982 missi
849 1918 989 1982 fuerant.
1035 1917 1173 1983 Aeacius
1199 1940 1354 2004 namque
1386 1920 1498 1985 contu·

209 2020 321 2084 melias
343 2020 378 2083 in
401 2020 583 2104 episcopum
605 2020 789 2085 Johannem
818 2020 945 2085 direxit.
991 2019 1113 2096 Quibus
1134 2018 1289 2085 omnibus
1314 2020 1498 2107 patefactis

209 2121 410 2187 beatissimus
438 2120 528 2186 Felix
559 2145 644 2207 papa
672 2126 847 2187 commotus
870 2122 981 2187 habita
1012 2122 1131 2206 synodo
1152 2120 1305 2188 Vitalem
1337 2128 1376 2189 et
1405 2122 1498 2189 Mine

209 2246 287 2288 num
309 2224 349 2287 ab
371 2223 478 2288 officio
505 2227 537 2288 et
565 2225 785 2289 communione
813 2225 989 2310 suspendit,
1020 2225 1176 2290 Acacium
1202 2246 1285 2290 vero
1310 2226 1496 2293 damnarit

210 2325 308 2410 Cujus
329 2329 440 2409 postea
467 2325 599 2390 audacia
622 2327 778 2391 deteriora
801 2328 1004 2392 committens
1026 2328 1122 2391 etiam
1144 2326 1240 2391 illum
1263 2326 1412 2393 Petram
1433 2330 1497 2395 An·

210 2427 393 2492 tioeheuum
416 2428 517 2511 ejecto
547 2428 704 2493 catholico
727 2427 938 2513 Calendione,
967 2450 1061 2515 quem
1088 2429 1156 2514 ipse
1185 2429 1432 2517 ordinaverat,
1459 2430 1497 2497 ad

211 2529 447 2596 Antiochenam
469 2530 557 2596 misit
578 2531 755 2597 ecclesiam.

714 2753 922 2863 Tractatus
949 2754 977 2836 Ι.

593 2907 652 2975 OEx
671 2907 808 2963 edltlone
826 2906 1096 2976 Ballerlnlornm.)

299 3047 326 3109 1.
344 3045 404 3130 (4.)
437 3042 553 3107 Postea
576 3066 672 3128 quam
694 3043 865 3108 Dioscorus
881 3044 1118 3108 Alexandrinus
1133 3043 1315 3131 episcopus
1338 3070 1402 3133 pro
1421 3046 1496 3113 sacti

212 3147 261 3211 sui
283 3147 449 3231 qualitate,
473 3147 579 3228 idest,
604 3146 680 3230 quia
701 3149 909 3212 consenserat
923 3145 1096 3230 Eutycheti
1112 3145 1284 3213 haeretico
1309 3154 1349 3216 et
1369 3150 1496 3216 damna·

212 3252 303 3313 verat
324 3249 513 3312 hlavianum
536 3248 720 3333 episcopum
748 3248 940 3313 catholicum
963 3248 1389 3337 (bnstautinopolitanum,
1417 3250 1494 3339 apud

213 3350 448 3417 Calchedonem
471 3356 538 3416 tam
561 3374 580 3414 a
602 3351 747 3435 principe
770 3356 901 3415 sanetae
922 3351 1094 3415 memoriae
1115 3351 1303 3437 Marciano,
1336 3376 1438 3441 quam
1457 3352 1493 3419 ab

213 3453 324 3517 aulicis
347 3454 560 3537 potestatibus
582 3452 633 3516 vel
656 3456 773 3517 cuncta
787 3452 908 3537 synodo
924 3452 1095 3517 damnatus
1110 3456 1168 3536 est,
1192 3453 1377 3527 Preterion
1390 3456 1494 3523 catha

213 3555 292 3618 licus
314 3555 351 3619 fit
379 3556 536 3620 sacerdos.
580 3555 672 3619 Tunc
693 3554 881 3619 Timotheus
909 3555 1093 3639 presbyter,
1128 3556 1178 3620 cui
1207 3577 1406 3643 cognomen
1429 3562 1493 3625 erat

214 3656 351 3719 Aelurus
383 3661 415 3720 et
442 3658 556 3721 Petrus
584 3658 753 3741 diaconus,
791 3660 965 3722 sectatores
993 3645 1154 3741 Dioscuri,
1192 3657 1237 3721 ab
1265 3659 1493 3729 Alexandrina

215 3759 348 3823 eeclesia
370 3782 404 3823 se
426 3763 664 3843 selraraverunt.
699 3758 784 3835 Quos
798 3781 896 3844 quum
918 3758 1080 3824 Proterius
1101 3759 1275 3844 episcopus
1292 3763 1339 3829 ad
1354 3764 1495 3831 minida

213 3859 296 3924 rium
323 3862 487 3946 proprium
515 3884 663 3927 revocare
691 3883 757 3926 non
786 3865 908 3945 posset,
943 3866 1113 3947 utrumque
1135 3861 1324 3930 damnavit.
1371 3864 1496 3931 Mortuo

214 3963 359 4047 principe
375 3964 549 4047 Marciano,
575 3965 716 4029 collectis
737 3964 840 4028 turbis
862 3963 1096 4029 haereticorum
1110 3962 1309 4031 {timotheus
1333 3972 1369 4034 et
1383 3968 1496 4035 Paua

216 4066 349 4130 veniunt
372 4065 617 4150 Alexandriam,
652 4070 685 4131 et
707 4065 874 4130 ordinatur
897 4067 937 4130 ab
959 4065 1130 4131 haereticis
1151 4064 1352 4135 Timotheus
1375 4071 1496 4157 episto-

214 4189 284 4251 pus.
329 4167 400 4232 Duo
423 4168 524 4255 igitur
546 4169 630 4254 apud
652 4168 881 4234 Alexandriam
910 4169 1050 4254 episcopi
1073 4172 1250 4253 coeperunt
1275 4192 1363 4237 esse.
1411 4176 1497 4239 Ante

214 4270 354 4334 triduum
377 4270 535 4353 Paschae,
564 4292 627 4356 quo
656 4293 755 4335 coena
782 4270 913 4336 Domini
940 4271 1135 4354 celebratur,
1167 4270 1349 4339 conductis
1378 4276 1424 4341 ab
1449 4274 1496 4341 hir

214 4372 347 4455 perditis
369 4374 524 4438 occiditur
545 4375 581 4437 in
596 4374 729 4439 ecelesia
745 4377 877 4439 sanctae
891 4375 1063 4439 memoriae
1077 4373 1254 4457 Proterius,
1281 4376 1328 4441 ad
1344 4400 1445 4464 quam
1464 4398 1496 4441 se

215 4475 329 4538 timore
358 4475 553 4559 contulerat3
585 4476 692 4560 ibique
726 4477 907 4560 sapradicte
940 4476 991 4540 die
1023 4476 1058 4540 in
1092 4475 1289 4559 baptisterio
1325 4478 1495 4557 occiditur,

215 4575 366 4659 laniatur,
391 4578 527 4661 ejicitur,
552 4580 584 4642 et
605 4578 703 4642 funus
726 4578 794 4659 ejus
808 4577 1001 4661 incenditur,
1026 4577 1212 4662 cineresque
1233 4578 1345 4663 ipsius
1369 4602 1496 4667 exspar-
1535 4656 1537 4663 ,

215 4683 336 4761 guntur
357 4680 391 4744 in
413 4682 536 4744 rentes,

300 4784 332 4844 2.
350 4783 409 4867 (u.)
445 4782 574 4847 Interea
596 4782 659 4846 lieo
689 4784 787 4848 sumit
808 4783 992 4867 imperium,
1027 4782 1067 4848 ad
1094 4804 1188 4869 quem
1216 4785 1312 4850 tanti
1341 4786 1496 4853 facinoris

217 4882 445 4951 catholicorum
466 4885 595 4973 querela
617 4886 778 4973 pervenit:
802 4888 913 4952 eontra
936 4907 1014 4973 quos
1036 4884 1191 4951 haeretici
1211 4886 1494 4973 supplicaverunt,
