<?xml version="1.0" encoding="UTF-8"?>
<!DOCTYPE html PUBLIC "-//W3C//DTD XHTML 1.0 Transitional//EN"
    "http://www.w3.org/TR/xhtml1/DTD/xhtml1-transitional.dtd">
<html xmlns="http://www.w3.org/1999/xhtml" xml:lang="en" lang="en">
 <head>
  <title>
</title>
<meta http-equiv="Content-Type" content="text/html;charset=utf-8" />
  <meta name='ocr-system' content='tesseract 3.04.00' />
  <meta name='ocr-capabilities' content='ocr_page ocr_carea ocr_par ocr_line ocrx_word'/>
</head>
<body>
  <div class='ocr_page' id='page_1' title='image "./epistolaeromano00cousgoog/epistolaeromano00cousgoog_0926.png"; bbox 0 0 3412 5664; ppageno 0'>
   <div class='ocr_carea' id='block_1_1' title="bbox 649 344 1468 409">
    <p class='ocr_par' dir='ltr' id='par_1_1' title="bbox 649 344 1468 409">
     <span class='ocr_line' id='line_1_1' title="bbox 649 344 1468 409; baseline 0.009 -7"><span class='ocrx_word' id='word_1_1' title='bbox 649 354 843 405; x_wconf 82' lang='lat' dir='ltr'><strong>nmsroann</strong></span> <span class='ocrx_word' id='word_1_2' title='bbox 865 346 1013 406; x_wconf 75' lang='grc'><strong>85-89.</strong></span> <span class='ocrx_word' id='word_1_3' title='bbox 1404 344 1468 409; x_wconf 83' lang='grc'><strong>885</strong></span> 
     </span>
    </p>
   </div>
   <div class='ocr_carea' id='block_1_2' title="bbox 193 506 1592 697">
    <p class='ocr_par' dir='ltr' id='par_1_2' title="bbox 193 506 1592 697">
     <span class='ocr_line' id='line_1_2' title="bbox 194 506 1592 597; baseline 0.006 -27"><span class='ocrx_word' id='word_1_4' title='bbox 194 506 335 593; x_wconf 76' lang='lat' dir='ltr'><strong>›rineipi</strong></span> <span class='ocrx_word' id='word_1_5' title='bbox 362 530 458 592; x_wconf 88' lang='lat' dir='ltr'><strong>quam</strong></span> <span class='ocrx_word' id='word_1_6' title='bbox 488 509 576 574; x_wconf 90' lang='lat' dir='ltr'><strong>vobis</strong></span> <span class='ocrx_word' id='word_1_7' title='bbox 603 510 742 595; x_wconf 78' lang='lat' dir='ltr'>gratiam</span> <span class='ocrx_word' id='word_1_8' title='bbox 770 508 898 575; x_wconf 80' lang='lat' dir='ltr'><strong>(livinae</strong></span> <span class='ocrx_word' id='word_1_9' title='bbox 920 510 1160 595; x_wconf 70' lang='lat' dir='ltr'><strong>propitiationis</strong></span> <span class='ocrx_word' id='word_1_10' title='bbox 1188 512 1334 597; x_wconf 88' lang='lat' dir='ltr'><strong>acquirit.</strong></span> <span class='ocrx_word' id='word_1_11' title='bbox 1379 514 1466 581; x_wconf 86' lang='lat' dir='ltr'><strong>Data</strong></span> <span class='ocrx_word' id='word_1_12' title='bbox 1476 526 1511 591; x_wconf 87' lang='lat' dir='ltr'><strong>(a.</strong></span> <span class='ocrx_word' id='word_1_13' title='bbox 1522 530 1592 592; x_wconf 80' lang='lat'><strong>519.)</strong></span> 
     </span>
     <span class='ocr_line' id='line_1_3' title="bbox 193 610 571 697; baseline 0.005 -23"><span class='ocrx_word' id='word_1_14' title='bbox 193 610 291 697; x_wconf 68' lang='lat'><strong>11:0¹)</strong></span> <span class='ocrx_word' id='word_1_15' title='bbox 313 632 411 695; x_wconf 87' lang='lat' dir='ltr'><strong>supra</strong></span> <span class='ocrx_word' id='word_1_16' title='bbox 432 610 571 676; x_wconf 86' lang='lat' dir='ltr'><strong>consule.</strong></span> 
     </span>
    </p>
   </div>
   <div class='ocr_carea' id='block_1_3' title="bbox 696 797 961 901">
    <p class='ocr_par' dir='ltr' id='par_1_3' title="bbox 696 797 961 901">
     <span class='ocr_line' id='line_1_4' title="bbox 696 797 961 901; baseline 0.008 -20"><span class='ocrx_word' id='word_1_17' title='bbox 696 797 877 901; x_wconf 79' lang='lat' dir='ltr'><strong>Epistola</strong></span> <span class='ocrx_word' id='word_1_18' title='bbox 903 799 961 883; x_wconf 85' lang='lat'><strong>88.</strong></span> 
     </span>
    </p>
   </div>
   <div class='ocr_carea' id='block_1_4' title="bbox 193 934 1605 1072">
    <p class='ocr_par' dir='ltr' id='par_1_4' title="bbox 193 934 1605 1072">
     <span class='ocr_line' id='line_1_5' title="bbox 193 934 1605 1072; baseline 0.002 -55"><span class='ocrx_word' id='word_1_19' title='bbox 193 950 405 1019; x_wconf 85' lang='lat' dir='ltr'><strong>llormlsdae</strong></span> <span class='ocrx_word' id='word_1_20' title='bbox 421 969 531 1035; x_wconf 86' lang='lat' dir='ltr'><strong>papae</strong></span> <span class='ocrx_word' id='word_1_21' title='bbox 553 951 595 1016; x_wconf 88' lang='lat' dir='ltr'><strong>ad</strong></span> <span class='ocrx_word' id='word_1_22' title='bbox 612 951 810 1018; x_wconf 83' lang='lat' dir='ltr'><strong>Jolrsnnem</strong></span> <span class='ocrx_word' id='word_1_23' title='bbox 826 951 1034 1017; x_wconf 85' lang='lat' dir='ltr'><strong>llllcltanas</strong></span> <span class='ocrx_word' id='word_1_24' title='bbox 1056 953 1226 1020; x_wconf 86' lang='lat' dir='ltr'><strong>eeclesiae</strong></span> <span class='ocrx_word' id='word_1_25' title='bbox 1249 956 1463 1041; x_wconf 85' lang='lat' dir='ltr'><strong>cplscopum.</strong></span> <span class='ocrx_word' id='word_1_26' title='bbox 1477 934 1605 1072; x_wconf 55' lang='lat' dir='ltr'><strong>(affin</strong></span> 
     </span>
    </p>
   </div>
   <div class='ocr_carea' id='block_1_5' title="bbox 222 1092 1430 1241">
    <p class='ocr_par' dir='ltr' id='par_1_5' title="bbox 222 1092 1430 1241">
     <span class='ocr_line' id='line_1_6' title="bbox 222 1092 1430 1157; baseline 0.004 -16"><span class='ocrx_word' id='word_1_27' title='bbox 222 1092 368 1142; x_wconf 69' lang='lat' dir='ltr'><strong>Balesium</strong></span> <span class='ocrx_word' id='word_1_28' title='bbox 381 1092 685 1155; x_wconf 65' lang='lat' dir='ltr'><strong>constantinopolitanam</strong></span> <span class='ocrx_word' id='word_1_29' title='bbox 704 1093 740 1141; x_wconf 82' lang='lat' dir='ltr'><strong>ad</strong></span> <span class='ocrx_word' id='word_1_30' title='bbox 749 1094 819 1141; x_wconf 80' lang='lat' dir='ltr'><strong>sedis</strong></span> <span class='ocrx_word' id='word_1_31' title='bbox 832 1093 988 1155; x_wconf 76' lang='lat' dir='ltr'><strong>‹rposlolicae</strong></span> <span class='ocrx_word' id='word_1_32' title='bbox 1000 1094 1191 1143; x_wconf 76' lang='lat' dir='ltr'><strong>caramanionem</strong></span> <span class='ocrx_word' id='word_1_33' title='bbox 1202 1096 1312 1145; x_wconf 74' lang='lat' dir='ltr'><strong>rediisse</strong></span> <span class='ocrx_word' id='word_1_34' title='bbox 1324 1099 1430 1157; x_wconf 76' lang='lat' dir='ltr'><strong>nuntiat,</strong></span> 
     </span>
     <span class='ocr_line' id='line_1_7' title="bbox 242 1177 1407 1241; baseline 0.003 -14"><span class='ocrx_word' id='word_1_35' title='bbox 242 1184 271 1227; x_wconf 78' lang='lat' dir='ltr'><strong>et</strong></span> <span class='ocrx_word' id='word_1_36' title='bbox 289 1177 397 1226; x_wconf 80' lang='lat' dir='ltr'><strong>libellam</strong></span> <span class='ocrx_word' id='word_1_37' title='bbox 413 1194 430 1227; x_wconf 82' lang='grc' dir='ltr'><em>α</em></span> <span class='ocrx_word' id='word_1_38' title='bbox 447 1178 563 1227; x_wconf 77' lang='lat' dir='ltr'><strong>dodonae</strong></span> <span class='ocrx_word' id='word_1_39' title='bbox 580 1179 639 1240; x_wconf 79' lang='lat' dir='ltr'><strong>ejus</strong></span> <span class='ocrx_word' id='word_1_40' title='bbox 656 1179 770 1227; x_wconf 73' lang='lat' dir='ltr'><strong>antistite</strong></span> <span class='ocrx_word' id='word_1_41' title='bbox 788 1180 958 1241; x_wconf 78' lang='lat' dir='ltr'><strong>eorrseriplnm</strong></span> <span class='ocrx_word' id='word_1_42' title='bbox 975 1194 1028 1227; x_wconf 83' lang='lat' dir='ltr'><strong>eura</strong></span> <span class='ocrx_word' id='word_1_43' title='bbox 1046 1194 1123 1227; x_wconf 84' lang='lat' dir='ltr'><strong>sacra</strong></span> <span class='ocrx_word' id='word_1_44' title='bbox 1140 1178 1236 1229; x_wconf 71' lang='lat' dir='ltr'><strong>Juxrim·</strong></span> <span class='ocrx_word' id='word_1_45' title='bbox 1252 1182 1407 1232; x_wconf 77' lang='lat' dir='ltr'><strong>transmittit.</strong></span> 
     </span>
    </p>
   </div>
   <div class='ocr_carea' id='block_1_6' title="bbox 344 1308 1247 1395">
    <p class='ocr_par' dir='ltr' id='par_1_6' title="bbox 344 1308 1247 1395">
     <span class='ocr_line' id='line_1_8' title="bbox 344 1308 1247 1395; baseline 0.002 -22"><span class='ocrx_word' id='word_1_46' title='bbox 344 1308 557 1375; x_wconf 87' lang='lat' dir='ltr'><strong>Hormisda</strong></span> <span class='ocrx_word' id='word_1_47' title='bbox 579 1308 755 1375; x_wconf 88' lang='lat' dir='ltr'><strong>Johanni</strong></span> <span class='ocrx_word' id='word_1_48' title='bbox 779 1309 1001 1395; x_wconf 87' lang='lat' dir='ltr'><strong>episcopo¹)</strong></span> <span class='ocrx_word' id='word_1_49' title='bbox 1024 1308 1247 1375; x_wconf 88' lang='lat' dir='ltr'><strong>Illicitan0.</strong></span> 
     </span>
    </p>
   </div>
   <div class='ocr_carea' id='block_1_7' title="bbox 191 1427 1568 3129">
    <p class='ocr_par' dir='ltr' id='par_1_7' title="bbox 191 1427 1568 3129">
     <span class='ocr_line' id='line_1_9' title="bbox 275 1427 1463 1521; baseline 0.006 -29"><span class='ocrx_word' id='word_1_50' title='bbox 275 1427 361 1493; x_wconf 86' lang='lat' dir='ltr'><strong>Vota</strong></span> <span class='ocrx_word' id='word_1_51' title='bbox 383 1433 494 1494; x_wconf 86' lang='lat' dir='ltr'><strong>nostra</strong></span> <span class='ocrx_word' id='word_1_52' title='bbox 517 1430 684 1494; x_wconf 87' lang='lat' dir='ltr'><strong>caritatem</strong></span> <span class='ocrx_word' id='word_1_53' title='bbox 706 1432 795 1495; x_wconf 88' lang='lat' dir='ltr'><strong>tuam</strong></span> <span class='ocrx_word' id='word_1_54' title='bbox 821 1428 922 1493; x_wconf 88' lang='lat' dir='ltr'><strong>latere</strong></span> <span class='ocrx_word' id='word_1_55' title='bbox 949 1427 1113 1513; x_wconf 87' lang='lat' dir='ltr'><strong>nolumus,</strong></span> <span class='ocrx_word' id='word_1_56' title='bbox 1147 1453 1187 1494; x_wconf 89' lang='lat' dir='ltr'><strong>ne</strong></span> <span class='ocrx_word' id='word_1_57' title='bbox 1216 1432 1270 1515; x_wconf 90' lang='lat' dir='ltr'><strong>qui</strong></span> <span class='ocrx_word' id='word_1_58' title='bbox 1301 1434 1463 1521; x_wconf 78' lang='lat' dir='ltr'><strong>particeps</strong></span> 
     </span>
     <span class='ocr_line' id='line_1_10' title="bbox 194 1530 1463 1616; baseline 0.005 -21"><span class='ocrx_word' id='word_1_59' title='bbox 194 1532 251 1595; x_wconf 87' lang='lat' dir='ltr'><strong>fuit</strong></span> <span class='ocrx_word' id='word_1_60' title='bbox 281 1532 524 1613; x_wconf 82' lang='lat' dir='ltr'><strong>sollicitudinis,</strong></span> <span class='ocrx_word' id='word_1_61' title='bbox 559 1532 749 1616; x_wconf 78' lang='lat' dir='ltr'><strong>gaudiorum</strong></span> <span class='ocrx_word' id='word_1_62' title='bbox 776 1532 883 1595; x_wconf 88' lang='lat' dir='ltr'><strong>fructu</strong></span> <span class='ocrx_word' id='word_1_63' title='bbox 910 1530 1094 1595; x_wconf 80' lang='lat' dir='ltr'><strong>redderetur</strong></span> <span class='ocrx_word' id='word_1_64' title='bbox 1122 1534 1267 1597; x_wconf 85' lang='lat' dir='ltr'><strong>extorris.</strong></span> <span class='ocrx_word' id='word_1_65' title='bbox 1318 1534 1361 1599; x_wconf 80' lang='lat' dir='ltr'><strong>Et</strong></span> <span class='ocrx_word' id='word_1_66' title='bbox 1394 1536 1463 1601; x_wconf 85' lang='lat' dir='ltr'><strong>ideo</strong></span> 
     </span>
     <span class='ocr_line' id='line_1_11' title="bbox 194 1632 1460 1723; baseline 0.004 -24"><span class='ocrx_word' id='word_1_67' title='bbox 194 1634 583 1718; x_wconf 77' lang='lat' dir='ltr'><strong>Constantinopolitanam</strong></span> <span class='ocrx_word' id='word_1_68' title='bbox 606 1634 773 1698; x_wconf 88' lang='lat' dir='ltr'><strong>eeclesiam</strong></span> <span class='ocrx_word' id='word_1_69' title='bbox 797 1634 837 1697; x_wconf 86' lang='lat' dir='ltr'><strong>ad</strong></span> <span class='ocrx_word' id='word_1_70' title='bbox 866 1632 1121 1698; x_wconf 79' lang='lat' dir='ltr'><strong>communionem</strong></span> <span class='ocrx_word' id='word_1_71' title='bbox 1147 1638 1291 1699; x_wconf 88' lang='lat' dir='ltr'><strong>nostram</strong></span> <span class='ocrx_word' id='word_1_72' title='bbox 1319 1638 1460 1723; x_wconf 90' lang='lat' dir='ltr'><strong>rediisse,</strong></span> 
     </span>
     <span class='ocr_line' id='line_1_12' title="bbox 194 1735 1462 1821; baseline 0.002 -20"><span class='ocrx_word' id='word_1_73' title='bbox 194 1736 330 1801; x_wconf 83' lang='lat' dir='ltr'><strong>Domino</strong></span> <span class='ocrx_word' id='word_1_74' title='bbox 351 1736 548 1821; x_wconf 86' lang='lat' dir='ltr'><strong>propitiante</strong></span> <span class='ocrx_word' id='word_1_75' title='bbox 570 1736 772 1800; x_wconf 85' lang='lat' dir='ltr'><strong>tradentibus</strong></span> <span class='ocrx_word' id='word_1_76' title='bbox 795 1735 1015 1820; x_wconf 78' lang='lat' dir='ltr'><strong>significamus</strong></span> <span class='ocrx_word' id='word_1_77' title='bbox 1045 1735 1207 1820; x_wconf 86' lang='lat' dir='ltr'><strong>alloquiis,</strong></span> <span class='ocrx_word' id='word_1_78' title='bbox 1237 1741 1270 1801; x_wconf 90' lang='lat' dir='ltr'><strong>et</strong></span> <span class='ocrx_word' id='word_1_79' title='bbox 1298 1740 1462 1805; x_wconf 86' lang='lat' dir='ltr'><strong>mandato-</strong></span> 
     </span>
     <span class='ocr_line' id='line_1_13' title="bbox 192 1837 1461 1927; baseline 0.006 -26"><span class='ocrx_word' id='word_1_80' title='bbox 192 1860 270 1921; x_wconf 85' lang='lat' dir='ltr'><strong>rum,</strong></span> <span class='ocrx_word' id='word_1_81' title='bbox 295 1860 377 1923; x_wconf 87' lang='lat' dir='ltr'><strong>quac</strong></span> <span class='ocrx_word' id='word_1_82' title='bbox 398 1837 515 1923; x_wconf 87' lang='lat' dir='ltr'><strong>legatis</strong></span> <span class='ocrx_word' id='word_1_83' title='bbox 536 1838 655 1902; x_wconf 87' lang='lat' dir='ltr'><strong>nostris</strong></span> <span class='ocrx_word' id='word_1_84' title='bbox 670 1838 824 1921; x_wconf 90' lang='lat' dir='ltr'><strong>dedimus,</strong></span> <span class='ocrx_word' id='word_1_85' title='bbox 847 1838 882 1901; x_wconf 93' lang='lat' dir='ltr'><strong>in</strong></span> <span class='ocrx_word' id='word_1_86' title='bbox 897 1837 1046 1901; x_wconf 89' lang='lat' dir='ltr'><strong>omnibus</strong></span> <span class='ocrx_word' id='word_1_87' title='bbox 1068 1837 1182 1902; x_wconf 88' lang='lat' dir='ltr'><strong>seriem</strong></span> <span class='ocrx_word' id='word_1_88' title='bbox 1204 1839 1302 1904; x_wconf 86' lang='lat' dir='ltr'><strong>fuisse</strong></span> <span class='ocrx_word' id='word_1_89' title='bbox 1326 1844 1461 1927; x_wconf 79' lang='lat' dir='ltr'><strong>comple-</strong></span> 
     </span>
     <span class='ocr_line' id='line_1_14' title="bbox 192 1939 1461 2031; baseline 0.003 -26"><span class='ocrx_word' id='word_1_90' title='bbox 192 1944 267 2005; x_wconf 79' lang='lat' dir='ltr'><strong>tam.</strong></span> <span class='ocrx_word' id='word_1_91' title='bbox 304 1940 353 2004; x_wconf 86' lang='lat' dir='ltr'><strong>De</strong></span> <span class='ocrx_word' id='word_1_92' title='bbox 368 1963 431 2025; x_wconf 69' lang='lat' dir='ltr'><strong>(qua</strong></span> <span class='ocrx_word' id='word_1_93' title='bbox 445 1943 547 2024; x_wconf 89' lang='lat' dir='ltr'><strong>parte,</strong></span> <span class='ocrx_word' id='word_1_94' title='bbox 571 1943 608 2003; x_wconf 90' lang='lat' dir='ltr'><strong>ut</strong></span> <span class='ocrx_word' id='word_1_95' title='bbox 629 1940 668 2003; x_wconf 87' lang='lat' dir='ltr'><strong>ad</strong></span> <span class='ocrx_word' id='word_1_96' title='bbox 690 1939 893 2004; x_wconf 87' lang='lat' dir='ltr'><strong>dilectionem</strong></span> <span class='ocrx_word' id='word_1_97' title='bbox 908 1942 998 2003; x_wconf 86' lang='lat' dir='ltr'><strong>tuam</strong></span> <span class='ocrx_word' id='word_1_98' title='bbox 1013 1939 1139 2022; x_wconf 88' lang='lat' dir='ltr'><strong>plenius</strong></span> <span class='ocrx_word' id='word_1_99' title='bbox 1156 1941 1368 2031; x_wconf 78' lang='lat' dir='ltr'><strong>perfeetum²)</strong></span> <span class='ocrx_word' id='word_1_100' title='bbox 1383 1966 1461 2029; x_wconf 84' lang='lat' dir='ltr'><strong>gau-</strong></span> 
     </span>
     <span class='ocr_line' id='line_1_15' title="bbox 192 2042 1568 2128; baseline 0.006 -25"><span class='ocrx_word' id='word_1_101' title='bbox 192 2042 275 2107; x_wconf 91' lang='lat' dir='ltr'><strong>dium</strong></span> <span class='ocrx_word' id='word_1_102' title='bbox 291 2043 483 2126; x_wconf 88' lang='lat' dir='ltr'><strong>perveniret,</strong></span> <span class='ocrx_word' id='word_1_103' title='bbox 496 2042 597 2106; x_wconf 91' lang='lat' dir='ltr'><strong>libelli</strong></span> <span class='ocrx_word' id='word_1_104' title='bbox 608 2042 630 2107; x_wconf 90' lang='lat' dir='ltr'><strong>J</strong></span> <span class='ocrx_word' id='word_1_105' title='bbox 631 2042 769 2107; x_wconf 82' lang='lat' dir='ltr'><strong>ohamris</strong></span> <span class='ocrx_word' id='word_1_106' title='bbox 780 2043 890 2107; x_wconf 85' lang='lat' dir='ltr'><strong>fratris</strong></span> <span class='ocrx_word' id='word_1_107' title='bbox 902 2044 935 2106; x_wconf 87' lang='lat' dir='ltr'><strong>et</strong></span> <span class='ocrx_word' id='word_1_108' title='bbox 947 2043 1184 2107; x_wconf 82' lang='lat' dir='ltr'><strong>consacerdotis</strong></span> <span class='ocrx_word' id='word_1_109' title='bbox 1192 2046 1293 2109; x_wconf 89' lang='lat' dir='ltr'><strong>nostri</strong></span> <span class='ocrx_word' id='word_1_110' title='bbox 1306 2046 1462 2113; x_wconf 81' lang='lat' dir='ltr'><strong>Constan-</strong></span> <span class='ocrx_word' id='word_1_111' title='bbox 1474 2076 1517 2128; x_wconf 81' lang='lat' dir='ltr'><strong>ep,</strong></span> <span class='ocrx_word' id='word_1_112' title='bbox 1527 2064 1568 2113; x_wconf 84' lang='lat' dir='ltr'><strong>ar.</strong></span> 
     </span>
     <span class='ocr_line' id='line_1_16' title="bbox 192 2144 1462 2231; baseline 0.006 -23"><span class='ocrx_word' id='word_1_113' title='bbox 192 2144 396 2229; x_wconf 84' lang='lat' dir='ltr'><strong>linopolitani</strong></span> <span class='ocrx_word' id='word_1_114' title='bbox 430 2146 590 2230; x_wconf 83' lang='lat' dir='ltr'><strong>episcopi,</strong></span> <span class='ocrx_word' id='word_1_115' title='bbox 628 2148 661 2208; x_wconf 87' lang='lat' dir='ltr'><strong>et</strong></span> <span class='ocrx_word' id='word_1_116' title='bbox 696 2144 817 2209; x_wconf 88' lang='lat' dir='ltr'><strong>Justini</strong></span> <span class='ocrx_word' id='word_1_117' title='bbox 854 2144 1094 2208; x_wconf 88' lang='lat' dir='ltr'><strong>elementissimi</strong></span> <span class='ocrx_word' id='word_1_118' title='bbox 1127 2145 1284 2231; x_wconf 86' lang='lat' dir='ltr'><strong>principis</strong></span> <span class='ocrx_word' id='word_1_119' title='bbox 1319 2150 1462 2215; x_wconf 86' lang='lat' dir='ltr'><strong>Orientis</strong></span> 
     </span>
     <span class='ocr_line' id='line_1_17' title="bbox 192 2245 1566 2334; baseline 0.003 -23"><span class='ocrx_word' id='word_1_120' title='bbox 192 2269 352 2311; x_wconf 86' lang='lat' dir='ltr'><strong>sacrarum</strong></span> <span class='ocrx_word' id='word_1_121' title='bbox 373 2248 554 2311; x_wconf 86' lang='lat' dir='ltr'><strong>litterarum</strong></span> <span class='ocrx_word' id='word_1_122' title='bbox 581 2245 810 2331; x_wconf 72' lang='lat' dir='ltr'><strong>exemplaria3)</strong></span> <span class='ocrx_word' id='word_1_123' title='bbox 833 2246 955 2331; x_wconf 86' lang='lat' dir='ltr'><strong>pariter</strong></span> <span class='ocrx_word' id='word_1_124' title='bbox 977 2247 1133 2311; x_wconf 89' lang='lat' dir='ltr'><strong>credimus</strong></span> <span class='ocrx_word' id='word_1_125' title='bbox 1148 2247 1355 2334; x_wconf 72' lang='lat' dir='ltr'><strong>destinanda,</strong></span> <span class='ocrx_word' id='word_1_126' title='bbox 1377 2253 1458 2316; x_wconf 91' lang='lat' dir='ltr'><strong>indi-</strong></span> <span class='ocrx_word' id='word_1_127' title='bbox 1471 2268 1566 2333; x_wconf 75' lang='lat' dir='ltr'><strong>epau.</strong></span> 
     </span>
     <span class='ocr_line' id='line_1_18' title="bbox 191 2348 1485 2435; baseline 0.002 -20"><span class='ocrx_word' id='word_1_128' title='bbox 191 2352 301 2415; x_wconf 88' lang='lat' dir='ltr'><strong>cantes</strong></span> <span class='ocrx_word' id='word_1_129' title='bbox 319 2348 537 2432; x_wconf 88' lang='lat' dir='ltr'><strong>nihilominus,</strong></span> <span class='ocrx_word' id='word_1_130' title='bbox 561 2371 619 2433; x_wconf 90' lang='lat' dir='ltr'><strong>per</strong></span> <span class='ocrx_word' id='word_1_131' title='bbox 634 2348 776 2412; x_wconf 73' lang='lat' dir='ltr'><strong>(trientis</strong></span> <span class='ocrx_word' id='word_1_132' title='bbox 792 2352 901 2433; x_wconf 85' lang='lat' dir='ltr'><strong>partes</strong></span> <span class='ocrx_word' id='word_1_133' title='bbox 917 2348 1069 2432; x_wconf 90' lang='lat' dir='ltr'><strong>plurimos</strong></span> <span class='ocrx_word' id='word_1_134' title='bbox 1085 2350 1250 2435; x_wconf 83' lang='lat' dir='ltr'><strong>episcopos</strong></span> <span class='ocrx_word' id='word_1_135' title='bbox 1272 2351 1319 2415; x_wconf 90' lang='lat' dir='ltr'><strong>sic</strong></span> <span class='ocrx_word' id='word_1_136' title='bbox 1334 2354 1458 2419; x_wconf 82' lang='lat' dir='ltr'><strong>fecisse.</strong></span> <span class='ocrx_word' id='word_1_137' title='bbox 1482 2371 1485 2376; x_wconf 86' lang='grc'><strong>’</strong></span> 
     </span>
     <span class='ocr_line' id='line_1_19' title="bbox 191 2450 1458 2535; baseline 0.004 -19"><span class='ocrx_word' id='word_1_138' title='bbox 191 2452 356 2535; x_wconf 75' lang='lat' dir='ltr'><strong>Superest,</strong></span> <span class='ocrx_word' id='word_1_139' title='bbox 383 2456 419 2515; x_wconf 89' lang='lat' dir='ltr'><strong>ut</strong></span> <span class='ocrx_word' id='word_1_140' title='bbox 440 2474 459 2515; x_wconf 88' lang='lat' dir='ltr'><strong>a</strong></span> <span class='ocrx_word' id='word_1_141' title='bbox 480 2451 573 2515; x_wconf 87' lang='lat' dir='ltr'><strong>nobis</strong></span> <span class='ocrx_word' id='word_1_142' title='bbox 597 2451 852 2535; x_wconf 87' lang='lat' dir='ltr'><strong>competentibus</strong></span> <span class='ocrx_word' id='word_1_143' title='bbox 874 2450 1023 2534; x_wconf 85' lang='lat' dir='ltr'><strong>precibus</strong></span> <span class='ocrx_word' id='word_1_144' title='bbox 1046 2450 1208 2516; x_wconf 74' lang='lat' dir='ltr'><strong>Divinitas</strong></span> <span class='ocrx_word' id='word_1_145' title='bbox 1231 2458 1363 2519; x_wconf 85' lang='lat' dir='ltr'><strong>exorata</strong></span> <span class='ocrx_word' id='word_1_146' title='bbox 1385 2478 1458 2521; x_wconf 92' lang='lat' dir='ltr'><strong>con-</strong></span> 
     </span>
     <span class='ocr_line' id='line_1_20' title="bbox 191 2553 1459 2644; baseline 0.004 -26"><span class='ocrx_word' id='word_1_147' title='bbox 191 2554 293 2637; x_wconf 87' lang='lat' dir='ltr'><strong>cedat,</strong></span> <span class='ocrx_word' id='word_1_148' title='bbox 317 2557 475 2637; x_wconf 86' lang='lat' dir='ltr'><strong>quatenus</strong></span> <span class='ocrx_word' id='word_1_149' title='bbox 497 2553 535 2615; x_wconf 87' lang='lat' dir='ltr'><strong>dc</strong></span> <span class='ocrx_word' id='word_1_150' title='bbox 559 2553 695 2617; x_wconf 85' lang='lat' dir='ltr'><strong>aliarum</strong></span> <span class='ocrx_word' id='word_1_151' title='bbox 717 2575 842 2638; x_wconf 86' lang='lat' dir='ltr'><strong>quoquc</strong></span> <span class='ocrx_word' id='word_1_152' title='bbox 864 2553 1072 2617; x_wconf 86' lang='lat' dir='ltr'><strong>ecelesiarum</strong></span> <span class='ocrx_word' id='word_1_153' title='bbox 1090 2554 1364 2639; x_wconf 70' lang='lat' dir='ltr'><strong>redintegratione</strong></span> <span class='ocrx_word' id='word_1_154' title='bbox 1386 2580 1459 2644; x_wconf 81' lang='lat' dir='ltr'><strong>gra-</strong></span> 
     </span>
     <span class='ocr_line' id='line_1_21' title="bbox 191 2655 1457 2743; baseline 0.004 -24"><span class='ocrx_word' id='word_1_155' title='bbox 191 2655 338 2719; x_wconf 87' lang='lat' dir='ltr'><strong>tulemur.</strong></span> <span class='ocrx_word' id='word_1_156' title='bbox 374 2655 423 2719; x_wconf 83' lang='lat' dir='ltr'><strong>Ea</strong></span> <span class='ocrx_word' id='word_1_157' title='bbox 445 2678 529 2738; x_wconf 84' lang='lat' dir='ltr'><strong>vero,</strong></span> <span class='ocrx_word' id='word_1_158' title='bbox 553 2677 635 2739; x_wconf 84' lang='lat' dir='ltr'><strong>quac</strong></span> <span class='ocrx_word' id='word_1_159' title='bbox 656 2655 839 2741; x_wconf 75' lang='lat' dir='ltr'><strong>significare</strong></span> <span class='ocrx_word' id='word_1_160' title='bbox 856 2655 1046 2738; x_wconf 86' lang='lat' dir='ltr'><strong>curavimus,</strong></span> <span class='ocrx_word' id='word_1_161' title='bbox 1070 2656 1105 2719; x_wconf 93' lang='lat' dir='ltr'><strong>in</strong></span> <span class='ocrx_word' id='word_1_162' title='bbox 1122 2678 1229 2721; x_wconf 90' lang='lat' dir='ltr'><strong>eorum</strong></span> <span class='ocrx_word' id='word_1_163' title='bbox 1245 2658 1457 2743; x_wconf 85' lang='lat' dir='ltr'><strong>sacerdotum,</strong></span> 
     </span>
     <span class='ocr_line' id='line_1_22' title="bbox 191 2757 1459 2843; baseline 0.006 -23"><span class='ocrx_word' id='word_1_164' title='bbox 191 2758 241 2843; x_wconf 87' lang='lat' dir='ltr'><strong>qui</strong></span> <span class='ocrx_word' id='word_1_165' title='bbox 270 2758 466 2821; x_wconf 79' lang='lat' dir='ltr'><strong>fraternitati</strong></span> <span class='ocrx_word' id='word_1_166' title='bbox 495 2761 571 2821; x_wconf 86' lang='lat' dir='ltr'><strong>tuae</strong></span> <span class='ocrx_word' id='word_1_167' title='bbox 597 2758 694 2821; x_wconf 87' lang='lat' dir='ltr'><strong>vicini</strong></span> <span class='ocrx_word' id='word_1_168' title='bbox 724 2761 815 2839; x_wconf 90' lang='lat' dir='ltr'><strong>sunt,</strong></span> <span class='ocrx_word' id='word_1_169' title='bbox 846 2757 971 2821; x_wconf 88' lang='lat' dir='ltr'><strong>curabis</strong></span> <span class='ocrx_word' id='word_1_170' title='bbox 997 2757 1138 2841; x_wconf 89' lang='lat' dir='ltr'><strong>perferre</strong></span> <span class='ocrx_word' id='word_1_171' title='bbox 1166 2760 1331 2843; x_wconf 85' lang='lat' dir='ltr'><strong>notitiam,</strong></span> <span class='ocrx_word' id='word_1_172' title='bbox 1363 2766 1398 2826; x_wconf 89' lang='lat' dir='ltr'><strong>ut</strong></span> <span class='ocrx_word' id='word_1_173' title='bbox 1427 2766 1459 2827; x_wconf 88' lang='lat' dir='ltr'><strong>et</strong></span> 
     </span>
     <span class='ocr_line' id='line_1_23' title="bbox 191 2859 1458 2943; baseline 0.005 -20"><span class='ocrx_word' id='word_1_174' title='bbox 191 2860 248 2943; x_wconf 89' lang='lat' dir='ltr'><strong>ipsi</strong></span> <span class='ocrx_word' id='word_1_175' title='bbox 274 2859 314 2923; x_wconf 91' lang='lat' dir='ltr'><strong>dc</strong></span> <span class='ocrx_word' id='word_1_176' title='bbox 342 2860 456 2925; x_wconf 78' lang='lat' dir='ltr'><strong>ellectu</strong></span> <span class='ocrx_word' id='word_1_177' title='bbox 485 2863 596 2924; x_wconf 86' lang='lat' dir='ltr'><strong>tantae</strong></span> <span class='ocrx_word' id='word_1_178' title='bbox 623 2860 669 2923; x_wconf 88' lang='lat' dir='ltr'><strong>rei</strong></span> <span class='ocrx_word' id='word_1_179' title='bbox 701 2859 823 2941; x_wconf 58' lang='lat' dir='ltr'><strong>martias</strong></span> <span class='ocrx_word' id='word_1_180' title='bbox 851 2859 1018 2923; x_wconf 88' lang='lat' dir='ltr'><strong>nobiscum</strong></span> <span class='ocrx_word' id='word_1_181' title='bbox 1048 2860 1195 2925; x_wconf 87' lang='lat' dir='ltr'><strong>eoelestis</strong></span> <span class='ocrx_word' id='word_1_182' title='bbox 1222 2861 1458 2929; x_wconf 86' lang='lat' dir='ltr'><strong>misericordiae</strong></span> 
     </span>
     <span class='ocr_line' id='line_1_24' title="bbox 191 2960 1459 3049; baseline 0.006 -27"><span class='ocrx_word' id='word_1_183' title='bbox 191 2960 351 3025; x_wconf 88' lang='lat' dir='ltr'><strong>beneficiis</strong></span> <span class='ocrx_word' id='word_1_184' title='bbox 373 2962 492 3027; x_wconf 86' lang='lat' dir='ltr'><strong>referre</strong></span> <span class='ocrx_word' id='word_1_185' title='bbox 514 2984 580 3026; x_wconf 92' lang='lat' dir='ltr'><strong>non</strong></span> <span class='ocrx_word' id='word_1_186' title='bbox 603 2964 737 3025; x_wconf 88' lang='lat' dir='ltr'><strong>cessent.</strong></span> <span class='ocrx_word' id='word_1_187' title='bbox 785 2960 869 3025; x_wconf 81' lang='lat' dir='ltr'><strong>Deus</strong></span> <span class='ocrx_word' id='word_1_188' title='bbox 891 2965 923 3025; x_wconf 90' lang='lat' dir='ltr'><strong>tc</strong></span> <span class='ocrx_word' id='word_1_189' title='bbox 945 2961 1138 3026; x_wconf 88' lang='lat' dir='ltr'><strong>ineolumem</strong></span> <span class='ocrx_word' id='word_1_190' title='bbox 1161 2963 1329 3049; x_wconf 85' lang='lat' dir='ltr'><strong>custodiat,</strong></span> <span class='ocrx_word' id='word_1_191' title='bbox 1356 2964 1459 3029; x_wconf 84' lang='lat' dir='ltr'><strong>frater</strong></span> 
     </span>
     <span class='ocr_line' id='line_1_25' title="bbox 191 3064 369 3129; baseline -0.006 0"><span class='ocrx_word' id='word_1_192' title='bbox 191 3064 369 3129; x_wconf 85' lang='lat' dir='ltr'><strong>carissime!</strong></span> 
     </span>
    </p>
   </div>
   <div class='ocr_carea' id='block_1_8' title="bbox 1644 1932 1664 1959">
    <p class='ocr_par' dir='ltr' id='par_1_8' title="bbox 1644 1932 1664 1959">
     <span class='ocr_line' id='line_1_26' title="bbox 1644 1932 1664 1959; baseline 0 0"><span class='ocrx_word' id='word_1_193' title='bbox 1644 1932 1664 1959; x_wconf 75' lang='grc' dir='ltr'><em>Ι</em></span> 
     </span>
    </p>
   </div>
   <div class='ocr_carea' id='block_1_9' title="bbox 696 3248 949 3351">
    <p class='ocr_par' dir='ltr' id='par_1_9' title="bbox 696 3248 949 3351">
     <span class='ocr_line' id='line_1_27' title="bbox 696 3248 949 3351; baseline 0 -18"><span class='ocrx_word' id='word_1_194' title='bbox 696 3248 877 3351; x_wconf 82' lang='lat' dir='ltr'><strong>Epistola</strong></span> <span class='ocrx_word' id='word_1_195' title='bbox 902 3248 949 3333; x_wconf 81' lang='grc'><strong>89</strong></span> 
     </span>
    </p>
   </div>
   <div class='ocr_carea' id='block_1_10' title="bbox 794 3402 843 3439">
    <p class='ocr_par' dir='ltr' id='par_1_10' title="bbox 794 3402 843 3439">
     <span class='ocr_line' id='line_1_28' title="bbox 794 3402 843 3439; baseline -0.02 0"><span class='ocrx_word' id='word_1_196' title='bbox 794 3402 843 3439; x_wconf 69' lang='lat' dir='ltr'><strong>wll</strong></span> 
     </span>
    </p>
   </div>
   <div class='ocr_carea' id='block_1_11' title="bbox 238 3474 1606 3668">
    <p class='ocr_par' dir='ltr' id='par_1_11' title="bbox 238 3474 1606 3668">
     <span class='ocr_line' id='line_1_29' title="bbox 238 3474 1606 3595; baseline -0.028 -23"><span class='ocrx_word' id='word_1_197' title='bbox 238 3500 443 3568; x_wconf 76' lang='lat' dir='ltr'><strong>Exemplum</strong></span> <span class='ocrx_word' id='word_1_198' title='bbox 464 3498 628 3567; x_wconf 80' lang='lat' dir='ltr'><strong>eplstolae</strong></span> <span class='ocrx_word' id='word_1_199' title='bbox 649 3497 839 3554; x_wconf 83' lang='lat' dir='ltr'><strong>Justinianl</strong></span> <span class='ocrx_word' id='word_1_200' title='bbox 860 3510 922 3565; x_wconf 85' lang='lat' dir='ltr'><strong>per</strong></span> <span class='ocrx_word' id='word_1_201' title='bbox 942 3498 1085 3553; x_wconf 78' lang='lat' dir='ltr'><strong>fratrem</strong></span> <span class='ocrx_word' id='word_1_202' title='bbox 1105 3500 1335 3567; x_wconf 68' lang='lat' dir='ltr'><strong>Prosmptoris</strong></span> <span class='ocrx_word' id='word_1_203' title='bbox 1356 3504 1401 3558; x_wconf 86' lang='lat' dir='ltr'><strong>ad</strong></span> <span class='ocrx_word' id='word_1_204' title='bbox 1467 3474 1606 3595; x_wconf 51' lang='lat' dir='ltr'><strong>(affin.</strong></span> 
     </span>
     <span class='ocr_line' id='line_1_30' title="bbox 632 3596 1562 3668; baseline -0.023 -12"><span class='ocrx_word' id='word_1_205' title='bbox 632 3598 850 3656; x_wconf 82' lang='lat' dir='ltr'><strong>Hormisdam</strong></span> <span class='ocrx_word' id='word_1_206' title='bbox 871 3613 1005 3668; x_wconf 84' lang='lat' dir='ltr'><strong>papam.</strong></span> <span class='ocrx_word' id='word_1_207' title='bbox 1559 3596 1562 3603; x_wconf 63' lang='lat'><em>¹</em></span> 
     </span>
    </p>
   </div>
   <div class='ocr_carea' id='block_1_12' title="bbox 202 3731 1437 3799">
    <p class='ocr_par' dir='ltr' id='par_1_12' title="bbox 202 3731 1437 3799">
     <span class='ocr_line' id='line_1_31' title="bbox 202 3731 1437 3799; baseline -0.002 -14"><span class='ocrx_word' id='word_1_208' title='bbox 202 3734 237 3785; x_wconf 78' lang='lat' dir='ltr'><strong>m</strong></span> <span class='ocrx_word' id='word_1_209' title='bbox 254 3735 378 3799; x_wconf 70' lang='lat' dir='ltr'><strong>expedito</strong></span> <span class='ocrx_word' id='word_1_210' title='bbox 396 3732 547 3797; x_wconf 73' lang='lat' dir='ltr'><strong>Scytharum</strong></span> <span class='ocrx_word' id='word_1_211' title='bbox 564 3731 740 3781; x_wconf 76' lang='lat' dir='ltr'><strong>monachorum</strong></span> <span class='ocrx_word' id='word_1_212' title='bbox 758 3731 859 3795; x_wconf 75' lang='lat' dir='ltr'><strong>neqolio</strong></span> <span class='ocrx_word' id='word_1_213' title='bbox 876 3731 1015 3782; x_wconf 69' lang='lat' dir='ltr'><strong>dolassem</strong></span> <span class='ocrx_word' id='word_1_214' title='bbox 1033 3738 1059 3781; x_wconf 75' lang='lat' dir='ltr'><strong>el</strong></span> <span class='ocrx_word' id='word_1_215' title='bbox 1070 3731 1203 3781; x_wconf 77' lang='lat' dir='ltr'><strong>Leontium</strong></span> <span class='ocrx_word' id='word_1_216' title='bbox 1220 3734 1256 3781; x_wconf 82' lang='lat' dir='ltr'><strong>nd</strong></span> <span class='ocrx_word' id='word_1_217' title='bbox 1271 3749 1299 3783; x_wconf 81' lang='lat' dir='ltr'><strong>se</strong></span> <span class='ocrx_word' id='word_1_218' title='bbox 1317 3736 1437 3785; x_wconf 74' lang='lat' dir='ltr'><strong>remittat.</strong></span> 
     </span>
    </p>
   </div>
   <div class='ocr_carea' id='block_1_13' title="bbox 190 3863 1456 4051">
    <p class='ocr_par' dir='ltr' id='par_1_13' title="bbox 190 3863 1456 4051">
     <span class='ocr_line' id='line_1_32' title="bbox 269 3863 1456 3951; baseline 0.002 -22"><span class='ocrx_word' id='word_1_219' title='bbox 269 3864 429 3951; x_wconf 76' lang='lat' dir='ltr'><strong>Quidquid</strong></span> <span class='ocrx_word' id='word_1_220' title='bbox 457 3868 508 3930; x_wconf 89' lang='lat' dir='ltr'><strong>est</strong></span> <span class='ocrx_word' id='word_1_221' title='bbox 535 3864 675 3948; x_wconf 88' lang='lat' dir='ltr'><strong>cautius,</strong></span> <span class='ocrx_word' id='word_1_222' title='bbox 704 3863 858 3949; x_wconf 88' lang='lat' dir='ltr'><strong>quidquid</strong></span> <span class='ocrx_word' id='word_1_223' title='bbox 884 3863 1022 3947; x_wconf 86' lang='lat' dir='ltr'><strong>firmius,</strong></span> <span class='ocrx_word' id='word_1_224' title='bbox 1052 3866 1089 3928; x_wconf 90' lang='lat' dir='ltr'><strong>ut</strong></span> <span class='ocrx_word' id='word_1_225' title='bbox 1115 3887 1172 3950; x_wconf 90' lang='lat' dir='ltr'><strong>pro</strong></span> <span class='ocrx_word' id='word_1_226' title='bbox 1198 3868 1312 3929; x_wconf 85' lang='lat' dir='ltr'><strong>sancta</strong></span> <span class='ocrx_word' id='word_1_227' title='bbox 1333 3866 1394 3929; x_wconf 87' lang='lat' dir='ltr'><strong>fide</strong></span> <span class='ocrx_word' id='word_1_228' title='bbox 1423 3870 1456 3932; x_wconf 89' lang='lat' dir='ltr'><strong>et</strong></span> 
     </span>
     <span class='ocr_line' id='line_1_33' title="bbox 190 3966 1454 4051; baseline -0.002 -16"><span class='ocrx_word' id='word_1_229' title='bbox 190 3968 355 4035; x_wconf 68' lang='lat' dir='ltr'><strong>eoncordia</strong></span> <span class='ocrx_word' id='word_1_230' title='bbox 378 3973 563 4033; x_wconf 87' lang='lat' dir='ltr'><strong>sanctarum</strong></span> <span class='ocrx_word' id='word_1_231' title='bbox 585 3966 790 4032; x_wconf 86' lang='lat' dir='ltr'><strong>eeclesiarum</strong></span> <span class='ocrx_word' id='word_1_232' title='bbox 813 3970 955 4051; x_wconf 77' lang='lat' dir='ltr'><strong>geratur,</strong></span> <span class='ocrx_word' id='word_1_233' title='bbox 979 3968 1136 4050; x_wconf 87' lang='lat' dir='ltr'><strong>optamus.</strong></span> <span class='ocrx_word' id='word_1_234' title='bbox 1176 3966 1268 4032; x_wconf 90' lang='lat' dir='ltr'><strong>Unde</strong></span> <span class='ocrx_word' id='word_1_235' title='bbox 1291 3968 1330 4031; x_wconf 86' lang='lat' dir='ltr'><strong>ad</strong></span> <span class='ocrx_word' id='word_1_236' title='bbox 1354 3968 1454 4033; x_wconf 87' lang='lat' dir='ltr'><strong>beati·</strong></span> 
     </span>
    </p>
   </div>
   <div class='ocr_carea' id='block_1_14' title="bbox 190 4102 488 4111">
    <p class='ocr_par' dir='ltr' id='par_1_14' title="bbox 190 4102 488 4111">
     <span class='ocr_line' id='line_1_34' title="bbox 190 4102 488 4111; baseline 0 -2"><span class='ocrx_word' id='word_1_237' title='bbox 190 4102 338 4111; x_wconf 77' lang='lat'>——.-—</span> <span class='ocrx_word' id='word_1_238' title='bbox 358 4102 377 4109; x_wconf 82' lang='lat'>-</span> <span class='ocrx_word' id='word_1_239' title='bbox 397 4102 488 4109; x_wconf 74' lang='grc' dir='ltr'>...ι-.-</span> 
     </span>
    </p>
   </div>
   <div class='ocr_carea' id='block_1_15' title="bbox 189 4152 1454 4999">
    <p class='ocr_par' dir='ltr' id='par_1_15' title="bbox 189 4152 1454 4999">
     <span class='ocr_line' id='line_1_35' title="bbox 189 4152 1454 4225; baseline -0.003 -14"><span class='ocrx_word' id='word_1_240' title='bbox 189 4162 215 4213; x_wconf 72' lang='lat' dir='ltr'><strong>tt</strong></span> <span class='ocrx_word' id='word_1_241' title='bbox 252 4158 273 4224; x_wconf 89' lang='lat'><strong>¹)</strong></span> <span class='ocrx_word' id='word_1_242' title='bbox 292 4154 326 4209; x_wconf 88' lang='lat' dir='ltr'><strong>G¹</strong></span> <span class='ocrx_word' id='word_1_243' title='bbox 347 4160 416 4209; x_wconf 74' lang='lat' dir='ltr'><strong>liuta</strong></span> <span class='ocrx_word' id='word_1_244' title='bbox 439 4175 486 4225; x_wconf 81' lang='lat' dir='ltr'><strong>qno</strong></span> <span class='ocrx_word' id='word_1_245' title='bbox 508 4176 589 4224; x_wconf 79' lang='lat' dir='ltr'><strong>supra</strong></span> <span class='ocrx_word' id='word_1_246' title='bbox 611 4176 680 4209; x_wconf 70' lang='lat' dir='ltr'><strong>errar-</strong></span> <span class='ocrx_word' id='word_1_247' title='bbox 723 4153 820 4207; x_wconf 88' lang='lat' dir='ltr'><strong>Nullus</strong></span> <span class='ocrx_word' id='word_1_248' title='bbox 843 4156 937 4207; x_wconf 86' lang='lat' dir='ltr'><strong>antem</strong></span> <span class='ocrx_word' id='word_1_249' title='bbox 954 4152 983 4205; x_wconf 92' lang='lat' dir='ltr'><strong>in</strong></span> <span class='ocrx_word' id='word_1_250' title='bbox 1004 4152 1137 4222; x_wconf 79' lang='lat' dir='ltr'><strong>proximis</strong></span> <span class='ocrx_word' id='word_1_251' title='bbox 1154 4152 1278 4224; x_wconf 84' lang='lat' dir='ltr'><strong>epistolis</strong></span> <span class='ocrx_word' id='word_1_252' title='bbox 1295 4154 1454 4208; x_wconf 87' lang='lat' dir='ltr'><strong>nominatus</strong></span> 
     </span>
     <span class='ocr_line' id='line_1_36' title="bbox 189 4237 1451 4309; baseline -0.003 -14"><span class='ocrx_word' id='word_1_253' title='bbox 189 4244 225 4295; x_wconf 79' lang='lat' dir='ltr'><strong>st</strong></span> <span class='ocrx_word' id='word_1_254' title='bbox 243 4240 338 4295; x_wconf 76' lang='lat' dir='ltr'><strong>consid</strong></span> <span class='ocrx_word' id='word_1_255' title='bbox 357 4238 408 4293; x_wconf 84' lang='lat' dir='ltr'><strong>nisi</strong></span> <span class='ocrx_word' id='word_1_256' title='bbox 420 4239 593 4296; x_wconf 79' lang='lat' dir='ltr'><strong>Eutharicus.</strong></span> <span class='ocrx_word' id='word_1_257' title='bbox 624 4239 720 4307; x_wconf 81' lang='lat' dir='ltr'><strong>Neque</strong></span> <span class='ocrx_word' id='word_1_258' title='bbox 739 4238 885 4291; x_wconf 80' lang='lat' dir='ltr'><strong>obscurum</strong></span> <span class='ocrx_word' id='word_1_259' title='bbox 904 4246 955 4303; x_wconf 85' lang='lat' dir='ltr'><strong>est,</strong></span> <span class='ocrx_word' id='word_1_260' title='bbox 972 4238 1045 4291; x_wconf 79' lang='lat' dir='ltr'><strong>lianc</strong></span> <span class='ocrx_word' id='word_1_261' title='bbox 1062 4237 1210 4306; x_wconf 85' lang='lat' dir='ltr'><strong>epistolam</strong></span> <span class='ocrx_word' id='word_1_262' title='bbox 1228 4256 1289 4291; x_wconf 90' lang='lat' dir='ltr'><strong>eum</strong></span> <span class='ocrx_word' id='word_1_263' title='bbox 1302 4238 1451 4309; x_wconf 89' lang='lat' dir='ltr'><strong>superiori-</strong></span> 
     </span>
     <span class='ocr_line' id='line_1_37' title="bbox 189 4324 554 4381; baseline -0.008 0"><span class='ocrx_word' id='word_1_264' title='bbox 189 4344 233 4381; x_wconf 74' lang='lat' dir='ltr'><strong>·us</strong></span> <span class='ocrx_word' id='word_1_265' title='bbox 251 4326 337 4379; x_wconf 74' lang='lat' dir='ltr'><strong>frume</strong></span> <span class='ocrx_word' id='word_1_266' title='bbox 354 4324 554 4379; x_wconf 83' lang='lat' dir='ltr'><strong>transmissam.</strong></span> 
     </span>
     <span class='ocr_line' id='line_1_38' title="bbox 189 4406 1449 4479; baseline -0.005 -12"><span class='ocrx_word' id='word_1_267' title='bbox 189 4416 212 4467; x_wconf 73' lang='lat'><strong>8</strong></span> <span class='ocrx_word' id='word_1_268' title='bbox 253 4414 272 4479; x_wconf 83' lang='lat'><strong>¹)</strong></span> <span class='ocrx_word' id='word_1_269' title='bbox 291 4414 317 4463; x_wconf 72' lang='lat' dir='ltr'><strong>a*</strong></span> <span class='ocrx_word' id='word_1_270' title='bbox 332 4412 361 4463; x_wconf 84' lang='lat' dir='ltr'><strong>et</strong></span> <span class='ocrx_word' id='word_1_271' title='bbox 372 4426 407 4463; x_wconf 84' lang='lat' dir='ltr'><strong>cc</strong></span> <span class='ocrx_word' id='word_1_272' title='bbox 424 4410 460 4464; x_wconf 86' lang='lat' dir='ltr'><strong>ad</strong></span> <span class='ocrx_word' id='word_1_273' title='bbox 479 4427 567 4479; x_wconf 80' lang='lat' dir='ltr'><strong>marg.</strong></span> <span class='ocrx_word' id='word_1_274' title='bbox 582 4414 803 4477; x_wconf 60' lang='lat' dir='ltr'><strong>‚llilecopolilamn</strong></span> <span class='ocrx_word' id='word_1_275' title='bbox 822 4408 850 4461; x_wconf 83' lang='lat' dir='ltr'><strong>et</strong></span> <span class='ocrx_word' id='word_1_276' title='bbox 862 4407 890 4461; x_wconf 91' lang='lat' dir='ltr'><strong>iu</strong></span> <span class='ocrx_word' id='word_1_277' title='bbox 903 4408 981 4461; x_wconf 79' lang='lat' dir='ltr'><strong>textu</strong></span> <span class='ocrx_word' id='word_1_278' title='bbox 994 4423 1028 4461; x_wconf 84' lang='lat' dir='ltr'><strong>ex</strong></span> <span class='ocrx_word' id='word_1_279' title='bbox 1040 4406 1164 4473; x_wconf 80' lang='lat' dir='ltr'><strong>„Vatic.“</strong></span> <span class='ocrx_word' id='word_1_280' title='bbox 1183 4412 1339 4465; x_wconf 72' lang='lat' dir='ltr'><strong>,llelr&#39;er&#39;lanm</strong></span> <span class='ocrx_word' id='word_1_281' title='bbox 1369 4408 1449 4463; x_wconf 82' lang='lat' dir='ltr'><strong>Haud</strong></span> 
     </span>
     <span class='ocr_line' id='line_1_39' title="bbox 189 4492 1450 4561; baseline -0.004 -9"><span class='ocrx_word' id='word_1_282' title='bbox 189 4496 268 4552; x_wconf 88' lang='lat' dir='ltr'><strong>labie</strong></span> <span class='ocrx_word' id='word_1_283' title='bbox 285 4512 320 4549; x_wconf 86' lang='lat' dir='ltr'><strong>ex</strong></span> <span class='ocrx_word' id='word_1_284' title='bbox 337 4494 419 4549; x_wconf 83' lang='lat' dir='ltr'><strong>tibrlo</strong></span> <span class='ocrx_word' id='word_1_285' title='bbox 439 4500 484 4549; x_wconf 77' lang='lat' dir='ltr'><strong>Aa</strong></span> <span class='ocrx_word' id='word_1_286' title='bbox 498 4500 668 4549; x_wconf 70' lang='lat' dir='ltr'><strong>dolensem</strong></span> <span class='ocrx_word' id='word_1_287' title='bbox 683 4498 872 4547; x_wconf 68' lang='lat' dir='ltr'><strong>Elii-itanum</strong></span> <span class='ocrx_word' id='word_1_288' title='bbox 893 4492 1023 4546; x_wconf 86' lang='lat' dir='ltr'><strong>librarius</strong></span> <span class='ocrx_word' id='word_1_289' title='bbox 1040 4492 1164 4547; x_wconf 81' lang='lat' dir='ltr'><strong>litteram</strong></span> <span class='ocrx_word' id='word_1_290' title='bbox 1182 4496 1214 4546; x_wconf 79' lang='lat' dir='ltr'><strong>‚ll</strong></span> <span class='ocrx_word' id='word_1_291' title='bbox 1229 4493 1374 4561; x_wconf 76' lang='lat' dir='ltr'><strong>geminans</strong></span> <span class='ocrx_word' id='word_1_292' title='bbox 1393 4510 1450 4547; x_wconf 89' lang='lat' dir='ltr'><strong>cor-</strong></span> 
     </span>
     <span class='ocr_line' id='line_1_40' title="bbox 189 4575 1452 4653; baseline -0.005 -16"><span class='ocrx_word' id='word_1_293' title='bbox 189 4580 341 4653; x_wconf 83' lang='lat' dir='ltr'><strong>uptioncm</strong></span> <span class='ocrx_word' id='word_1_294' title='bbox 359 4578 429 4634; x_wconf 83' lang='lat' dir='ltr'><strong>hane</strong></span> <span class='ocrx_word' id='word_1_295' title='bbox 447 4579 568 4646; x_wconf 85' lang='lat' dir='ltr'><strong>induxit,</strong></span> <span class='ocrx_word' id='word_1_296' title='bbox 586 4596 658 4648; x_wconf 89' lang='lat' dir='ltr'><strong>qnae</strong></span> <span class='ocrx_word' id='word_1_297' title='bbox 676 4596 729 4648; x_wconf 89' lang='lat' dir='ltr'><strong>ope</strong></span> <span class='ocrx_word' id='word_1_298' title='bbox 748 4577 873 4631; x_wconf 86' lang='lat' dir='ltr'><strong>codicum</strong></span> <span class='ocrx_word' id='word_1_299' title='bbox 891 4576 1080 4639; x_wconf 83' lang='lat' dir='ltr'><strong>laudatorum,</strong></span> <span class='ocrx_word' id='word_1_300' title='bbox 1103 4576 1229 4645; x_wconf 79' lang='lat' dir='ltr'><strong>quamvis</strong></span> <span class='ocrx_word' id='word_1_301' title='bbox 1246 4578 1273 4630; x_wconf 94' lang='lat' dir='ltr'><strong>iu</strong></span> <span class='ocrx_word' id='word_1_302' title='bbox 1292 4575 1325 4629; x_wconf 86' lang='lat' dir='ltr'><strong>iis</strong></span> <span class='ocrx_word' id='word_1_303' title='bbox 1342 4592 1397 4631; x_wconf 86' lang='lat' dir='ltr'><strong>non</strong></span> <span class='ocrx_word' id='word_1_304' title='bbox 1416 4577 1452 4632; x_wconf 83' lang='lat' dir='ltr'><strong>eit</strong></span> 
     </span>
     <span class='ocr_line' id='line_1_41' title="bbox 192 4662 1449 4732; baseline -0.005 -9"><span class='ocrx_word' id='word_1_305' title='bbox 192 4684 250 4723; x_wconf 87' lang='lat' dir='ltr'><strong>aec</strong></span> <span class='ocrx_word' id='word_1_306' title='bbox 269 4664 415 4732; x_wconf 70' lang='lat' dir='ltr'><strong>estimatio,</strong></span> <span class='ocrx_word' id='word_1_307' title='bbox 433 4667 555 4719; x_wconf 76' lang='lat' dir='ltr'><strong>serretur.</strong></span> <span class='ocrx_word' id='word_1_308' title='bbox 586 4664 670 4719; x_wconf 85' lang='lat' dir='ltr'><strong>Plura</strong></span> <span class='ocrx_word' id='word_1_309' title='bbox 688 4662 722 4717; x_wconf 89' lang='lat' dir='ltr'><strong>de</strong></span> <span class='ocrx_word' id='word_1_310' title='bbox 740 4662 919 4732; x_wconf 84' lang='lat' dir='ltr'><strong>inscriptione</strong></span> <span class='ocrx_word' id='word_1_311' title='bbox 937 4664 1008 4717; x_wconf 90' lang='lat' dir='ltr'><strong>conl&#39;.</strong></span> <span class='ocrx_word' id='word_1_312' title='bbox 1027 4679 1112 4732; x_wconf 86' lang='lat' dir='ltr'><strong>supra</strong></span> <span class='ocrx_word' id='word_1_313' title='bbox 1129 4682 1193 4716; x_wconf 66' lang='lat' dir='ltr'><strong>mora.</strong></span> <span class='ocrx_word' id='word_1_314' title='bbox 1206 4682 1294 4731; x_wconf 77' lang='lat' dir='ltr'><strong>praev,</strong></span> <span class='ocrx_word' id='word_1_315' title='bbox 1312 4679 1376 4731; x_wconf 78' lang='lat' dir='ltr'><strong>pag.</strong></span> <span class='ocrx_word' id='word_1_316' title='bbox 1394 4670 1449 4717; x_wconf 85' lang='lat'><strong>113.</strong></span> 
     </span>
     <span class='ocr_line' id='line_1_42' title="bbox 247 4750 542 4821; baseline 0.003 -18"><span class='ocrx_word' id='word_1_317' title='bbox 247 4752 271 4817; x_wconf 59' lang='grc' dir='ltr'><strong>ἵ)</strong></span> <span class='ocrx_word' id='word_1_318' title='bbox 290 4750 354 4804; x_wconf 81' lang='lat' dir='ltr'><strong>Mas.</strong></span> <span class='ocrx_word' id='word_1_319' title='bbox 372 4754 401 4805; x_wconf 84' lang='lat' dir='ltr'><strong>a³</strong></span> <span class='ocrx_word' id='word_1_320' title='bbox 416 4755 542 4821; x_wconf 74' lang='lat' dir='ltr'><strong>perferre.</strong></span> 
     </span>
     <span class='ocr_line' id='line_1_43' title="bbox 247 4832 1450 4907; baseline -0.001 -18"><span class='ocrx_word' id='word_1_321' title='bbox 247 4842 270 4905; x_wconf 81' lang='lat'><strong>³)</strong></span> <span class='ocrx_word' id='word_1_322' title='bbox 288 4836 467 4907; x_wconf 82' lang='lat' dir='ltr'><strong>Exemplaria</strong></span> <span class='ocrx_word' id='word_1_323' title='bbox 486 4836 536 4889; x_wconf 85' lang='lat' dir='ltr'><strong>illa</strong></span> <span class='ocrx_word' id='word_1_324' title='bbox 553 4835 703 4903; x_wconf 72' lang='lat' dir='ltr'><strong>diligenter</strong></span> <span class='ocrx_word' id='word_1_325' title='bbox 720 4834 898 4889; x_wconf 71' lang='lat' dir='ltr'><strong>iisservarnnt</strong></span> <span class='ocrx_word' id='word_1_326' title='bbox 915 4832 1043 4903; x_wconf 84' lang='lat' dir='ltr'><strong>Hispani,</strong></span> <span class='ocrx_word' id='word_1_327' title='bbox 1066 4834 1095 4887; x_wconf 89' lang='lat' dir='ltr'><strong>et</strong></span> <span class='ocrx_word' id='word_1_328' title='bbox 1112 4834 1223 4903; x_wconf 70' lang='lat' dir='ltr'><strong>arnrplac</strong></span> <span class='ocrx_word' id='word_1_329' title='bbox 1246 4833 1450 4903; x_wconf 80' lang='lat' dir='ltr'><strong>pontificiarum</strong></span> 
     </span>
     <span class='ocr_line' id='line_1_44' title="bbox 189 4917 1393 4999; baseline -0.002 -22"><span class='ocrx_word' id='word_1_330' title='bbox 189 4922 363 4999; x_wconf 81' lang='lat' dir='ltr'><strong>pistolarum</strong></span> <span class='ocrx_word' id='word_1_331' title='bbox 381 4920 536 4975; x_wconf 82' lang='lat' dir='ltr'><strong>collectioni</strong></span> <span class='ocrx_word' id='word_1_332' title='bbox 555 4920 665 4975; x_wconf 73' lang='lat' dir='ltr'><strong>sireculo</strong></span> <span class='ocrx_word' id='word_1_333' title='bbox 683 4922 761 4975; x_wconf 83' lang='lat' dir='ltr'><strong>sento</strong></span> <span class='ocrx_word' id='word_1_334' title='bbox 779 4919 816 4975; x_wconf 85' lang='lat' dir='ltr'><strong>ab</strong></span> <span class='ocrx_word' id='word_1_335' title='bbox 834 4918 900 4989; x_wconf 84' lang='lat' dir='ltr'><strong>ipsis</strong></span> <span class='ocrx_word' id='word_1_336' title='bbox 918 4918 1099 4973; x_wconf 78' lang='lat' dir='ltr'><strong>concinnatae</strong></span> <span class='ocrx_word' id='word_1_337' title='bbox 1117 4917 1200 4973; x_wconf 82' lang='lat' dir='ltr'><strong>inseri</strong></span> <span class='ocrx_word' id='word_1_338' title='bbox 1219 4920 1393 4974; x_wconf 64' lang='lat' dir='ltr'><strong>certaverunt.</strong></span> 
     </span>
    </p>
   </div>
   <div class='ocr_carea' id='block_1_16' title="bbox 0 0 1710 5664">
    <p class='ocr_par' dir='ltr' id='par_1_16' title="bbox 0 0 1710 5664">
     <span class='ocr_line' id='line_1_45' title="bbox 0 0 1710 5664; baseline 0 1"><span class='ocrx_word' id='word_1_339' title='bbox 0 0 1710 5664; x_wconf 95' lang='lat' dir='ltr'><strong> </strong></span> 
     </span>
    </p>
   </div>
  </div>
 </body>
</html>
