3450 5678
208 304 267 370 106
539 319 672 368 uomrn
696 318 847 366 ιιιιιιιι
870 320 907 365 ιιι
928 316 1136 367 uoumsone

204 485 397 559 lopationibns
412 487 476 557 epit,
493 501 549 538 non
566 486 621 538 nisi
634 483 721 538 lenite
735 483 821 554 tlipno
838 483 1015 550 ridebuntur,
1033 481 1190 538 Homisdo
1201 497 1284 554 pepo
1301 488 1328 538 ct
1342 485 1478 554 scriptas

204 575 318 628 litteras
334 578 360 627 et
375 586 424 625 res
438 585 494 640 por
504 572 614 642 lepotos
627 570 872 639 Constantinopoli
883 575 981 640 pestus
993 568 1132 638 probent.
1147 584 1203 625 non
1217 571 1310 638 potnit
1325 584 1360 624 co
1376 571 1476 626 onmia

206 676 262 722 oron
277 659 411 726 lrtrtdorc,
436 673 519 727 pnnm
536 656 575 710 nd
589 655 714 709 cttnrdcm
729 655 932 724 irrrpcrotorem
955 654 1009 709 ltus
1023 656 1138 709 litteras
1153 654 1276 710 reddidit
1288 669 1345 725 per
1357 656 1476 727 tepotes

206 745 242 799 ab
258 759 291 799 eo
303 747 410 798 missos.
442 740 506 795 Nam
522 739 804 814 perpetuasbuastasii
820 740 1065 813 tergiversationes,
1083 737 1203 794 lailacem
1218 738 1325 795 concilii
1340 754 1476 796 convoce-

206 831 321 890 tiouem,
343 828 493 900 legatorum
511 823 720 898 apostolicorum
736 841 765 880 rc
781 824 879 880 iniecta
894 824 1092 887 dimissionem.
1118 831 1226 898 portura
1241 829 1389 898 promisse,
1411 842 1476 900 per·

206 916 320 970 riencem
337 912 458 968 llonotiei
480 911 654 965 assertionem
671 917 699 964 et
713 911 800 966 Aeacii
816 910 985 984 aliorumque
999 909 1186 966 damnatorum
1203 909 1363 966 obstinatam
1378 909 1475 967 delen·

202 1003 308 1071 ¹sionem
330 997 361 1064 ab
384 995 524 1052 llormisda
545 993 651 1068 probari
672 995 802 1068 potuisse,
825 997 884 1068 quis
900 995 950 1051 sibi
965 995 1143 1069 persuadenti
1176 995 1229 1052 Sed
1251 1003 1279 1052 et
1300 997 1476 1071 quantumvis

207 1084 324 1160 perdens
341 1100 406 1156 papa
422 1083 512 1154 rogiae
528 1080 660 1151 nnrjestati
681 1079 796 1136 debitam
812 1082 987 1137 reverentiam
1009 1098 1140 1154 nusquam
1160 1083 1288 1145 remittat,
1306 1083 1365 1156 ipse
1381 1090 1475 1140 temen

207 1170 360 1225 :trrtrstasius
383 1168 462 1240 epist.
473 1166 511 1223 10
534 1183 560 1221 ιι.
576 1165 594 1222 3
616 1165 647 1220 ab
669 1183 701 1222 eo
717 1183 817 1221 senon
834 1175 885 1222 ιιιιι
902 1166 1001 1222 laudari
1019 1184 1098 1241 quam
1120 1168 1196 1242 argui
1213 1184 1268 1223 nou
1283 1166 1473 1224 dissimulavit.

205 1256 291 1330 ipsius
308 1270 416 1328 quoque
429 1251 586 1306 llorurisdao
602 1251 681 1306 verba
696 1251 764 1307 inira
781 1252 834 1309 ιι.3
850 1261 985 1325 paternum
1003 1253 1201 1326 correptionem
1218 1254 1334 1326 sapiunt.
1361 1252 1474 1310 bemum

206 1341 239 1396 do
255 1339 335 1396 rebus
351 1337 383 1393 ab
399 1338 538 1393 Anastasio
555 1338 684 1392 hacteuus
699 1339 784 1410 gestis
801 1337 864 1411 qnid
880 1339 993 1394 seutirct
1008 1339 1128 1411 apertius
1143 1339 1223 1412 epist.
1233 1337 1272 1394 22
1288 1337 1392 1413 pandit.

290 1425 318 1482 3.
349 1424 403 1479 Nec
418 1423 522 1480 felicius
537 1423 666 1479 llorooius
681 1431 792 1478 seuntus
808 1426 976 1498 rescriptum,
1001 1423 1073 1497 quod
1094 1432 1187 1480 nostra
1209 1424 1323 1499 epistola
1340 1423 1380 1481 14
1396 1440 1474 1499 pree·

204 1511 291 1573 betur,
307 1510 338 1566 ad
355 1526 453 1565 ιιιιιιιιιι
467 1508 538 1572 515,
560 1509 643 1582 ipsum
660 1525 723 1563 vcro
741 1510 872 1565 Anastasii
888 1527 987 1565 sacram
1003 1509 1107 1582 (llorm.
1125 1509 1229 1583 ep.12)
1249 1509 1282 1566 od
1298 1526 1397 1567 aunum
1410 1510 1473 1569 516

205 1597 306 1653 rotulit.
338 1595 571 1651 testemonium
587 1602 629 1650 est
650 1593 795 1667 appendice
811 1594 842 1649 ad
858 1594 957 1650 calcem
978 1595 1050 1651 illius
1071 1595 1212 1669 adscripta,
1236 1596 1312 1668 quasi
1332 1595 1405 1652 idem
1424 1611 1474 1671 per

206 1682 354 1739 Enuodium
370 1690 397 1737 et
412 1682 501 1736 socios
516 1680 701 1735 transmissum
718 1689 799 1736 esset.
845 1679 898 1736 Sed
925 1681 991 1736 lianc
1017 1688 1107 1736 uotam
1132 1697 1247 1738 erronee
1271 1698 1286 1737 a
1309 1679 1420 1738 librario
1440 1697 1472 1739 es

204 1769 294 1825 iroute
310 1767 440 1840 epistolae
457 1765 489 1827 8.
512 1782 580 1839 quae
596 1766 623 1819 in
639 1765 731 1821 codice
747 1765 873 1821 Atellano
895 1767 963 1823 liano
978 1774 1097 1823 nostram
1112 1768 1225 1842 excipit,
1248 1767 1300 1825 buc
1314 1767 1473 1827 translatam

203 1840 319 1916 essent
335 1855 422 1928 ipsum
440 1859 543 1907 toxtmn
559 1858 615 1906 not.
630 1850 645 1907 i
661 1850 878 1907 monstrabimus.

361 2021 399 2081 In
419 2018 606 2081 Hormisdeo
627 2035 728 2096 papae
751 2019 916 2097 epistolem
937 2020 973 2080 21
996 2014 1105 2100 (‚‚ltom
1120 2016 1312 2102 rotiptonts“).

289 2143 326 2199 Ex
339 2144 422 2199 reteri
436 2142 496 2198 cod.
506 2142 564 2198 Vnt.
573 2144 688 2216 primum
704 2141 804 2216 prodiit
821 2144 848 2199 in
863 2142 981 2199 editione
997 2141 1115 2198 Romanu
1131 2142 1304 2218 epistolarum
1320 2142 1474 2217 pontificia·

205 2248 263 2287 rum
279 2229 329 2286 sub
346 2230 397 2287 boc
413 2228 507 2284 titulo:
531 2230 702 2300 Exemplum
718 2232 867 2286 relationis
881 2230 956 2285 Aoitt
971 2233 1039 2301 cppi
1053 2230 1144 2292 cortu
1165 2228 1236 2286 uode
1251 2230 1279 2285 in
1295 2228 1474 2288 collectiones

108 2341 123 2353 -
204 2316 380 2373 conciliorum
398 2314 523 2369 translata
539 2322 590 2370 est.
622 2312 794 2370 Emendatior
809 2322 895 2371 exstat
911 2316 982 2371 inter
997 2316 1066 2371 Aviti
1082 2315 1211 2388 epistolas
1226 2332 1241 2370 a
1256 2313 1401 2372 Sirmondo
1417 2314 1474 2373 edi·

205 2412 244 2458 tas
261 2402 349 2474 (Sirm.
367 2399 434 2474 Opp.
453 2399 567 2472 tornll).
604 2399 737 2456 llolatioui
758 2400 820 2456 huic
840 2402 1008 2456 occasionem
1030 2399 1152 2474 praebuit
1172 2401 1297 2475 superior
1312 2400 1430 2476 epistola
1444 2400 1474 2465 9.

204 2505 282 2562 ιμιιιιι
299 2485 438 2542 llormisda
455 2485 568 2543 Caesarii
585 2485 748 2542 Arelatensis
765 2503 846 2561 opera
862 2487 958 2543 ceteris
975 2485 1119 2542 Galliarum
1135 2488 1269 2561 episcopis
1286 2488 1475 2545 transmitten-

204 2574 264 2630 dam
279 2574 496 2647 praescripserat.
528 2570 592 2642 Ejus
613 2571 764 2645 exemplum
781 2573 872 2627 Avitus
894 2571 925 2627 ab
941 2571 1106 2628 Arelatensis
1127 2571 1257 2629 ccclesiae
1272 2572 1378 2629 clericis
1394 2591 1474 2632 anno

204 2662 356 2732 superiore
371 2659 507 2732 accepisse
523 2676 552 2713 se
567 2659 594 2712 in
610 2656 720 2712 exonlio
736 2665 876 2713 memorat.
916 2655 1002 2725 Quum
1018 2666 1108 2715 autem
1124 2658 1190 2714 baec
1205 2656 1363 2715 llormisdac
1379 2675 1476 2717 meuse

204 2743 354 2819 Septembri
370 2744 432 2798 anni
447 2742 508 2799 515
525 2745 625 2816 scripta
641 2741 735 2806 suerit,
753 2744 801 2797 ista
818 2743 887 2799 1ιίιί
904 2761 974 2799 aurio
991 2742 1051 2800 516
1068 2745 1136 2800 circa
1152 2745 1252 2800 exitum
1269 2745 1402 2819 rescripta
1418 2760 1476 2803 mu·

204 2831 257 2887 rito
275 2829 426 2900 judicetur,
448 2830 604 2903 praesertim
627 2845 709 2902 quum
730 2837 846 2885 exeunte
867 2845 959 2885 meuse
976 2829 1102 2886 ianuario
1126 2830 1188 2887 anui
1204 2829 1265 2887 517
1281 2829 1314 2887 eb
1330 2829 1475 2888 llormisde

203 2924 312 2990 occepta
326 2917 370 2971 sit.

269 3068 308 3129 In
327 3065 512 3127 Hormisdee
533 3081 634 3143 papae
657 3065 804 3143 epistolas
825 3066 867 3129 24
881 3071 914 3128 ot
927 3065 964 3126 25
987 3062 1126 3145 („Fectt“
1141 3052 1169 3125 et
1183 3064 1411 3149 „Benccttcto“).

292 3192 319 3246 1.
350 3190 471 3264 Sequens
488 3188 603 3264 epistola
618 3187 658 3245 24
679 3207 733 3246 uon
757 3199 860 3246 tuntum
881 3191 908 3246 in
923 3174 1016 3246 eddice
1032 3190 1168 3251 Vaticano,
1190 3205 1222 3245 ex
1244 3207 1298 3266 quo
1314 3191 1475 3264 superiores

205 3278 329 3350 vulgatae
349 3284 422 3338 sunt,
440 3275 488 3331 sed
504 3285 531 3331 ct
546 3276 573 3332 in
589 3268 723 3332 veteribus
739 3270 908 3333 collectionis
925 3275 1055 3350 llispnuao
1071 3274 1276 3350 eneurplaribus.
1298 3292 1313 3332 c
1329 3274 1431 3350 quibus
1445 3283 1476 3334 et

205 3361 323 3416 isidorus
336 3360 468 3417 blercator
482 3378 540 3417 eam
556 3363 583 3417 iu
598 3363 653 3417 suis
669 3360 704 3416 tle
719 3378 793 3416 more
808 3361 960 3436 descripsit,
977 3361 1127 3419 exhibetur.
1150 3360 1291 3418 Praeterea
1306 3361 1475 3436 amplissimo

205 3446 238 3501 do
253 3446 469 3502 institutionibus
484 3447 643 3503 elericorum
659 3446 691 3502 ad
708 3463 784 3501 usum
802 3446 983 3521 Hispaniensis
1005 3447 1133 3505 ecclesiae
1155 3463 1235 3504 manu
1251 3456 1358 3505 exarato
1373 3454 1476 3505 tracte·

207 3533 258 3595 tui.
281 3549 360 3606 quom
382 3533 502 3608 insigues
525 3531 700 3588 bibliothecae
716 3531 868 3589 Golbertina
889 3541 970 3609 atquc
986 3533 1146 3589 Coisliuiann
1167 3540 1320 3597 asservant,
1341 3531 1405 3589 libi
1420 3532 1475 3591 sub

205 3617 283 3673 titulo
301 3618 354 3673 51:
384 3618 427 3674 Dc
449 3622 509 3674 cicc
525 3622 673 3674 conrmr'ssa
691 3620 959 3690 sedisapostolicae
975 3622 1095 3694 altisque
1109 3622 1279 3691 praeceptis
1294 3635 1334 3676 ex
1348 3620 1473 3694 intento,

206 3704 257 3759 boc
272 3711 313 3758 est
329 3710 400 3767 tota,
417 3706 518 3759 inserta
534 3711 584 3758 est.
624 3702 725 3759 llorum
742 3720 794 3777 ope
809 3704 933 3760 codicum
948 3723 962 3761 a
978 3704 1095 3768 merdis,
1113 3703 1210 3777 quibus
1226 3702 1354 3766 serebat.
1370 3720 1476 3780 purga·

205 3798 262 3852 tur,
286 3798 313 3845 et
328 3790 433 3845 nativus
450 3790 474 3844 ei
488 3787 619 3862 splendor
633 3788 764 3844 redditur.
797 3789 851 3846 b'cc
866 3807 921 3846 non
936 3791 1018 3847 altera
1040 3790 1154 3865 epistola
1170 3790 1208 3848 25
1230 3791 1257 3846 in
1278 3789 1373 3846 iisdem
1394 3788 1476 3849 libris

205 3875 329 3931 Vatiemo
352 3884 464 3951 excepto
486 3882 586 3938 exstat,
614 3874 758 3949 inquibus
781 3877 919 3949 superior,
947 3878 1026 3951 eique
1045 3878 1142 3932 merito
1164 3875 1347 3939 subnectitur,
1374 3882 1475 3950 utpote

205 3978 272 4034 quae
294 3959 388 4017 codem
410 3960 453 4017 dic
474 3959 548 4022 ιΙιιιει,
578 3978 627 4035 per
652 3960 774 4016 eundem
796 3961 935 4017 ‹liaconum
957 3964 1052 4025 missa,
1081 3963 1189 4035 ipsimet
1213 3960 1330 4017 iohanni
1355 3961 1476 4037 ejusque

204 4054 302 4120 rogam
324 4046 426 4104 reddito
446 4047 491 4101 sit.
537 4046 593 4101 ltuo
610 4044 681 4102 illius
697 4047 785 4120 priora
801 4047 915 4121 captitula
930 4048 1072 4104 ltnsclnms
1086 4046 1215 4104 Lucensis
1236 4047 1263 4103 in
1279 4062 1327 4103 sua
1342 4047 1475 4123 complle

204 4133 277 4189 tione
289 4125 442 4206 exscripsit.

289 4217 318 4272 2.
349 4217 467 4273 isidorus
488 4217 619 4275 blercator
634 4221 750 4294 priorem
771 4219 842 4274 illam
854 4219 994 4293 epistolem
1008 4219 1047 4275 21
1068 4213 1227 4296 iuscripsltzJ
1241 4219 1419 4276 Hormisdae
1433 4222 1478 4279 ed

203 4305 363 4360 lobnnnom
379 4308 558 4376 episcopum,
580 4304 708 4361 ecclesiae
728 4306 771 4360 eui
793 4305 836 4361 bic
849 4304 985 4360 lohannes
1005 4315 1126 4379 praeerat
1146 4305 1228 4387 tecito
1248 4305 1365 4361 nominc.
1395 4302 1474 4364 loom

204 4391 304 4464 pariter
316 4398 454 4445 etvcteres
464 4389 639 4446 conciliorum
653 4390 828 4447 collectiones
841 4390 982 4454 aller-lino,
994 4390 1162 4448 Crabbioetc.
1172 4390 1305 4466 vulgatae.
1317 4387 1475 4449 etliomm

205 4473 1472 4549 pontificiarumepistolarumcollectiosilueruot.Postmodumvcroltarouiusadennum517

204 4578 254 4635 pro
270 4568 345 4616 certo
360 4560 608 4635 posuitlohannem
624 4562 699 4619 illum
715 4579 774 4618 esse
786 4564 942 4637 episcopum
950 4563 1184 4624 Tarraconensem,
1201 4564 1247 4636 qui
1259 4570 1287 4619 et
1298 4579 1321 4618 a.
1330 4560 1392 4619 516
1405 4579 1474 4621 eeu·

205 4645 464 4702 eiiioTarraeonensi
480 4646 605 4719 praefuit.
622 4656 649 4703 et
664 4648 755 4705 nott
772 4646 814 4704 die
830 4647 1101 4705 Sluuiitlerundensi
1117 4650 1219 4723 primus
1234 4646 1404 4721 subscripsit.
1421 4647 1473 4705 cut

206 4733 325 4805 opinioni
346 4732 407 4806 plus
428 4749 515 4805 aequo
537 4731 690 4789 deferentes
710 4735 875 4808 posteriores
897 4734 1071 4790 conciliorum
1094 4734 1211 4791 editores
1233 4733 1375 4807 epistolam
1388 4733 1475 4791 istem

205 4818 244 4873 od
256 4817 416 4874 lotenncm
431 4821 596 4890 episcopum
616 4819 865 4877 Tarraconensem
880 4829 1041 4894 praenotare
1056 4837 1110 4877 uon
1127 4819 1291 4876 dubitarunt.
1327 4818 1475 4877 Sincerum

205 4902 264 4972 cius
280 4904 387 4960 titulum
403 4906 522 4962 retinent
536 4906 646 4979 antiqua
661 4905 829 4963 collectionis
846 4905 976 4981 llispaoac
991 4907 1152 4982 exemplaria
1167 4903 1357 4971 Gerundense.
1372 4903 1476 4982 urget·
