3450 5678
667 352 863 402 nrrsroara
886 343 1032 401 36—38.
1420 336 1482 402 813

215 504 344 570 homine
366 505 507 569 studium
528 504 676 569 desiderii
699 505 791 589 boni,
819 505 903 590 quod
932 505 970 570 de
1000 527 1033 570 se
1062 505 1235 569 aestimant
1252 505 1406 590 judicari,
1434 507 1482 570 in·
1496 520 1589 570 amr.

215 611 402 693 sequuntur.
453 607 506 671 Ad
533 610 623 672 recta
655 608 786 672 reduces
810 608 884 692 jure
912 607 1078 692 culpandi,
1118 607 1145 670 si
1172 628 1238 672 non
1267 608 1482 672 converterint

215 709 390 775 deviantes.
435 708 571 795 Datae²)
594 709 667 773 fidei
695 713 820 774 vestrae
848 709 935 774 clara
963 710 1170 792 documenta,
1203 709 1230 774 si
1258 709 1414 774 affueritis
1442 710 1482 773 ad

216 811 374 877 unitatem
395 811 551 897 reductis,
575 811 675 896 effici,
700 811 787 876 omni
811 811 1033 877 adhortatione
1056 811 1215 896 cogitetis.
1322 869 1327 886 ,,

716 999 899 1104 Epistola
925 1000 982 1084 38.

1493 1145 1517 1183 a.
1526 1134 1575 1182 517
1587 1127 1615 1183 d.

427 1151 607 1220 Anastasii
631 1151 787 1236 Augusti
810 1152 854 1218 ad
875 1151 1103 1219 Hormisdam
1125 1169 1263 1235 papam.
1498 1202 1527 1250 11
1541 1197 1614 1251 Μ,

232 1291 328 1342 Christi
344 1296 556 1344 mansuetudinem
573 1295 735 1352 commendat,
754 1301 781 1343 ut
793 1294 956 1344 Hormisdam
974 1297 1040 1343 uelut
1058 1294 1148 1343 nimiae
1167 1293 1276 1342 duritiae
1295 1308 1364 1343 ream
1373 1293 1465 1356 sadai.

344 1427 607 1491 Anastasius
630 1427 833 1512 Augustus
855 1424 1090 1491 Hormisdae
1112 1447 1249 1510 papae.

299 1544 370 1609 Etsi
392 1568 546 1631 magnum
570 1545 689 1630 aliquid
711 1545 916 1610 taciturnitas
935 1544 1109 1628 judicatur,
1136 1548 1245 1608 tamon
1267 1544 1482 1610 necessarium

215 1649 274 1730 est,
298 1647 494 1711 admirantes
509 1648 570 1712 Dei
592 1648 842 1713 misericordiam
859 1647 983 1711 assidue
997 1647 1202 1732 frequentare
1218 1668 1406 1712 sermonem.
1438 1647 1483 1712 Et
1525 1647 1534 1669 '

214 1748 289 1833 quia
310 1749 440 1813 initium
461 1749 552 1834 fidei,
576 1772 672 1834 quam
694 1772 752 1814 nos
767 1749 923 1814 Dominus
947 1753 979 1813 et
993 1747 1080 1813 Deus
1096 1748 1243 1813 Salvator
1264 1753 1374 1815 noster
1387 1748 1482 1815 Jesus

215 1850 360 1916 Christus
382 1852 535 1940 docuit¹),
558 1853 594 1916 in
616 1852 802 1917 remissione
824 1854 1028 1937 peecatorum
1049 1851 1225 1936 praecellit,
1250 1851 1331 1916 nulli
1346 1852 1483 1917 habetur

214 1952 372 2038 ignotum.
415 1953 489 2039 Ipse
512 1955 599 2018 enirn
621 1976 678 2038 per
700 1954 862 2038 propriam
882 1955 1064 2039 passionem
1092 1954 1200 2018 omnia
1221 1953 1328 2018 Adam
1348 1959 1482 2039 peccata

214 2055 392 2138 mundavit,
417 2059 450 2119 et
472 2056 552 2120 haec
574 2055 638 2120 fuit
658 2056 836 2141 negotiatio
858 2055 1049 2120 humilitatis
1068 2055 1179 2140 ipsius,
1203 2063 1240 2120 ut
1254 2059 1287 2120 et
1300 2057 1483 2141 praefatum

215 2160 248 2221 et
269 2179 380 2221 omnes
401 2152 518 2223 fratres
541 2158 692 2222 liberaret
715 2180 752 2221 ex
775 2159 928 2222 servitute
947 2157 1088 2242 peceati,
1111 2157 1289 2222 voluntarie
1311 2180 1481 2242 personam

215 2260 299 2322 servi
320 2260 507 2344 suscipiens.
553 2260 637 2325 Nam
659 2261 772 2325 beatus
793 2259 912 2324 Paulus
934 2259 1095 2344 apostolus
1123 2260 1230 2324 docuit
1256 2283 1315 2325 nos
1337 2261 1481 2326 scribens

214 2360 256 2424 ad
277 2360 455 2427 Romanos:
478 2370 630 2442 Regnavit
651 2383 732 2428 mors
754 2368 792 2426 ab
804 2368 901 2426 Adam
923 2383 1015 2441 usquc
1038 2369 1081 2426 ad
1092 2367 1216 2444 Moysen
1239 2375 1267 2428 et
1290 2370 1321 2427 in
1344 2385 1407 2440 coe,
1432 2372 1484 2443 qai

214 2484 273 2528 nort
291 2478 507 2544 peccaverant.
553 2465 602 2528 Ex
630 2487 691 2548 quo
719 2467 768 2529 est
795 2463 997 2528 universitati
1022 2464 1252 2548 quodammodo
1274 2465 1480 2548 declaratum,

215 2586 254 2629 ex
276 2567 419 2651 generali
442 2566 650 2650 dispositione
665 2567 731 2630 sive
746 2565 944 2629 mirabilibus
965 2565 1117 2649 specialia
1132 2587 1287 2651 quemque
1294 2568 1320 2653 ²)
1336 2567 1480 2652 exempla

214 2667 329 2732 debere
352 2668 511 2752 suscipere
534 2654 631 2731 semel
653 2671 747 2732 tanta
768 2688 904 2752 magnac
927 2667 1008 2752 legis
1027 2667 1171 2750 jussione
1194 2673 1226 2733 et
1240 2672 1308 2733 tarn
1321 2669 1376 2753 pia
1391 2669 1479 2734 boni-

213 2772 283 2833 tate
304 2770 446 2852 firmata3
480 2776 513 2833 et
534 2770 637 2833 omnis
666 2769 827 2852 doctrina,
860 2791 955 2852 quam
983 2769 1148 2853 discipulis
1176 2770 1241 2834 suis
1267 2770 1416 2854 tradidit,
1444 2773 1479 2835 in

214 2870 275 2936 hoe
296 2871 498 2935 firmamento
521 2872 677 2936 consistit.
721 2871 861 2956 Fugerit
888 2871 1105 2956 aegritudines
1133 2872 1199 2936 sive
1226 2871 1403 2936 multifaria
1426 2895 1479 2958 ge-

213 2995 293 3038 nera
314 2973 513 3058 passionum,
537 2975 655 3038 nodum
678 2974 802 3058 peceati
824 2975 969 3058 propria,
993 2975 1076 3038 sicut
1097 2973 1217 3038 dictum
1240 2977 1303 3057 est,
1331 2975 1479 3058 passione

213 3075 359 3158 resolvit;
387 3079 420 3138 et
442 3097 541 3159 agens
565 3076 604 3139 ad
625 3076 790 3161 implenda
811 3075 927 3140 similia
949 3075 1120 3159 discipulos
1148 3076 1243 3141 factis
1272 3079 1305 3140 et
1328 3079 1479 3141 sermoni-

214 3177 274 3242 bus
296 3176 485 3241 instraebat.
528 3177 649 3241 Verum
671 3179 713 3262 si,
738 3179 820 3243 sieut
842 3178 941 3261 aliqui
963 3179 1111 3242 nituntur
1133 3178 1316 3261 ostendere,
1340 3179 1418 3243 certi
1441 3201 1478 3243 ex

214 3279 327 3366 ipsis³)
357 3279 538 3363 apostolicis
567 3284 634 3344 tam
662 3280 749 3364 piam
777 3280 955 3345 doctrinam
984 3302 1042 3366 per
1069 3280 1319 3345 inobedientiam
1346 3281 1479 3366 implere

1493 2339 1572 2393 Rom.

1500 2414 1570 2473 arr.

282 3552 473 3623 ²)1taG1G2.
514 3553 582 3608 bce
599 3559 667 3608 Date
687 3559 750 3621 fidet
770 3563 870 3607 vertrae
892 3561 965 3607 clara
986 3559 1146 3615 documento,
1168 3561 1193 3607 ei
1214 3559 1307 3622 adfore
1328 3563 1424 3610 cremetis
1444 3561 1480 3610 ad

213 3646 334 3693 unitatem
351 3645 464 3693 redactis
481 3642 566 3706 officio
583 3645 649 3692 ommi
666 3649 691 3692 et
708 3643 887 3694 adhortatione
899 3645 1021 3709 cogitetis.
1053 3637 1129 3704 Quae
1148 3639 1295 3705 serrantia,
1314 3639 1424 3694 etiarnsi
1442 3641 1477 3696 ab

214 3723 368 3779 editoribus
382 3723 477 3778 concil.
491 3724 617 3793 arrepta,
635 3740 691 3777 non
707 3723 855 3793 probatur:
873 3725 934 3777 tum
952 3724 1017 3793 quia
1035 3740 1052 3779 a
1069 3723 1245 3778 librariorum
1263 3740 1340 3778 more
1358 3725 1478 3779 alienam

214 3811 265 3876 est,
282 3810 315 3862 ut
331 3813 467 3876 adfueritis
484 3827 536 3879 pro
554 3814 647 3874 adfore
666 3808 704 3862 eis
723 3808 864 3879 subrepat,
881 3812 940 3862 turn
959 3808 1044 3862 etiam
1062 3808 1190 3882 admissa,
1210 3810 1286 3864 nulla
1303 3810 1420 3864 efficitur
1437 3810 1476 3864 ni·

212 3893 438 3949 dissertantis.
474 3893 613 3964 integrior
632 3894 685 3948 erit
701 3892 730 3948 in
747 3894 821 3948 hune
837 3894 963 3949 modum:
986 3899 1070 3948 Datae
1085 3900 1148 3961 fidei
1164 3906 1264 3949 vestrae
1281 3902 1352 3950 ctera
1371 3896 1477 3966 (supple

213 3982 300 4048 erant)
318 3985 478 4039 documento,
497 3986 521 4034 ei
537 3985 675 4047 adfueritis
692 3985 728 4034 ad
744 3987 863 4033 unitatem
880 3985 1005 4041 redactis,
1025 3978 1108 4046 (adde
1125 3985 1238 4050 idemque
1256 4001 1273 4033 a
1290 3983 1392 4050 ceteris)
1411 3987 1479 4048 efflei

212 4073 283 4121 omni
298 4070 477 4121 adhortatione
495 4071 618 4132 copitetie.
656 4064 829 4132 Quamquam
848 4065 877 4118 et
892 4080 966 4117 nune
979 4063 1041 4132 jam
1058 4080 1153 4118 sensus
1171 4064 1238 4119 satis
1255 4083 1341 4135 purus
1352 4065 1477 4121 efficitur.

212 4157 248 4205 38
284 4153 304 4220 ¹)
322 4151 340 4204 b
359 4155 443 4206 docuit
461 4157 488 4204 in
505 4157 682 4207 remissionem.

282 4239 304 4304 ²)
322 4236 366 4290 lta
384 4236 418 4289 G¹
432 4238 459 4290 a¹
478 4236 543 4304 (nisi
566 4236 640 4304 quod
660 4238 686 4290 a¹
707 4255 831 4306 quaeque,
859 4235 908 4289 ubi
927 4238 961 4289 (3¹
978 4242 1014 4310 pp
1031 4235 1049 4289 i.
1062 4252 1084 4290 a.
1106 4240 1245 4307 qucmqae).
1280 4237 1348 4292 bea
1366 4258 1478 4308 peraeque

213 4328 333 4391 exempta
354 4325 448 4376 debere
469 4328 545 4376 semet
567 4333 616 4375 tam
638 4341 744 4391 maguae
765 4327 827 4391 tegis
843 4326 975 4388 jussiones
997 4333 1090 4378 ettam
1111 4333 1157 4391 pto
1174 4327 1285 4376 bonitate
1301 4329 1432 4389 firmatae,
1452 4335 1478 4377 ut

213 4414 302 4464 omna.
337 4407 424 4462 Porro
442 4408 558 4462 verbum
573 4415 676 4475 firmata
697 4407 734 4462 ad
752 4415 869 4476 exempta
887 4409 1062 4463 referendum
1080 4409 1129 4462 est.
1165 4408 1225 4462 Hoc
1243 4407 1317 4462 cuim
1334 4407 1387 4461 sibi
1405 4408 1476 4462 vult:

214 4492 355 4548 Christum
376 4492 441 4548 ideo
465 4509 575 4547 carnem
597 4493 762 4562 suscepisse,
785 4494 817 4547 ut
839 4511 934 4548 omncs
952 4494 1168 4549 misericorditer
1184 4493 1330 4557 liberaret;
1353 4492 1478 4562 adeoque

214 4595 249 4633 ex
266 4579 319 4632 hae
337 4578 461 4647 generali
478 4578 676 4633 incarnationis
693 4596 759 4633 suae
778 4596 872 4645 (rausa,
895 4597 978 4647 qaam
995 4579 1146 4645 miraculis,
1169 4579 1254 4648 gestis
1272 4594 1305 4631 ac
1321 4578 1478 4649 praeceptis

213 4663 344 4725 firmavit,
364 4663 496 4734 specialia
512 4664 593 4718 nobis
612 4665 721 4718 dedisse
739 4665 879 4735 exempla,
897 4664 997 4734 quibus
1015 4663 1232 4720 misericordiam
1251 4663 1425 4717 disceremus.

281 4752 303 4818 ⁸)
321 4749 384 4803 Non
402 4749 566 4804 crediderim
578 4750 756 4804 Anastasium
772 4750 858 4803 immo
876 4750 969 4815 rdlum,
989 4751 1036 4818 qui
1046 4750 1199 4805 Christiano
1211 4748 1322 4801 nomine
1335 4749 1477 4819 glorietur,

214 4835 275 4904 ejus
292 4834 482 4904 impudentiae
501 4836 530 4888 et
547 4836 699 4905 impietatis
712 4835 859 4901 exstitisse,
877 4838 909 4889 ut
925 4837 1067 4906 apostolos
1083 4837 1112 4890 in
1130 4833 1276 4905 implendis
1289 4832 1390 4888 Christi
1401 4853 1478 4890 mau-

215 4919 289 4974 datis
305 4919 511 4976 inobedientiae
529 4924 685 4991 arguerent.
726 4924 817 4986 Quare
839 4922 988 4999 legendum
1009 4922 1103 4992 potius
1124 4928 1187 4991 ipsis
1209 4927 1370 4990 apostatice,
1394 4938 1477 4990 quarn
