3450 5678
217 310 281 375 492
689 327 716 375 s.
734 325 874 374 causan
896 325 1010 374 aaran

218 481 355 565 clusus⁴)
377 479 456 544 ultio
478 480 578 564 digna
602 479 788 562 comitetur,
816 481 849 542 et
870 479 924 563 qui
946 501 980 543 se
1003 479 1156 544 conviciis
1177 479 1359 546 trivialibus
1381 479 1481 565 impii·

218 582 313 665 cavit,
336 603 446 649 sacrae
469 580 702 648 communionis
725 583 873 650 arceatur
895 581 1085 650 accessibus,

665 754 949 856 Fragmentum
976 754 1031 838 16.

301 897 339 945 Bc
357 896 519 959 correptione
537 895 640 944 Maeoni
656 901 766 957 propter
784 894 856 943 varia
873 894 979 943 crimine
997 899 1022 944 ct
1039 895 1160 959 magicum
1178 903 1260 945 ortem
1277 896 1398 950 incusati
1492 889 1558 960 pit-

368 1009 551 1075 Gelasius
574 1008 801 1074 Secundino
822 1007 1040 1074 Visinensi.

301 1131 436 1194 Atroces
457 1114 592 1212 injurim
614 1129 798 1193 indecorum
819 1150 949 1214 prorsus
972 1128 1116 1195 ducimus
1137 1129 1360 1196 ministrorum
1377 1131 1486 1197 Eccte

216 1234 282 1298 siae
305 1232 435 1296 vocibus
457 1231 605 1316 irrogari,
629 1230 709 1296 talia
724 1230 875 1296 laicorum
891 1253 988 1316 quum
1003 1231 1188 1318 plerumque
1207 1233 1376 1319 refugiant
1391 1235 1487 1300 actio

215 1358 283 1399 nce.
332 1339 459 1414 Tempus
480 1339 588 1398 bonum
616 1332 772 1418 siquidem
800 1332 935 1398 honesta
956 1334 1078 1399 femina
1106 1334 1261 1398 didicerat
1289 1337 1487 1423 amagistrc

215 1437 316 1500 Paulo
339 1435 487 1517 diacono;
510 1436 625 1520 quae⁴)
649 1458 713 1499 non
736 1435 839 1500 solum
860 1458 894 1500 se
917 1436 1063 1521 suggerit
1085 1436 1271 1501 criminibus
1294 1439 1485 1524 appetitam,

215 1562 325 1603 verum
352 1537 450 1602 etiam
477 1537 513 1600 in
541 1537 694 1602 damnata
728 1540 796 1601 arte
824 1537 969 1623 magicae
999 1539 1225 1604 exsecrationis
1255 1541 1486 1606 conscientiam

215 1640 389 1706 miscuisse.
434 1638 478 1703 Et
500 1639 582 1723 iden,
604 1641 715 1722 frater,
738 1640 856 1724 iuter²)
879 1639 1078 1724 supradictos
1100 1644 1133 1706 te
1155 1641 1353 1707 decrevimus
1378 1643 1486 1729 cogni·

216 1734 330 1827 torem,
353 1743 389 1806 nt
411 1742 436 1805 si
460 1742 660 1825 praedictum
683 1741 851 1806 diaconum
867 1742 1094 1827 protervitas³)
1117 1743 1179 1807 ista
1202 1744 1378 1828 convincit,
1401 1749 1486 1830 post

215 1868 311 1931 quam
337 1844 525 1909 indecenter
554 1844 708 1928 probatus
735 1844 833 1908 fuerit
860 1843 1025 1908 mulierem
1033 1846 1060 1930 ⁴)
1093 1845 1267 1909 inciviliter
1299 1847 1485 1932 appetiisse,

216 1952 272 2012 arnt
293 1946 439 2012 eumdem
461 1945 501 2010 ad
517 1945 711 2012 adstmeuda
733 1969 815 2031 quae
834 1946 972 2029 jactavit
995 1946 1194 2034 adstringes,
1217 1950 1273 2012 aut
1295 1947 1399 2034 digna
1421 1971 1486 2014 eor·

215 2050 357 2116 rectione
380 2071 571 2133 compescas.

663 2203 944 2305 Fragmentum
972 2204 1025 2287 17.

246 2345 429 2395 Purocciaruos
446 2347 538 2392 statam
555 2344 702 2392 irrdioutsum
718 2358 820 2392 acreacre
832 2343 933 2399 debere.
951 2360 983 2393 cc
999 2346 1181 2394 restituendam
1198 2361 1262 2402 esse,
1281 2348 1351 2413 quod
1362 2347 1451 2413 quasis
1492 2352 1565 2411 p

680 2429 781 2478 ratione
799 2430 948 2479 distractam
965 2431 1006 2479 sit.

366 2544 552 2611 Gelasius
574 2542 742 2607 Maximo
764 2547 802 2607 et
823 2544 997 2610 Eusebio
1023 2545 1234 2630 episcopis.
1316 2592 1331 2617 .

298 2665 423 2751 Licet¹)
447 2664 567 2750 regulis
590 2664 793 2729 contineatur
814 2665 973 2749 antiquis,
1003 2665 1167 2748 paroecias
1189 2665 1361 2752 unicuique
1384 2667 1485 2733 eccle

213 2771 279 2836 siae
301 2768 439 2855 pristina
462 2766 670 2851 dispositione
692 2767 861 2851 deputatas
884 2765 973 2830 nulla
996 2789 1087 2851 posse
1110 2767 1233 2832 ratione
1256 2768 1412 2855 convelli,
1443 2793 1485 2835 ne

213 2896 270 2960 per
293 2869 555 2937 consuetudinem
577 2868 747 2953 pessimam
769 2869 906 2954 exempli
929 2869 1004 2933 meli
1026 2869 1207 2935 temeritate
1229 2875 1395 2937 crescente
1417 2873 1485 2938 ubi-

213 2998 273 3062 que
301 2972 489 3039 mriversalis
519 2971 664 3036 confusio
691 2976 891 3036 nasceretur:
928 2975 1036 3036 tamen
1065 2973 1163 3037 etiem
1193 2973 1328 3038 decretis
1363 2975 1485 3039 nonnis

213 3080 288 3143 aute
311 3098 376 3140 non
399 3075 534 3138 multum
556 3074 708 3158 temporis
736 3074 906 3139 destinatis
933 3074 1041 3139 omnia
1060 3074 1228 3158 jussimus,
1262 3096 1344 3160 quae
1373 3075 1485 3141 taliter

215 3182 342 3244 fuerant
369 3179 498 3261 invasa,
532 3176 668 3241 restitui.
724 3175 786 3242 Sed
813 3178 888 3261 quia
915 3177 1079 3242 temeritas
1107 3176 1350 3263 pervadentium
1377 3178 1484 3266 legem

212 3283 273 3347 sibi
295 3284 388 3366 putat
409 3301 502 3365 posse
524 3278 689 3364 generari,
718 3279 744 3342 si
767 3279 879 3344 sceleri
902 3301 959 3343 suo
981 3280 1190 3363 pertinaciam
1212 3279 1408 3346 retentionis
1431 3282 1484 3347 ad·

208 3386 343 3468 jungat:
367 3405 405 3446 ea
419 3404 500 3466 qnae
522 3381 607 3445 inter
621 3381 754 3444 fratrem
770 3385 803 3445 et
819 3382 1040 3466 coepiscopum
1058 3386 1201 3446 nostrum
1217 3381 1484 3465 Constantium²)

213 3485 420 3550 Camiscauae
443 3484 595 3549 ecclesiae
617 3483 814 3548 sacerdotem
836 3486 869 3547 et
890 3483 1028 3549 directos
1051 3485 1091 3549 ab
1106 3485 1313 3550 Anconitano
1327 3486 1485 3571 pontifice

212 3586 419 3669 decrevimus,
443 3607 500 3670 per
521 3606 577 3649 vos
599 3585 725 3669 impleri
749 3586 910 3669 cupimus,
932 3589 1010 3651 tunc
1032 3587 1169 3652 fonnem
1191 3589 1225 3652 in
1241 3588 1358 3654 ceteris
1373 3592 1484 3677 cogui-

212 3689 369 3827 tionibus,
405 3710 485 3772 quae
513 3688 556 3753 sit
582 3687 758 3772 sequenda,
795 3689 1058 3774 praescripsimus
1067 3691 1103 3772 ³).
1148 3689 1245 3755 Nulla
1266 3691 1371 3776 igitur
1392 3715 1484 3778 prae

280 3877 301 3943 ⁴)
320 3874 458 3946 Corrupta
475 3876 566 3931 lectio.
597 3876 726 3931 tortasse
744 3883 871 3931 eactruam
889 3876 1047 3945 legendum.

215 3965 245 4014 16
280 3960 350 4028 ¹)In
368 3960 403 4014 T*
421 3960 500 4015 dccet
487 3962 590 4031 tqaoe
620 3961 685 4016 Mox
703 3963 741 4016 0¹⁰
758 3960 847 4016 omitt
865 3982 902 4017 se

279 4045 362 4113 ²)1ta
380 4045 422 4099 T².
453 4048 517 4099 0¹⁰
508 4068 541 4101 aa.

279 4134 300 4199 8)
319 4131 355 4184 Τ2
370 4136 527 4200 protervitas
544 4144 641 4198 oestro,
661 4132 777 4188 sortasse
793 4137 940 4202 paternitas
957 4145 1042 4187 cestra
1058 4132 1216 4201 legendum.

279 4218 300 4284 ⁴)
319 4216 362 4269 lta
379 4216 422 4269 T².
454 4218 491 4269 0¹⁰
508 4223 595 4270 mulier
667 4217 805 4287 appetc'ssess

214 4309 243 4356 17
279 4304 300 4370 ¹)
318 4302 337 4354 Z
356 4299 435 4355 addit
452 4306 489 4362 ta,
509 4300 608 4356 deindo
626 4301 732 4357 omittit
748 4308 846 4373 atione.
873 4304 937 4359 Mox
954 4311 1131 4373 paroeciarum
1150 4320 1216 4359 voce
1234 4305 1409 4363 territorium
1426 4310 1484 4381 epi·

211 4387 322 4458 scopate
339 4385 406 4453 dici,
428 4387 457 4440 ot
480 4403 529 4439 usu
548 4387 663 4455 antiquo
682 4389 711 4443 et
732 4388 781 4442 lite
798 4388 871 4444 inter
888 4390 958 4444 duos
976 4389 1122 4460 episcopos
1139 4391 1278 4459 pendente
1296 4395 1481 4451 monstratur.

211 4473 297 4528 Porro
319 4471 445 4527 similiter
466 4471 616 4526 secuudum
638 4475 729 4544 logum
747 4475 901 4530 Romanam
924 4475 952 4529 in
975 4474 1100 4530 tcrnunis
1117 4492 1164 4530 seu
1183 4475 1282 4531 finibus
1299 4478 1482 4547 praediorum
1517 4496 1561 4513 κ’

212 4557 392 4629 praescriptio
411 4559 501 4613 locum
518 4575 574 4613 uon
592 4558 723 4614 babebat.

278 4647 299 4713 ⁴)
318 4645 336 4699 Z
355 4650 527 4700 Constantiam
550 4650 704 4699 Artacoana
727 4646 858 4713 (editores
880 4649 973 4702 tamen
997 4649 1112 4701 monent
1132 4646 1160 4702 in
1184 4648 1300 4704 vetustis
1323 4648 1403 4705 tibris
1425 4651 1483 4723 tegi

212 4733 389 4797 Camascaaae,
408 4736 580 4785 Carurtscaaae
592 4733 621 4785 ct
635 4736 816 4795 Tasaciscaaae,
836 4732 974 4787 Berardus
987 4737 1132 4787 Aurelianae
1150 4733 1300 4803 legendum
1311 4735 1482 4806 suspicatio)

211 4822 334 4870 certesiae
350 4822 508 4870 sacerdotem
526 4828 551 4870 ct
568 4821 636 4870 ister
654 4824 753 4872 nuntios
771 4824 890 4873 directos.

279 4901 300 4967 ³)
318 4900 378 4955 Zc⁴
394 4908 598 4972 perscripsimus.
633 4902 752 4972 Moxque
770 4903 833 4969 Qc⁴
850 4907 970 4970 abjectio.
