3412 5664
489 340 687 387 PRAEFATIO
711 338 886 388 EDITORIS.
1262 339 1324 384 xix

98 502 245 588 similini,
273 502 386 593 atque
413 499 466 570 illi
492 498 561 570 viri
586 497 789 571 doctissimi
815 497 966 569 innuere
991 496 1179 584 videntur,
1208 495 1326 568 eidem

97 618 217 717 tempori
240 618 447 691 tribuenda.
495 616 593 689 Nam
611 617 866 691 characterum
878 614 1238 711 Langobardicorum
1256 614 1327 687 for·

97 738 231 810 mesatis
247 738 436 811 saeculum
449 735 536 806 VIII
551 736 685 830 prodit.
713 734 794 828 Ipse
812 735 968 829 scriptor
985 734 1024 805 in
1041 733 1113 807 fine
1127 733 1327 828 primariae

95 857 279 929 collationis
296 857 358 929 fol.
372 857 456 927 153³
473 857 576 945 (nam
593 850 752 927 f01.153¹³
770 876 885 946 usque
903 853 950 925 ad
967 852 1079 925 finem
1092 853 1242 924 demum
1258 853 1327 923 im-

94 979 213 1069 perante
225 974 406 1048 liudovico
417 973 452 1044 Π
470 975 599 1047 addita
615 976 717 1065 sunt)
743 974 828 1066 post
840 971 1004 1065 capitula
1017 969 1182 1044 Silvestri
1200 971 1326 1044 codem

94 1098 232 1167 contextu
257 1097 296 1167 et
322 1094 453 1166 iisdem
484 1094 617 1166 litteris
650 1092 863 1186 majusculis
888 1092 945 1162 ita
971 1090 1135 1184 patriam
1161 1093 1199 1163 et
1225 1092 1327 1162 aeta-

94 1219 153 1285 tem
172 1236 267 1286 suam
294 1216 420 1285 notat:
453 1211 1155 1287 031318ΤοΕΝΙΜΡΑνΕΝΤΕιΕαΕΝΤΙΒΠε
1174 1227 1326 1283 cuncus

94 1351 219 1406 eutoso
236 1352 307 1406 PRO
326 1351 462 1406 EXIGUO
479 1351 532 1405 Mu
545 1350 767 1414 carcassona
786 1347 1020 1416 sncuuuouus
1034 1347 1129 1401 clvrss
1141 1345 1201 1400 uls
1214 1345 1327 1410 QUAM·

94 1469 171 1534 Qum
193 1470 367 1524 INMERITO
396 1470 525 1524 NOMEN
554 1468 771 1535 SACERDOTII
799 1467 932 1521 MINIME
961 1466 1147 1521 FUNGENTI
1176 1464 1326 1519 Hououu
1442 1468 1445 1480 '

94 1556 273 1634 Srcnmrus
291 1579 516 1635 mmnnnnrs
541 1559 690 1633 Onnisnr
714 1576 812 1633 nuuc
835 1576 1051 1631 opuscmnn
1073 1576 1191 1631 onaan
1211 1575 1327 1632 axen-

95 1695 156 1750 cun
170 1697 290 1752 nonno
302 1697 518 1753 nnanrssmo
532 1696 786 1752 Pannonicum
804 1696 901 1750 unm
919 1676 1136 1750 Incusum.
1171 1675 1327 1748 Runsuu

94 1813 176 1868 mors
193 1814 376 1880 unsisouu
399 1815 622 1871 uuosoulssus
649 1815 778 1883 ceusu,
805 1815 903 1881 QUOD
930 1815 962 1869 si
987 1814 1061 1869 Aur
1084 1813 1134 1868 Ex
1155 1813 1326 1868 summus

95 1929 190 1987 susm
206 1934 340 1999 ALIQUA
362 1933 594 1989 ruvuuuulrls
612 1935 744 1989 uiuum
766 1933 998 1990 Durunflnurs
1015 1933 1234 1988 rusucurium
1251 1933 1327 1986 Mun

94 2048 233 2116 smouoo
243 2053 319 2108 van
331 2053 530 2108 Hmuuon'r
544 2053 736 2108 seersum
746 2052 874 2109 connis
885 2051 1111 2107 sunnoolsuo
1124 2051 1327 2106 Auruncus

96 2167 129 2220 n
142 2170 183 2225 re.
203 2151 210 2246 ἶ,
232 2152 290 2225 Ur
308 2172 409 2226 anun
426 2162 721 2227 unumunurn
733 2153 859 2227 Manu
876 2173 922 2226 ns
941 2172 1050 2225 nunni
1069 2150 1201 2225 Tirone
1219 2169 1327 2224 smun

96 2284 129 2338 m
142 2287 232 2344 sunu
249 2270 274 2341 J
276 2289 397 2345 usruu
415 2291 454 2344 us
466 2290 574 2346 curus
593 2291 694 2345 surus
712 2291 810 2345 Hunc
829 2289 1040 2345 Pausrcrros
1058 2289 1142 2344 uuir
1162 2288 1328 2342 uumeru-

96 2403 146 2466 uc
162 2406 228 2462 van
249 2408 471 2464 usnemun
493 2410 660 2465 Puuuuus
678 2397 842 2465 Poenum
866 2408 1080 2463 Paucspuou
1098 2408 1228 2463 opuux
1251 2407 1328 2463 SAL-

95 2520 252 2582 uucmuu
270 2527 308 2582 iu
327 2528 430 2582 uvuu
446 2508 554 2583 Anun.
601 2509 680 2595 Qua
706 2509 942 2604 inscriptione
969 2531 1035 2603 pro
1052 2509 1193 2603 origine
1211 2511 1294 2581 nost
1317 2509 1324 2521 '

94 2623 192 2698 codicis
222 2627 395 2700 dioecesis
434 2629 607 2701 Picentino
646 2633 685 2702 et
723 2633 870 2723 tempus
910 2628 1068 2723 episcopi
1106 2632 1150 2699 ut
1181 2627 1328 2701 videtur

96 2740 247 2832 Jupitrnmi
273 2746 494 2818 vindicatur.
547 2746 645 2820 Nam
672 2749 736 2842 qui
761 2748 820 2820 hic
846 2752 1101 2820 memorantur
1127 2749 1215 2819 beati
1239 2748 1328 2818 Tho

95 2883 145 2930 inus
165 2873 191 2935 et
216 2865 394 2952 Justinus,
421 2868 465 2936 ut
492 2867 712 2940 amicissime
737 2890 797 2940 me
823 2867 969 2939 monuit
995 2866 1038 2939 cI.
1066 2865 1125 2938 Fr.
1145 2865 1325 2953 Maassen‚

94 2974 163 3050 ilius
185 2983 297 3076 ipsius
324 2984 545 3057 cathedralis
571 2986 743 3058 ecclesiae
770 2986 918 3080 patroni
943 2988 1031 3056 sunt
1055 2985 1163 3075 (conf.
1184 2984 1328 3080 Ughelli
1399 2989 1404 3005 ⁸

94 3094 152 3168 rar.
166 3124 246 3173 sacr.
274 3102 329 3174 ed.
348 3101 393 3175 Π.
421 3101 502 3176 Nic.
522 3102 633 3177 Colet.
653 3103 712 3192 VI,
730 3106 830 3194 671),
857 3104 960 3197 cujus
988 3103 1150 3196 ejusdem
1169 3103 1326 3196 episcopi

95 3213 133 3284 Iu.
154 3220 301 3312 epistola
327 3220 490 3294 formata
516 3246 629 3294 manu
657 3245 750 3297 saec.
770 3222 804 3293 X
829 3223 869 3294 in
894 3223 1015 3317 prima
1038 3222 1176 3317 pagina
1195 3221 1327 3294 codicis

94 3343 282 3410 assuatur.
312 3339 426 3411 Aetas
441 3344 568 3414 tamen
582 3342 662 3436 ipsa
675 3343 784 3436 hujus
798 3340 990 3437 Ingilrami
1006 3342 1144 3436 ignota,
1160 3344 1326 3414 tantum-

92 3472 142 3540 que
163 3480 297 3545 moneo,
326 3458 429 3530 ilium
457 3461 678 3555 episcopum,
705 3463 768 3555 qui
795 3462 833 3532 in
860 3461 961 3534 dicta
987 3462 1144 3556 epistola
1170 3464 1326 3551 inspecu-

92 3568 543 3673 incorruptionisque
578 3580 640 3651 vix
672 3581 788 3652 alium
815 3605 838 3652 a
864 3584 989 3653 nostro
1016 3582 1209 3673 Inptlrumo
1236 3601 1325 3666 esse,

92 3696 175 3782 atque
188 3696 372 3770 immerito
385 3697 530 3770 litteras
549 3702 588 3770 ia
606 3698 850 3772 aBalleriniis
869 3700 906 3770 in
920 3701 970 3771 M
983 3702 1163 3770 mutatas.
1192 3696 1327 3791 Utique

92 3807 174 3882 codex
199 3815 267 3888 iste
293 3838 389 3887 uuus
416 3840 460 3888 ex
479 3817 584 3912 longe
601 3818 931 3912 praestantissimis
950 3819 1161 3892 litterarum
1179 3817 1325 3890 canoni-

91 3946 190 4003 carum
212 3933 316 4006 libris
333 3939 401 4022 est,
428 3936 562 4029 quique
580 3941 728 4010 nostrae
745 3937 799 4009 rei
825 3937 1026 4031 plurimum
1052 3936 1201 4032 profuit.
1243 3933 1326 4008 Sive

91 4044 164 4120 enirn
181 4056 501 4127 monumentorum
519 4055 766 4128 exhibitorum
783 4060 949 4129 aetatem
967 4057 1043 4129 sive
1061 4059 1186 4129 textus
1200 4055 1326 4150 genui·

91 4163 182 4241 tatem
199 4173 430 4267 spectamus,
450 4197 578 4246 revera
596 4198 729 4248 aevum
748 4178 836 4247 ante
849 4173 1117 4270 Dionysianum
1130 4196 1326 4270 agnoscere

90 4302 204 4363 necene
221 4296 288 4364 est.
323 4291 532 4366 Plenariam
551 4294 629 4387 ejus
646 4294 821 4366 notitiam
838 4293 1027 4367 Ballerinii
1043 4295 1106 4367 l.c.
1125 4292 1202 4380 Π,4
1222 4316 1325 4388 prae·

89 4396 170 4484 bent,
194 4414 231 4482 et
257 4434 322 4506 pro
348 4411 508 4484 editione
534 4436 602 4485 sua
627 4413 849 4486 collectionis
875 4412 1153 4498 Qucsnellianae
1179 4416 1325 4486 textum

87 4528 306 4602 contuerunt.
350 4530 431 4625 Ipse
447 4532 643 4626 quominus
663 4556 748 4605 eum
767 4533 887 4606 denuo
909 4556 1022 4626 quam
1048 4533 1325 4607 accuratissime

85 4643 332 4738 perlustrarem,
360 4674 446 4723 cum
471 4674 618 4723 summa
643 4652 762 4746 operis
789 4653 862 4726 mei
888 4654 1055 4726 utilitate
1080 4652 1180 4724 haud
1206 4652 1323 4724 omisi.

166 4772 195 4838 4.
234 4767 358 4841 Tertio
391 4769 468 4843 loco
500 4771 758 4844 memorandus
791 4771 1067 4844 Parisiensis
1100 4772 1178 4844 lat.
1208 4773 1322 4842 3836

79 4880 126 4966 (ol.
143 4883 333 4960 Colbertin.
355 4891 374 4960 ῖ
380 4891 444 4979 84,
471 4892 554 4962 tum
582 4889 696 4962 Paris.
724 4913 798 4985 reg.
819 4892 929 4963 3887.
949 4894 983 4964 3.
1004 4894 1058 4982 3),
1094 4890 1220 4964 eodem
1248 4890 1323 4964 fere
