3450 5678
683 345 878 397 arrsrorna
904 337 952 394 11.
980 339 1028 394 12.
1431 340 1491 403 199

155 502 422 577 confovetur,
450 502 484 562 et
511 519 606 587 quem
640 499 707 562 zelo
736 498 808 562 fidei
840 500 881 563 ah
903 500 1091 586 episcopatu
1114 505 1283 568 coustituit
1305 507 1496 592 submoveri,
1510 528 1604 576 aare.

161 612 210 677 in
238 602 452 669 exteriores
473 604 578 666 terras
600 601 709 685 abjici,
738 601 822 666 sicut
851 606 884 667 et
911 626 970 667 nos
998 604 1111 688 pietati
1142 607 1210 690 ejus
1234 608 1432 693 scripsimus,
1448 611 1496 675 -ad

171 704 472 775 eeclesiasticam
504 726 618 790 pacem
649 704 782 788 speciali
815 707 1042 790 praeceptione
1076 708 1245 793 decernat,
1284 711 1360 795 quia
1387 734 1496 777 rursus

179 809 377 878 asseritur
407 807 516 892 aliqua
552 811 665 871 eontra
698 806 941 891 dispositionem
974 809 1047 874 fidei
1081 811 1180 895 ipsius
1214 813 1283 877 sine
1317 815 1495 880 cessatione

187 912 334 980 moliri.

290 1016 332 1080 3.
368 1012 447 1090 Quia
468 1013 571 1099 igitur
591 1012 672 1078 haec
693 1013 935 1098 opportunitate
957 1015 1128 1099 perlatoris
1151 1016 1297 1082 fidissimi
1323 1041 1381 1083 nos
1404 1043 1494 1105 opor-

207 1120 272 1183 tuit
299 1115 452 1182 indicare
485 1120 519 1181 et
541 1115 711 1200 specialius
735 1116 916 1202 admonere,
945 1117 1122 1198 hortamur,
1150 1125 1186 1184 ut
1208 1143 1305 1204 quum
1328 1121 1494 1206 internun-

216 1221 276 1285 tius
305 1241 455 1285 remeare
478 1219 630 1305 eoeperit,
659 1217 709 1282 vel
733 1218 759 1282 si
782 1242 846 1304 qua
871 1220 1009 1285 forsitan
1032 1222 1135 1286 altera
1157 1224 1282 1286 occasio
1305 1225 1492 1310 reperietur,

226 1323 455 1408 quamprimum
484 1344 544 1387 nos
571 1321 674 1386 facias
704 1324 854 1387 certiores
889 1326 922 1387 et
950 1345 1059 1388 euram
1087 1329 1232 1389 nestram
1254 1326 1419 1392 sublevare
1442 1329 1494 1393 de-

232 1446 382 1510 properes.
425 1424 472 1491 Ut
501 1429 609 1490 autem
640 1424 784 1510 perfeeto
807 1424 926 1510 gaudio
955 1426 1177 1512 gauderemus,
1211 1429 1295 1492 idem
1330 1430 1433 1495 frater
1462 1436 1494 1497 et

239 1529 426 1613 coepiscepus
448 1532 560 1594 nester
574 1526 762 1592 Timotheus
778 1528 958 1613 exemplum
974 1529 1073 1593 libelli
1082 1531 1108 1615 Ι)
1125 1531 1356 1596 satisfactionis
1372 1556 1491 1619 eorum,
1573 1589 1576 1593 ,

243 1652 302 1715 quos
322 1654 344 1695 a
366 1630 541 1696 catholicae
563 1630 636 1694 fidei
659 1631 796 1695 veritate
812 1630 998 1695 Timotheus
1022 1635 1054 1696 et
1072 1631 1232 1720 Petunt),
1256 1635 1383 1720 utrique
1406 1636 1492 1701 dam-

247 1732 307 1814 nati,
325 1733 539 1799 damnationis
554 1738 676 1798 terrere
691 1734 911 1816 traduxerant,
935 1735 1064 1799 veniam
1080 1736 1312 1820 postulantium
1321 1739 1359 1822 ¹⁰)
1378 1739 1417 1802 ad
1434 1763 1492 1804 nos

250 1834 348 1918 pariter
372 1836 557 1920 destinavit,
592 1835 782 1900 sacerdotali
812 1837 935 1921 pietate
963 1837 1061 1921 lapsis
1096 1838 1264 1903 subvenire
1291 1839 1492 1925 desiderans3

252 1935 314 2019 qued
333 1937 452 2003 divinae
474 1939 690 2003 miserationis
712 1939 845 2023 intuitu,
875 1962 956 2024 quae
978 1939 1149 2005 meminem
1172 1942 1242 2006 vult
1264 1942 1379 2026 perire,
1408 1945 1492 2009 refu-

255 2035 330 2103 tabile
351 2063 410 2107 nen
430 2045 593 2128 putamus.
645 2079 649 2090 ·
826 2050 843 2076 ⁸

634 2376 638 2381 ¹
722 2262 906 2367 Epistola
932 2265 984 2348 12.

414 2418 594 2506 Simplicii
618 2436 729 2503 popae
751 2418 795 2485 ad
818 2418 995 2486 Zenonem
1017 2419 1286 2503 imperatorem.
1502 2404 1625 2527 “15⁴3ss

187 2592 208 2645 P
228 2572 248 2620 ῖ,
365 2561 393 2612 ΙΙΙ
408 2563 511 2612 Petrum
529 2563 627 2626 lenptus
645 2560 677 2610 ab
690 2561 875 2610 Alexandrina
892 2561 992 2610 civitate
1010 2563 1123 2626 relepuri
1141 2561 1209 2611 Zeno
1229 2563 1361 2612 decernet.

375 2694 606 2781 Simplicius
630 2695 843 2779 episeopus
866 2692 1017 2757 Zenoni
1041 2695 1233 2779 Augusto.

323 2806 449 2881 Proxime
476 2814 604 2900 quidem
636 2836 733 2899 quum
762 2813 801 2877 ad
829 2814 941 2877 urbem
963 2813 1065 2878 trater
1088 2817 1121 2878 et
1144 2815 1350 2899 coepiscopus
1373 2816 1491 2879 medio-

253 2906 460 2984 cristianae
487 2917 675 2983 Timotheus
697 2916 936 2981 Alexandrinae
964 2916 1052 2979 urbis
1085 2917 1223 2981 antistes
1253 2920 1371 2981 novato
1404 2939 1491 2981 mere

252 3008 375 3104 misisset,
395 3020 561 3087 victoriam
585 3024 709 3085 vestrae
731 3019 805 3084 fidei
828 3019 862 3082 in
885 3019 953 3101 ejus
968 3018 1173 3082 restitutione
1190 3019 1334 3103 cognovi.
1365 3019 1491 3083 Pietate

250 3112 324 3183 enim
344 3128 438 3189 restra
466 3124 550 3189 fulta
572 3121 763 3188 Divinitatis
787 3121 915 3202 auxilio,
941 3123 973 3184 et
995 3120 1120 3203 imperii
1145 3121 1363 3212 tranquillitas
1385 3127 1418 3187 et
1441 3145 1491 3187 ca-

247 3217 362 3289 tholicae
389 3227 553 3314 religionis
587 3225 788 3311 splendorem
823 3246 931 3306 suum,
963 3221 1186 3286 scandalorum
1219 3223 1303 3288 nulie
1336 3225 1490 3309 discussa,

244 3326 384 3415 revertith
398 3329 581 3416 integritas.
611 3329 660 3393 De
676 3349 737 3412 quo
752 3349 803 3392 me
819 3327 943 3412 gratias
958 3329 1034 3410 post
1044 3324 1147 3389 Dermr
1165 3325 1353 3391 clementiae
1366 3331 1491 3392 vestrae

240 3424 333 3513 chasse
358 3433 557 3514 reminiscor,
591 3435 624 3496 et
656 3454 742 3496 nunc
776 3451 899 3515 queque
932 3427 1052 3492 cultum
1082 3431 1188 3492 vestro
1216 3450 1318 3513 regne
1347 3429 1491 3495 debitum

235 3529 323 3599 silere
340 3556 399 3600 non
420 3536 521 3621 potui,
546 3556 587 3599 ne
608 3533 840 3619 quodammodo
863 3532 988 3596 viderer
1009 3530 1169 3616 ingratus
1193 3531 1219 3594 si
1243 3531 1332 3595 vobis
1348 3532 1491 3616 qualibet

229 3639 458 3724 opportunitate
491 3638 541 3703 vel
569 3636 694 3722 imperii
730 3636 779 3700 vel
813 3635 1019 3700 ecclesiarum
1056 3633 1187 3697 laudare
1221 3633 1408 3698 desisterem
1441 3638 1490 3700 tet

226 3739 404 3827 miumphos.
450 3740 617 3806 Exhibeas
644 3761 721 3825 ergo
749 3738 876 3803 debitae
900 3737 1116 3802 venerationis
1138 3727 1425 3821 officium'prceor,
1454 3743 1490 3802 ut
1538 3797 1574 3829 ,ι

218 3844 388 3915 studiosius
417 3845 503 3909 cirea
531 3844 694 3907 universos
729 3846 835 3906 rectae
863 3839 938 3905 fidei
967 3839 1148 3904 sacerdotes
1177 3845 1209 3905 et¹
1239 3840 1376 3904 maxime
1405 3841 1489 3905 eirea

211 3946 471 4019 Alexandrinum
486 3947 681 4031 episcopum,
707 3945 796 4028 cujus
821 3929 1005 4008 certaminis
1022 3945 1054 4006 et
1069 3944 1168 4006 testes
1184 3942 1291 4006 fuistis
1307 3945 1340 4006 et
1351 3942 1487 4025 judices

204 4050 427 4145 pnitcctionis
449 4049 644 4134 impendatis
667 4047 831 4131 auxilium,
859 4050 891 4111 et
913 4045 1093 4109 decernatis
1115 4044 1268 4129 piissimis
1292 4043 1486 4125 constitutis,

201 4160 348 4229 Petrum
377 4152 460 4218 sedis
488 4152 588 4237 ipsius
611 4172 825 4236 pervasorem,
855 4149 905 4214 eui
933 4170 992 4212 nee
1021 4147 1056 4211 in
1084 4147 1257 4212 diaconatu
1286 4168 1361 4210 suus
1384 4147 1488 4231 potnit

200 4334 294 4349 ae-‘··‘
335 4333 338 4336 '

276 4433 302 4497 ⁴⁴)
321 4426 358 4482 Ei
375 4426 479 4483 seilicet
496 4425 525 4480 ni
543 4425 624 4480 fallor
642 4424 739 4490 simile,
759 4423 944 4491 quedAcacie
963 4421 998 4476 ab
1018 4419 1155 4492 episcopis
1168 4419 1277 4475 Asianis
1296 4418 1407 4473 missum
1427 4434 1486 4471 csse

193 4514 353 4587 Evagrius
371 4512 403 4566 ΙΙ.
418 4512 447 4567 Ε.
467 4512 540 4579 ΠΙ,9
558 4511 703 4565 memorat.

274 4607 303 4669 ⁵)
321 4600 382 4654 Hoc
400 4598 511 4653 nomine
528 4615 585 4652 nou
604 4602 706 4651 Petrum
719 4599 845 4664 illonpion,
864 4594 911 4663 qui
930 4592 1145 4648 Alexandrinam
1164 4590 1308 4646 eeclesiam
1327 4588 1487 4656 occuparat,

190 4693 250 4752 sed
275 4693 387 4743 Petrum
405 4690 545 4745 Faltonem,
570 4682 618 4752 qui
635 4682 664 4737 in
681 4682 883 4736 Antiochenam
906 4679 1059 4744 invaserat,
1087 4677 1227 4747 designari
1250 4677 1362 4746 planum
1387 4675 1428 4725 cst
1452 4688 1486 4726 er

189 4772 337 4845 Evagrio
356 4771 389 4825 H.
403 4771 432 4824 ll.
452 4770 500 4833 ΙΙΙ,
516 4776 539 4824 5.

277 4861 315 4925 ¹⁶)
334 4857 378 4911 lta
396 4857 445 4921 G';
465 4855 538 4925 vulg.
557 4861 723 4924 postulantes,
743 4855 771 4908 a³
788 4858 949 4922 possidentis.

279 4948 304 5013 ¹)
323 4943 360 4998 (ΙΙ
379 4947 491 5007 revertit,
511 4941 553 4995 ed.
572 4945 678 5009 reecpit.

1670 3442 1679 3482 t
