3412 5664
236 512 260 547 a.
271 498 322 546 491)

219 565 341 630 (attat)

353 312 416 377 2322
831 330 858 376 s.
878 327 1018 375 anirasu
1041 327 1155 374 aaran

355 487 488 567 putatur
510 504 578 546 esse
601 482 794 564 faciendum,
819 503 900 566 quac
923 505 987 546 non
1011 482 1152 546 haeresis
1175 504 1194 545 a
1214 481 1390 564 majoribus
1412 482 1523 546 nostris

356 587 524 650 venienter
546 586 707 649 exstincta
729 607 836 648 rursus
859 607 1033 668 provocare
1055 608 1114 648 nos
1131 584 1257 667 audeat,
1282 588 1315 648 et
1336 585 1446 669 palam
1469 606 1523 650 noi

355 690 489 774 sumptis
523 688 642 752 viribus
675 693 849 773 aperteque
883 685 1037 772 confligat
1045 688 1062 750 ⁶?
1110 686 1350 772 Numquidnam
1383 686 1462 753 licet
1489 710 1523 752 m·

355 791 545 858 venerandis
567 790 714 875 patribus
742 791 894 853 damnata
923 791 1111 873 dissolvere,
1147 793 1179 853 et
1207 790 1249 855 ab
1276 790 1341 854 illis
1369 791 1523 855 excisas

354 895 506 980 dogmata
529 895 728 957 retractare?
765 892 847 967 Quid
864 896 912 955 est
927 915 1014 977 ergo,
1039 892 1123 977 qnod
1139 914 1336 978 magnopere
1349 914 1523 978 praevacer

354 1020 394 1061 ne
433 996 603 1080 cujuslibet
634 995 775 1059 haeresis
811 995 907 1058 semel
941 994 1067 1078 dejecta
1100 995 1258 1079 pernicies
1291 996 1332 1060 ad
1361 1017 1497 1062 examen

353 1100 461 1163 venire
489 1099 678 1181 contendat,
705 1099 740 1169 ¹si
768 1120 850 1182 quae
877 1098 1055 1182 antiquitus
1083 1121 1102 1161 a
1131 1099 1249 1163 nostris
1278 1099 1456 1214 majoribus
1485 1120 1523 1165 co

353 1201 505 1285 discussa,
530 1201 671 1265 refutata
693 1204 779 1283 sunt,
804 1200 1013 1263 restauranda
1037 1200 1202 1264 nitamur?
1240 1200 1380 1265 Nonne
1371 1202 1434 1287 rpsi
1451 1224 1522 1285 nos,

351 1305 435 1368 absit
464 1308 496 1367 et
523 1303 604 1418 quod
629 1326 794 1387 nunqnam
817 1302 976 1367 catholica
999 1304 1102 1388 patiet
1103 1325 1141 1366 ur
1157 1301 1314 1387 Ecclesia,
1338 1302 1523 1369 adversariis

268 1395 273 1405 ⁵
349 1409 427 1472 tatis
455 1407 611 1472 universis
641 1411 753 1471 contra
781 1428 839 1468 nos
851 1383 1050 1490 resurgendi
1080 1405 1287 1490 proponimus
1313 1407 1520 1491 exemplum?

253 1478 333 1532 pl.ov

246 1554 278 1585 ιι)
280 1552 332 1610 ig

253 1615 334 1737 Dent.

207 1820 333 1887 <uoca-

207 1835 312 1956 lcircat)

328 1514 407 1593 est,
438 1509 521 1594 quod
544 1510 629 1593 scrip
631 1513 699 1573 tum
722 1512 785 1573 est:
818 1513 973 1573 Termiaos
990 1520 1116 1589 patruae
1140 1522 1260 1573 taorrsm
1289 1530 1350 1574 non
1372 1520 1523 1589 tressera

348 1616 394 1677 et:
426 1618 592 1691 Interropa
616 1625 725 1693 patres
747 1623 828 1690 ticos,
861 1623 891 1675 et
912 1617 1135 1676 aaaacnttatant
1163 1617 1236 1689 tibi,
1272 1623 1302 1676 et
1323 1618 1457 1678 seniores
1489 1626 1523 1678 ta

282 1689 448 1781 *arcent
470 1721 545 1788 aas?
590 1715 671 1790 Quid
701 1736 777 1799 ergo
804 1715 965 1778 tendimus
994 1716 1047 1778 ult
1033 1719 1084 1778 tra
1113 1714 1246 1779 definita
1274 1714 1452 1830 majorum,
1486 1736 1523 1779 su

348 1818 440 1882 nobis
463 1840 528 1881 non
551 1817 741 1881 *sufficit
728 1815 766 1879 t?
799 1816 831 1881 Si
855 1817 931 1902 quid
954 1818 1158 1901 ignorantes
1155 1817 1181 1904 Γ’)
1205 1816 1367 1881 discere
1351 1817 1523 1932 cupiamus,

303 1900 450 1984 lliter·
444 1921 484 1983 ab
507 1919 690 1983 orthodoxis
714 1918 859 2002 patribus
876 1922 909 1982 et
924 1919 1105 1983 senioribus
1121 1920 1250 2004 singula
1266 1941 1412 2004 quaeque
1427 1919 1522 1984 ιιι
1494 1942 1522 1983 ιι

349 2026 521 2107 praecepta
543 2025 619 2084 sunt
605 2020 691 2084 tvel
714 2025 771 2104 apt
757 2022 856 2085 tanda
880 2027 931 2084 cat
918 2021 1059 2086 thelicae
1083 2021 1222 2104 veritati,
1248 2043 1304 2086 cnr
1326 2043 1392 2086 non
1415 2021 1466 2087 his
1487 2043 1523 2107 pr

349 2129 402 2189 tur
425 2147 492 2189 esse
515 2123 667 2189 decreta?
702 2122 863 2208 Numquid
886 2128 943 2187 aut
965 2125 1177 2208 sapientiores
1199 2072 1263 2188 illis
1286 2146 1406 2205 sumus,
1430 2129 1486 2190 aut
1506 2147 1523 2209 p

350 2250 419 2292 mus
440 2229 533 2291 firma
556 2225 734 2290 stabilitate
759 2231 923 2310 constare,
958 2228 985 2291 si
1015 2250 1052 2291 ca
1079 2249 1161 2312 quae
1189 2227 1230 2290 ab
1257 2226 1322 2291 illis
1351 2227 1523 2293 constituta

351 2329 563 2395 subruamus?

434 2434 462 2498 3.
500 2433 552 2496 An
575 2432 711 2495 fortasse
735 2433 877 2516 nescitis,
901 2433 986 2497 hanc
1009 2433 1177 2515 haeresim,
1202 2432 1241 2497 de
1263 2455 1328 2517 qua
1342 2432 1509 2517 loquimur,

350 2535 525 2619 apostolica
548 2534 667 2599 dudum
689 2536 763 2599 sede
786 2557 843 2618 per
865 2535 980 2599 beatae
1002 2536 1174 2600 memoriae
1189 2534 1429 2618 Innocentium,
1452 2534 1523 2600 aad

349 2638 525 2720 Zosimnm,
557 2636 778 2719 Bonifacium,
803 2638 1036 2721 Coelestinum,
1061 2637 1215 2722 Xystum,
1244 2636 1386 2703 Leonem
1409 2638 1523 2702 contim

348 2741 591 2806 incessabilibus
629 2741 798 2804 sententiis
838 2741 936 2805 fuisse
970 2745 1164 2825 postratam,
1203 2763 1263 2805 neo
1295 2744 1426 2806 tantum
1459 2738 1523 2805 aaa

349 2843 527 2909 catholicae
555 2843 681 2927 legibus
723 2844 777 2907 scd
805 2836 1021 2928 primiparae)
1045 2866 1168 2928 quoque
1197 2842 1418 2909 Romanorum
1446 2846 1523 2908 eoo

348 3036 455 3100 (lebetis)
474 3043 517 3085 ant
537 3037 606 3100 qaaod
621 3041 714 3085 temere
733 3043 838 3099 pretatur·
856 3053 910 3084 esse
921 3020 1077 3097 [iaciendum
1096 3052 1161 3100 quac
1174 3052 1223 3085 nort
1235 3032 1410 3100 Ιιιιειιιιίιθί
1423 3030 1485 3086 add.
1496 3032 1520 3097 a}

347 3122 425 3170 ritas.
450 3115 529 3169 Nune
547 3117 632 3169 iterat
651 3115 776 3169 Gelasius
795 3116 944 3181 monitum,
963 3114 1288 3184 quodLeoepist.1n.t
1305 3115 1476 3187 Aquilejensi
1487 3113 1523 3185 epi

349 3202 480 3256 adversus
500 3201 625 3254 eamdem
645 3201 781 3254 haeresim
801 3200 919 3254 dederat
936 3201 980 3252 his
1000 3201 1104 3254 verbis:
1125 3206 1266 3255 Carneadem
1279 3222 1342 3271 erpo
1360 3214 1419 3255 tuae
1437 3204 1523 3255 dilecta

348 3307 487 3356 arreptisque
506 3293 637 3355 diligentia
655 3292 851 3354 providendam,
877 3308 908 3340 ac
929 3308 978 3354 per·
999 3291 1143 3352 hujusmodi
1165 3291 1275 3341 loniiaes
1293 3293 1424 3340 exstincta
1441 3291 1523 3340 anau

349 3378 410 3425 alala
428 3378 585 3433 excitentur,
610 3385 634 3425 et
657 3379 689 3426 ate
708 3378 796 3425 exciso
815 3377 871 3426 olim
894 3378 1010 3439 arripare
1032 3376 1137 3440 aliquod
1157 3378 1182 3425 ia
1204 3378 1339 3440 procincta
1361 3384 1406 3425 tas
1428 3376 1523 3439 parda

348 3477 450 3523 permen
468 3463 577 3513 ιιιιίιιιιι,
613 3455 793 3525 Pelagianam
815 3458 908 3510 autern
930 3456 1142 3525 perversitatem
1165 3457 1332 3526 praesertim
1353 3472 1428 3511 anno
1445 3452 1523 3510 4182

350 3540 479 3608 pontifice
501 3560 552 3610 per
574 3542 663 3593 tot-mn
683 3543 779 3595 orbem
799 3542 960 3595 damnatam
979 3560 1050 3608 esse,
1073 3542 1101 3594 in
1119 3541 1221 3595 notitia
1243 3541 1427 3611 epistolarum
1446 3536 1523 3595 Ζοιιιι

351 3625 516 3678 exstantium
536 3625 627 3692 n.Vll,
648 3633 678 3680 13
698 3628 726 3680 et
746 3633 776 3680 16
795 3628 982 3681 observatum.

417 3713 438 3778 ⁴)
455 3711 599 3780 Pelagiani
614 3730 632 3764 a
644 3712 753 3766 Zosimo
771 3721 896 3767 tractoria
914 3729 965 3782 per
984 3713 1081 3767 orbem
1099 3714 1214 3781 recepta
1225 3711 1399 3766 sollemniter
1411 3711 1523 3767 damnat

350 3813 405 3850 non
423 3798 581 3862 moverunt,
603 3799 635 3850 ut
652 3797 775 3866 ipsorum
794 3816 877 3852 causa
894 3798 931 3852 ad
952 3815 1054 3853 novum
1073 3814 1189 3852 examen
1206 3799 1395 3852 revocaretur.
1432 3795 1523 3852 Verus

350 3881 389 3936 eis
407 3884 566 3936 constanter
584 3883 759 3953 denegarunt
771 3884 872 3938 Zosimi
890 3899 1072 3951 successores,
1090 3883 1311 3950 nominatimque
1324 3882 1517 3938 Coelcstinum

349 3968 468 4038 Prosper
485 3968 532 4021 lib.
553 3970 650 4022 contra
669 3968 760 4023 collat.
775 3988 795 4023 c
810 3976 843 4023 ‘20
855 3989 882 4023 n.
895 3976 941 4037 48,
960 3971 1035 4038 quod
1052 3977 1136 4026 scieas
1148 3977 1274 4025 dramaatis
1286 3989 1459 4024 uenerantes
1473 3975 1523 4039 §sd

349 4062 425 4108 solam
443 4061 614 4122 poeniteutiae
632 4061 766 4109 remedium
784 4077 839 4110 esse
858 4063 1052 4125 praestandum,
1074 4056 1221 4110 Caelestinus
1239 4060 1314 4126 quasi
1330 4073 1381 4108 noa
1393 4060 1515 4111 aarum

350 4146 501 4193 eradicatione
519 4148 686 4207 postulantem
705 4147 781 4194 totius
802 4146 893 4195 Italiac
911 4146 1003 4209 finibus
1020 4148 1102 4209 jassi!
1119 4146 1232 4194 extrudi.
1263 4140 1418 4210 ipsummet
1437 4138 1523 4197 Coele

350 4224 451 4278 videris
470 4224 549 4294 epist.
566 4232 596 4280 13
609 4244 635 4279 n.
650 4233 672 4280 8.
705 4226 839 4281 Similiter
857 4230 886 4280 et
903 4227 1070 4296 Eutychiani
1087 4227 1115 4280 in
1136 4224 1354 4280 (talohedonensi
1371 4224 1486 4294 synodo
1503 4224 1523 4281 d

348 4327 450 4364 trovam
468 4311 617 4380 synodum,
641 4328 697 4380 qua
714 4313 836 4382 ipsorum
856 4313 982 4367 doctriua
1001 4313 1197 4373 discuteretur,
1216 4311 1353 4380 flagitare.
1391 4310 1452 4367 Leo
1472 4328 1523 4367 ver

350 4416 404 4465 que
422 4413 592 4450 successores
615 4413 710 4449 corum
733 4398 913 4467 postulationi
936 4398 1108 4452 intercedere
1131 4413 1274 4465 nimquam
1296 4395 1478 4452 ceramum
1516 4398 1523 4452 l

350 4482 508 4552 Pelagianis
527 4498 626 4536 causae
644 4500 710 4535 suae.
730 4484 863 4536 concedat
852 4487 898 4536 tur
916 4483 1085 4553 recognitio,
1108 4500 1199 4551 neque
1217 4481 1246 4534 id
1265 4481 1450 4551 anaemaris
1469 4500 1523 4555 neg

351 4567 422 4635 iore,
440 4569 515 4621 recte
534 4567 658 4622 Gelasius
676 4569 777 4637 arguit.

418 4655 439 4722 ι
458 4653 581 4706 Verbum
602 4660 750 4723 tpaoraatea
773 4655 800 4707 in
823 4655 969 4709 accusandi
994 4673 1057 4708 casu
1080 4654 1153 4708 idem
1173 4656 1358 4725 constatque
1380 4654 1489 4710 iulis
1478 4676 1523 4713 ιιιι

351 4737 409 4790 lloc
428 4738 500 4790 euim
519 4737 571 4791 sibi
591 4739 661 4792 vult:
681 4744 712 4792 St
728 4745 790 4809 quid
807 4760 850 4794 eos
869 4747 968 4795 discere
986 4747 1126 4809 cupiamus,
1146 4747 1189 4810 qai
1206 4748 1336 4811 ipsioraat,
1362 4748 1484 4812 pariliter
1500 4757 1523 4799 et

350 4827 494 4890 tipasmodt
510 4829 646 4878 terratribus
665 4845 714 4880 ιιοιι
731 4829 877 4893 probamus,
896 4847 939 4880 rer
957 4847 1013 4881 esse
1025 4833 1083 4893 jam
1101 4833 1237 4881 decretas?

418 4912 440 4976 ⁶)
458 4909 612 4963 Constantii
629 4908 821 4979 imperatoris,
843 4910 986 4965 Volusiani
1010 4911 1146 4982 praefecti
1170 4910 1246 4966 urbis
1263 4912 1293 4966 et
1309 4908 1512 4969 Valentiniani
