3412 5664
348 111 410 175 756
787 125 815 173 s.
832 125 1040 175 noanrsnnn
1063 124 1176 173 aaran

239 306 263 343 a.
276 294 333 343 515.
346 281 442 345 nimis
464 302 531 344 non
553 283 680 343 tanturn
701 280 737 342 in
760 279 1015 349 administrando
1039 279 1235 364 reipublicae
1265 283 1394 345 exercet
1413 280 1521 365 officio,

347 382 530 447 melioribus
553 405 623 446 eam
644 380 803 446 nobilitat
830 382 1005 463 institutis,
1036 380 1102 465 et²)
1124 402 1182 465 per
1209 404 1320 446 curam
1348 382 1637 468 redintegram-

346 486 481 549 unitatis
509 487 670 549 auctorem
697 485 872 547 venerandi
903 483 1012 568 placat
1045 482 1182 566 imperii.
1234 484 1321 549 Certi
1356 488 1433 549 sunt
1462 487 1539 550 enim
1627 523 1638 559 ι

346 588 448 651 tutela
477 590 666 671 regnantes,
705 589 731 651 si
760 585 850 648 nulla
878 585 990 649 iisdem
1018 584 1275 668 praesidentibus
1297 585 1461 651 Ecclesiae
1482 588 1638 663 castita

346 690 529 773 importuna
551 688 670 752 diaboli
693 687 919 751 commixtione
946 687 1135 751 maculetur.
1182 686 1275 751 Unde
1297 689 1385 753 enim
1408 694 1510 772 potest
1527 690 1638 771 fian

345 796 383 854 ut
409 790 528 854 nitidus
550 813 608 874 pro
631 789 830 874 principibus
853 791 893 852 ad
916 789 1019 853 Deum
1047 793 1192 853 nostrum
1220 812 1333 873 preces
1360 790 1493 876 dirigat,
1518 792 1543 856 si
1595 808 1638 872 εἰ,

345 892 507 955 lethaliter
528 891 664 975 populus
687 890 822 975 perfidia
844 890 1036 975 corruptus?
1068 889 1164 954 Nam
1192 891 1277 957 sicut
1303 897 1379 957 ante
1401 893 1485 957 bona
1505 908 1638 977 omni„

206 1000 330 1069 Sapua
347 998 395 1058 est
417 992 561 1078 perfecta
579 994 674 1075 juxta
695 991 799 1056 Deinn
821 993 856 1056 in
878 993 1125 1077 imperatoribus
1148 994 1320 1077 sapientia,
1347 994 1395 1058 ita
1416 994 1455 1058 de
1475 1010 1635 1077 sacrario

345 1095 534 1159 mundorum
561 1098 726 1178 pectorum
755 1116 812 1177 pro
839 1094 890 1157 his
918 1094 1110 1178 supplicatio
1138 1095 1234 1160 debet
1261 1099 1294 1159 et
1322 1095 1409 1160 fideli
1437 1098 1626 1179 animarum

346 1198 492 1262 ubertate
514 1197 693 1280 procedere.
727 1196 825 1260 Nulla
848 1197 947 1279 vobis,
971 1196 1198 1261 sublimissime
1218 1197 1357 1280 domine,
1382 1198 1619 1283 triumphorum

346 1301 480 1363 materia
503 1299 621 1382 poterit
643 1320 711 1362 esse
730 1298 913 1381 jucundior,
937 1321 1032 1382 quam
1055 1299 1093 1363 de
1116 1299 1345 1384 subjugatione
1367 1299 1524 1384 perfidiae.

429 1403 460 1464 2.
498 1400 569 1464 Hoc
592 1401 690 1464 etiam
712 1400 903 1465 fiducialiter
931 1404 963 1463 et
984 1423 1043 1484 pro
1066 1401 1226 1465 commissi
1254 1402 1348 1466 nobis
1369 1402 1467 1466 officii
1488 1424 1608 1487 praem

345 1504 455 1588 gativa
477 1503 690 1587 suggerimus,
715 1503 789 1587 quia
811 1524 910 1586 prope
933 1506 992 1583 est,
1016 1506 1053 1566 ut
1067 1524 1159 1566 suum
1174 1503 1379 1587 splendorem
1394 1504 1600 1591 alienapafia-

345 1609 398 1669 tur
420 1605 505 1668 nube
526 1604 662 1686 fuscari,
692 1604 747 1688 qui
769 1626 867 1688 quum
887 1603 956 1668 Deo
979 1604 1142 1669 tribuente
1170 1626 1318 1669 amovere
1339 1605 1458 1690 possit,
1483 1609 1514 1673 iu
1533 1613 1597 1695 rub

345 1707 420 1770 ditis
448 1707 598 1771 tenebras
625 1728 756 1771 manere
784 1707 944 1789 permittit
973 1728 1125 1770 errorum.
1176 1706 1265 1791 Ergo
1297 1708 1375 1792 quia
1407 1710 1593 1775 mansuetudo

346 1813 451 1872 vestra
478 1808 619 1873 futuram
647 1808 804 1891 synodum
832 1807 961 1892 scriptis
989 1808 1214 1873 sacratissimis
1243 1808 1444 1893 indicavit3),
1475 1812 1517 1875 cni
1535 1828 1592 1875 nos

345 1910 499 1974 interesse
527 1910 642 1974 debere
669 1910 783 1974 iisdem
810 1910 939 1994 paginis
962 1910 1045 1993 Deo,
1074 1914 1112 1974 ut
1138 1911 1314 1993 credimus,
1347 1911 1409 1975 sibi
1435 1913 1592 1997 impetente

346 2012 555 2095 commonuit,
580 2013 772 2097 gaudemuS,
795 2012 950 2093 scientes,
981 2013 1133 2096 quoniam
1155 2012 1352 2077 directarum
1373 2015 1515 2079 mention
1529 2014 1591 2077 est.

344 2114 535 2179 venerabilis
557 2115 721 2179 Ecclesiae
749 2114 922 2198 magistros
950 2117 1108 2197 expetere.
1154 2113 1219 2179 Soli
1248 2115 1336 2179 enim
1358 2115 1510 2181 declinant
1523 2130 1593 2179 era·

344 2238 418 2280 men
442 2217 667 2299 eonscientiae,
691 2215 806 2300 quael)
829 2219 918 2279 reeta
940 2220 1027 2298 sunt,
1051 2238 1115 2280 non
1138 2219 1299 2282 tenentes.
1338 2217 1423 2282 Nam
1442 2221 1475 2283 et
1491 2218 1596 2281 fuito

344 2339 397 2380 ore
420 2318 621 2401 splendorem
643 2319 745 2383 bonae
767 2317 943 2382 voluntatis
965 2319 1129 2400 emmtiat,
1164 2319 1218 2402 qui
1246 2339 1306 2403 per
1327 2319 1519 2403 apostolicam
1532 2318 1597 2382 im·

344 2420 599 2504 maculatamque
622 2420 716 2484 fidem
738 2423 771 2483 et
792 2442 849 2503 per
865 2422 1082 2503 competentes
1097 2420 1336 2503 praedicatores
1359 2426 1416 2486 aut
1430 2408 1601 2487 murmuri

344 2543 378 2584 se
399 2525 491 2605 optat
513 2526 569 2586 aut
592 2522 719 2606 corrigi.
755 2521 985 2586 Verumtamen
1007 2521 1085 2585 licet
1105 2521 1139 2586 in
1161 2520 1212 2586 his
1234 2523 1361 2587 nullum
1382 2524 1493 2588 saeculi
1509 2536 1607 2607 prae·

345 2624 494 2687 cedentis
509 2624 643 2688 exsistat
665 2624 890 2709 exemplum),
913 2644 1016 2707 neque
1038 2624 1173 2688 senioris
1195 2624 1274 2689 facti
1296 2625 1434 2710 qualitas
1455 2630 1611 2690 aaran·

343 2725 441 2788 missa
469 2726 559 2813 libris
587 2729 644 2789 aut
670 2726 831 2789 memoriis
860 2725 982 2789 inserta
1009 2729 1173 2808 tencatur3
1210 2727 1293 2790 nihil
1322 2726 1364 2791 ad
1391 2750 1463 2810 nos,
1491 2724 1624 2812 quib-12*

344 2827 436 2891 dulce
458 2831 518 2909 cst,
542 2828 696 2892 beneficio
711 2827 771 2891 Dei
793 2827 914 2910 pietate
936 2829 1043 2890 vestra
1064 2829 1224 2891 invitante
1246 2828 1401 2894 inchoare
1414 2830 1536 2907 menon,
1557 2813 1634 2881 εἴ

344 2929 419 3011 hoc,
448 2928 531 3013 quod
553 2951 620 2993 non
643 2928 822 3013 accepimus
845 2951 864 2992 a
886 2929 1125 3014 parentibusss),
1156 2933 1223 2994 tam
1251 2929 1331 2994 clari
1358 2932 1462 3015 operis
1481 2927 1638 2995 antu·

344 3036 411 3094 tuni
433 3031 526 3095 nobis
548 3032 625 3115 ipsis
648 3032 828 3115 imponere:
862 3029 940 3115 quia.
965 3033 1068 3094 totum
1097 3052 1155 3114 pro
1183 3031 1456 3117 redintegratione
1480 3031 1538 3097 fidei
1571 3026 1638 3081 θ’

344 3133 549 3196 eeclesiarum
571 3155 650 3217 pace
671 3132 794 3214 faeere,
829 3131 968 3195 libenter
995 3128 1233 3215 amplectimur,
1267 3135 1295 3198 si
1324 3138 1434 3200 tamen
1455 3134 1638 3217 majuw

344 3240 524 3299 nostrorum
546 3234 689 3298 ‹lctinitio
712 3237 744 3297 ct
767 3241 950 3297 sanctorum
971 3237 1100 3316 patrum
1114 3235 1149 3299 in
1164 3235 1230 3299 suis
1245 3236 1407 3303 radicibus
1421 3238 1638 3303 incentu-2²²

344 3341 545 3420 permaneat,
569 3337 596 3400 si
619 3335 907 3400 anathematizetur
928 3334 1096 3400 Nestorius
1120 3359 1192 3401 cum
1213 3338 1426 3424 participibus
1446 3340 1517 3419 suis,
1536 3342 1638 3419 (ι’

343 3461 501 3502 evacuans
524 3438 650 3503 divinae
673 3440 874 3501 sacramenta
889 3440 1034 3521 naturae,
1058 3438 1187 3504 beatam
1197 3440 1364 3526 ‚virginem
1378 3440 1505 3507 Mariam
1519 3450 1638 3503 aa*

410 3663 431 3726 ²)
451 3660 483 3713 (θ’
499 3662 524 3713 a'
545 3659 633 3712 omitt.
653 3669 691 3715 et:
709 3674 773 3710 mox
791 3661 816 3711 a'
835 3664 946 3726 placeat.
983 3657 1089 3714 Deinde
1107 3659 1174 3714 bec
1191 3672 1316 3729 regnante
1387 3669 1412 3717 cr'
1426 3670 1481 3717 ulla.

411 3748 431 3812 ³)
450 3745 467 3795 b
481 3762 516 3798 cc
533 3750 636 3798 suras.
672 3742 735 3796 Mox
754 3742 787 3796 G'
808 3749 962 3797 directarum
1033 3750 1183 3803 declamant.

409 3831 430 3897 ⁴)
449 3832 474 3883 a*
488 3830 506 3882 b
520 3847 555 3883 cc
572 3834 615 3898 qui
631 3834 697 3882 uitae
714 3839 771 3881 sum
790 3848 839 3881 nors
857 3833 1014 3883 continentes
1032 3831 1069 3896 (θ’
1086 3833 1259 3899 continentis).
1295 3831 1337 3887 Ex
1355 3832 1405 3900 (Ἡ,
1421 3832 1449 3888 in
1464 3846 1512 3903 quc
1525 3829 1638 3883 ΙΕ-’ἓ

341 3915 387 3967 tur
408 3936 473 3984 puae
499 3922 551 3969 aira
577 3924 635 3968 sunt
656 3934 706 3968 uon
727 3923 855 3981 tenentes,
879 3911 1081 3969 restituendum
1099 3915 1227 3970 (luximus
1247 3937 1314 3987 quae
1336 3931 1409 3972 reeta
1429 3929 1483 3973 rust
1496 3935 1539 3971 m
1626 3918 1638 3947 ‘'

343 4011 438 4056 nentes.

408 4087 429 4153 ⁵)
448 4083 579 4139 Silvestcr
597 4101 615 4138 a
632 4084 811 4139 Constantino
830 4084 866 4138 ad
879 4084 1042 4139 Arelatease
1060 4088 1174 4141 vocatus
1191 4088 1352 4156 concilium,
1369 4089 1473 4159 legatis
1486 4100 1561 4141 snos
1617 4084 1638 4117 ⁴

341 4169 452 4223 mittere
470 4169 537 4223 satis
559 4170 704 4224 habuerat.
741 4168 904 4224 Sardicense
923 4168 1068 4224 concilium
1086 4169 1114 4224 in
1133 4172 1253 4242 epistola
1272 4174 1310 4229 ad
1327 4174 1431 4229 Julinm
1446 4164 1638 4227 exun¹²²¹

341 4254 427 4318 turbet
445 4254 517 4308 hunc
534 4271 650 4324 papam,
669 4254 745 4323 quod
763 4271 780 4308 a
797 4253 903 4323 synodo
922 4254 1028 4309 aberat.
1065 4256 1122 4311 Leo
1140 4273 1158 4311 a
1174 4258 1334 4314 'l'hcorlocio
1351 4258 1390 4315 ad
1406 4256 1540 4314 ancum
1569 4240 1638 4297 3¹³

341 4340 443 4393 vitutus
462 4340 540 4409 epist.
560 4347 592 4393 31
610 4357 636 4392 n.
656 4345 671 4392 4
690 4339 828 4393 rescribit:
854 4343 927 4404 Quod
941 4347 1026 4409 pietas
1043 4346 1124 4410 ipsius
1141 4348 1215 4397 etima
1232 4365 1270 4398 rue
1288 4350 1400 4399 credidit
1418 4347 1501 4398 neten
1512 4336 1633 4393 W

340 4445 396 4477 esse
413 4431 532 4485 ermeilia.
552 4431 649 4478 etiarm·
665 4431 798 4478 seeundum
815 4430 921 4496 aliquod
936 4432 1095 4494 praecedens
1113 4434 1264 4497 exiperetur
1275 4437 1429 4499 empturi.
1446 4420 1620 4481 ΜΨ

341 4531 496 4580 nequaqnam
512 4523 600 4579 posset
617 4515 723 4578 impleri.

407 4598 428 4663 ⁶)
447 4594 480 4648 G¹
499 4599 683 4664 arrpurenb'bus
696 4601 800 4661 ...fidei
816 4603 986 4650 eeclesiarum.
1028 4597 1132 4651 ibidem
1151 4600 1217 4668 post
1232 4611 1313 4655 totum
1335 4602 1409 4657 sorte
1423 4588 1577 4669 ww

341 4686 409 4748 quud
423 4692 517 4748 potest.
