3450 5678
762 119 1033 170 mmmm
1463 108 1525 173 w
1609 159 1612 165 .

240 271 427 338 devotione
455 295 493 337 ea
520 273 636 338 ducitis
659 274 865 358 celebranda,
895 286 990 359 quam
1013 276 1219 360 profanitatis
1241 278 1365 343 vestrae
1389 278 1525 342 celebra-

238 395 331 439 vere
353 375 502 458 majores.
540 376 637 461 Apud
657 375 729 440 illos
752 377 838 441 enim
860 378 983 442 nobiles
1006 379 1116 465 ipsi²¹)
1140 379 1328 462 currebant,
1355 381 1388 443 et
1409 382 1526 443 matro-
1583 367 1589 385 ⁸

235 499 319 542 mae
341 477 463 542 nudato
486 478 612 562 publice
636 500 766 562 corpore
788 479 996 563 vapulabant.
1039 480 1106 544 Vos
1129 503 1205 566 ergo
1234 481 1329 565 primi
1351 481 1386 545 in
1408 481 1526 567 Luper-

237 579 340 644 calia
357 580 577 644 commisistis:
601 580 701 644 satius
723 580 830 645 fuerat
851 603 918 646 non
933 604 1040 667 agere,
1064 605 1160 666 quam
1183 606 1220 646 ea
1243 604 1315 649 cum
1336 583 1455 667 injuria
1478 606 1527 648 ce·

230 681 398 765 lebrare3
431 682 487 746 sed
520 682 695 747 deduxistis
730 684 947 748 venerandum
976 684 1065 748 vobis
1100 685 1221 749 cultum
1253 685 1525 770 salutiferumque,

228 805 352 869 quem
379 785 517 868 putatis,
547 785 587 848 ad
614 783 692 848 viles
718 785 924 869 trivialesque
952 807 1120 870 personas,
1156 787 1297 869 abjectos
1325 789 1357 851 91
1389 787 1525 852 infimos.

227 885 286 952 Si
318 907 395 951 vere
423 908 500 972 ergo
527 886 738 971 profitemini,
773 889 833 951 hoc
861 909 1003 971 sacrum,
1038 910 1076 952 ac
1103 889 1210 973 potius
1240 893 1524 974 exsecramentum,

223 988 348 1053 vobis
364 1010 432 1054 esre
448 988 603 1072 salutare,
627 988 689 1072 ipsi
706 989 864 1054 celebrate
879 1012 966 1055 more
981 990 1154 1073 majorum,
1178 991 1240 1075 ipsi
1256 1012 1327 1056 cum
1343 992 1526 1078 amiculo²²)

221 1091 333 1156 liudi
357 1091 541 1174 discurrite,
564 1097 601 1155 ut
622 1091 683 1155 rite
706 1093 831 1156 vestrae
846 1092 959 1157 salutis
980 1092 1118 1156 ludibria
1141 1092 1316 1177 peragatis.
1353 1093 1387 1159 Si
1406 1116 1527 1179 magna

217 1197 351 1277 sunt,
376 1193 403 1257 si
426 1193 551 1276 divina,
575 1193 602 1257 si
625 1192 808 1275 salutifera,
832 1194 857 1257 si
881 1195 916 1258 in
938 1193 988 1258 his
1006 1196 1091 1258 vitae
1106 1197 1231 1258 vestrae
1253 1194 1373 1278 pendet
1394 1195 1526 1281 integri-

214 1297 322 1379 tas,
348 1318 405 1360 cur
427 1317 482 1360 vos
506 1296 605 1379 pudet
627 1316 684 1379 per
706 1317 761 1358 vos
784 1295 869 1380 ipsos
891 1296 971 1360 talia
994 1296 1177 1360 celebrare?
1213 1296 1248 1361 Si
1270 1296 1368 1380 pudet
1382 1301 1415 1362 et
1435 1296 1526 1361 dede·

220 1419 312 1463 <tus
335 1400 402 1480 est,
432 1398 520 1462 itane
543 1397 744 1462 salutiferum
767 1401 816 1461 est
838 1401 871 1461 et
892 1398 1035 1462 divinum
1060 1404 1092 1463 et
1121 1399 1337 1483 profuturum,
1366 1398 1526 1482 quadros

215 1499 319 1585 ipsi
342 1500 478 1564 dedecus
495 1517 563 1564 esse
584 1499 777 1563 fateamini?
812 1498 915 1564 Nemo
932 1501 1122 1585 religionem
1144 1500 1328 1584 profitetur,
1352 1522 1448 1584 quam
1469 1523 1527 1585 per

213 1622 288 1667 89
312 1603 443 1686 exsequi
470 1624 599 1686 prorsus
622 1601 780 1666 erubescit
807 1604 841 1665 et
867 1602 1001 1687 refugit,
1030 1604 1101 1686 ipsa
1130 1602 1321 1667 verecundia
1343 1606 1450 1666 vestra
1472 1623 1527 1666 vos

216 1705 372 1769 doceat
387 1704 508 1770 crimen
523 1726 592 1768 csse
607 1704 781 1787 publicum,
806 1726 872 1768 non
894 1704 1030 1768 salutem
1053 1709 1087 1768 91
1107 1727 1174 1769 non
1189 1703 1525 1787 Divinitatis'cultum,

220 1807 294 1872 tle
309 1828 374 1892 quo
389 1807 518 1891 sapiens
541 1805 647 1871 nullus
670 1806 844 1888 erubescit,
868 1806 923 1870 sed
945 1806 1160 1871 instrumenta
1183 1806 1389 1891 pravitatum,
1413 1805 1527 1890 quibus

216 1926 349 1974 1119111
372 1912 480 1973 restra
503 1912 615 1973 contra
638 1909 841 1992 semetipsam
864 1908 1085 1973 testimonium
1099 1908 1222 1992 ferens,
1246 1908 1330 1993 quod
1352 1909 1528 1993 gerendum

220 2011 441 2098 lamlitetur,
466 2011 625 2076 crubescit
646 2012 789 2095 implere.

342 2114 372 2179 8.
418 2112 567 2180 Castores
575 2114 615 2200 ²³)
639 2113 735 2178 vestri
760 2117 861 2196 certe,
886 2135 1059 2198 equorum
1083 2113 1170 2177 cultu
1193 2113 1345 2177 desistere
1367 2111 1525 2191 noluistis,

225 2238 314 2282 tur
342 2216 433 2281 vobis
462 2219 643 2301 opportuna
670 2216 772 2279 maria
805 2215 935 2280 minime
967 2215 1199 2299 praebuerunt,
1234 2218 1270 2277 ut
1302 2214 1417 2278 hiemis
1449 2216 1528 2277 tem-

216 2336 334 2405 11919
362 2319 511 2383 venirent
540 2317 604 2382 huc
637 2319 769 2403 navigia
798 2340 869 2382 cum
896 2318 1083 2400 frumentis,
1119 2321 1151 2380 ct
1185 2316 1298 2393 civitas
1332 2316 1442 2399 inopia
1470 2315 1527 2378 mi-

224 2422 345 2486 1111119
368 2420 552 2485 laboraret?
596 2422 649 2484 An
676 2420 786 2484 diebus
815 2420 1020 2504 sequentibus
1048 2419 1109 2483 hoc
1136 2422 1279 2483 futurum
1302 2421 1351 2481 cst
1373 2417 1528 2497 aestatis?

218 2525 286 2588 -A
309 2522 380 2587 Deo
408 2523 618 2586 constitutum
645 2523 835 2587 beneficium
858 2526 922 2606 est,
952 2544 1017 2586 non
1047 2521 1215 2586 Castorum
1242 2543 1326 2584 vana
1353 2519 1526 2603 persuasio.

213 2618 365 2690 Dicite
387 2624 497 2708 nobis,
526 2646 586 2689 nec
609 2624 784 2690 Christiani
811 2647 872 2689 nec
899 2624 1037 2708 pagani,
1067 2624 1184 2707 ubique
1213 2620 1342 2706 perfidi,
1371 2642 1529 2704 nusquam

215 2728 384 2811 iideles,
417 2727 534 2811 ubique
563 2729 718 2811 corrupti,
754 2749 910 2811 nusquam
939 2726 1075 2810 integri,
1108 2725 1161 2809 qui
1191 2728 1258 2789 tam
1286 2727 1455 2806 utrumque
1482 2725 1528 2786 te-

216 2845 334 2895 11919
356 2851 424 2894 non
445 2829 595 2913 potestis,
625 2851 720 2914 quam
743 2830 803 2893 sibi
831 2831 1000 2912 utrumque
1024 2827 1219 2892 contrarium
1242 2828 1304 2890 est:
1338 2824 1451 2907 dieite,
1480 2825 1529 2888 in-

222 2954 371 3019 quam,
400 2930 659 3016 Lupercaliorum
692 2931 837 3016 patroni,
869 2934 915 2999 91Ι
936 2952 1045 2993 revera
1073 2928 1312 3013 Divinitatis²⁴)
1340 2925 1469 2991 ludibrii
1497 2929 1530 2989 et

232 3033 498 3100 ‹tantilenarum
526 3034 668 3118 turpium
697 3034 897 3116 defensores,
926 3032 1017 3117 digni
1045 3031 1194 3116 magistri
1222 3030 1385 3112 vesaniae,
1415 3031 1448 3093 et
1475 3026 1529 3111 qui

228 3156 324 3203 11911
353 3138 423 3200 sine
447 3158 543 3201 causa
565 3159 644 3199 sana
667 3137 773 3220 capita
796 3158 861 3199 non
884 3133 1010 3198 habetis
1017 3184 1026 3216 ,
1051 3133 1142 3218 digni
1164 3134 1226 3196 hac
1248 3131 1419 3216 religione,
1448 3151 1530 3214 quae
1601 3130 1604 3135 ’

229 3239 496 3305 ‹rbsoenitatum
524 3243 557 3303 91
583 3239 780 3323 flagitiorum
807 3237 937 3301 vocibus
961 3236 1155 3300 celebratur:
1183 3234 1326 3299 videritis
1348 3233 1426 3318 ipsi,
1454 3231 1529 3316 quid

236 3342 349 3408 vobis
376 3341 489 3406 salutis
517 3341 698 3426 impendat,
732 3362 811 3425 quae
837 3342 963 3404 tantam
992 3338 1132 3419 moribus
1161 3336 1266 3400 labem
1293 3335 1531 3419 perniciemque
1586 3349 1589 3354 ·

239 3497 493 3509 §----.---.--
511 3501 563 3506 .-.....

238 3580 370 3651 publice
388 3597 486 3634 manus
503 3581 647 3646 tamquam
666 3579 717 3631 sub
740 3581 924 3649 praeceptore
942 3578 981 3633 cis
1003 3577 1165 3647 praebuisse
1183 3575 1323 3631 feriendas
1341 3572 1449 3638 tradat,
1472 3587 1531 3627 eas-

246 3666 323 3721 dem
335 3668 432 3720 tamen
451 3670 544 3719 9191919
564 3681 679 3734 corpore
693 3663 837 3732 vapulasse
856 3681 991 3730 nusquam
1004 3662 1138 3728 meminit,
1157 3661 1206 3715 sed
1224 3661 1276 3714 hoc
1289 3657 1431 3713 Gelasium
1443 3674 1477 3711 ex
1488 3656 1530 3710 Li-

248 3751 297 3805 vii
314 3750 405 3816 libris,
424 3749 472 3818 qui
490 3749 667 3814 interierunt,
687 3749 826 3818 accepisse
845 3749 1000 3818 opinamur.

326 3837 360 3904 ²¹)
377 3835 456 3890 Adeo
475 3838 505 3888 ut
523 3836 607 3888 etiam
626 3834 720 3887 consul
738 3833 873 3887 Antonius
892 3850 1002 3887 currere
1021 3835 1050 3885 et
1067 3832 1206 3902 Lupercus
1233 3830 1269 3884 ad
1292 3831 1420 3884 senatum
1438 3828 1531 3883 venire

253 3937 315 3975 11911
334 3920 485 3976 erubuerit.
521 3920 581 3972 Hoc
603 3921 697 3973 tamen
720 3922 832 3988 praeter
851 3918 944 3972 decori
963 3917 1100 3971 rationem
1118 3918 1154 3971 ab
1173 3915 1294 3969 Antonio
1313 3915 1416 3968 factum
1435 3911 1530 3966 Cicero

254 4005 360 4076 Philip.
380 4012 396 4059 2
413 4011 487 4060 1131
505 4007 586 4059 notat
604 4004 646 4057 his
664 4003 769 4067 verbis,
788 4004 888 4072 quibus
906 4003 997 4073 ipsum
1009 4002 1113 4071 arguit:
1134 4006 1179 4054 Ad
1193 4005 1348 4067 Lupercalia
1360 4004 1486 4053 veniamus

260 4094 417 4146 3911919119
435 4096 531 4145 aoslm'a
549 4096 646 4157 collega
664 4102 719 4143 tuias
738 4089 862 4157 (Cerceo-r)
881 4095 985 4142 amiclas
999 4101 1057 4157 lopo
1069 4107 1213 4156 purpurea,
1233 4091 1258 4138 ia
1269 4091 1333 4138 99119
1346 4103 1440 4143 aurea,
1458 4100 1531 4134 coro·

260 4188 345 4231 natus.
380 4181 516 4236 Aaceada‘s,
540 4181 642 4228 accedis
666 4181 701 4228 ad
716 4181 802 4229 sellam
821 4178 868 4242 (ila
886 4194 946 4228 eras
965 4175 1122 4241 Lupercus),
1146 4182 1173 4225 ul
1191 4183 1215 4225 le
1233 4178 1358 4225 consulem
1376 4169 1532 4223 9119919911·-

260 4265 463 4330 1199991991)
483 4266 601 4315 diadema
619 4267 732 4314 calendis
750 4271 798 4315 ela.

328 4350 361 4415 η)
380 4346 414 4402 G¹
433 4353 549 4400 ridiculo.
584 4346 649 4399 Mox
667 4346 715 4400 ulii
734 4345 823 4399 omitt.
842 4358 868 4399 cl
886 4345 961 4412 (ante
978 4345 1158 4413 profuturum).

329 4435 362 4501 ²⁸)
379 4432 416 4486 Et
433 4432 479 4486 hic
496 4437 620 4486 Pastorea
639 4432 668 4485 et
689 4431 762 4484 infru
783 4443 914 4500 pastorum
936 4430 997 4485 loco
1017 4435 1148 4483 Castorum
1170 4426 1320 4494 legendum
1338 4439 1398 4478 esse
1421 4437 1532 4491 persue-

264 4518 330 4573 deut
346 4519 407 4572 tum
425 4518 604 4582 Plutarchus,
627 4534 681 4585 quo
704 4519 789 4582 teste,
813 4516 951 4585 utsupra
977 4513 1196 4580 observavimus,
1221 4516 1289 4564 199111·
1310 4515 1451 4577 scriptores
1472 4525 1533 4575 pro-

264 4609 353 4659 didere
370 4624 425 4658 9991
441 4609 631 4656 sollemnitatem
649 4607 759 4671 antiquie
777 4606 930 4669 teraparr'bus
945 4606 1028 4668 [91199
1047 4611 1187 4668 pastorum,
1209 4598 1268 4650 tum
1286 4593 1379 4648 Livius
1399 4600 1421 4658 l,
1440 4597 1463 4645 ὅ.

330 4689 364 4756 ¹⁴)
383 4688 418 4744 (1ι
437 4693 557 4756 dignitati
574 4691 689 4750 ludibili,
709 4688 847 4756 corrupte.
1435 4673 1438 4680 ¹
