3412 5664
633 330 805 379 musroaa
831 322 880 379 13.
950 391 958 407 Ι
1331 320 1393 385 263

77 483 328 568 horrendam
365 487 421 550 sed
448 482 523 570 quia
551 485 635 548 idem
658 483 813 549 Dominus
836 488 931 568 atque
954 483 1102 549 Salvator
1125 485 1391 553 clementissimus
1408 504 1494 552 atet

76 590 145 651 ese
182 592 222 652 et
253 588 419 652 neminem
445 588 515 652 vult
535 587 651 672 perire,
680 608 778 670 usque
802 570 968 650 aderitus
991 587 1039 650 sui
1062 587 1156 671 diem,
1181 588 1263 673 inti)
1285 567 1502 672 poeni-“⁴¹⁸⁸

75 690 228 772 tentia,
255 691 285 754 si
307 690 512 775 resipiscunt,
532 692 641 773 jacere
668 687 847 771 conveniet,
871 710 931 753 nec
954 689 1092 754 orationi
1114 711 1181 754 non
1202 691 1296 755 modo
1319 692 1394 756 fide-

77 789 185 856 lium
218 792 283 857 sed
309 814 352 857 ne
380 772 680 857 catechumenorum
708 792 835 875 quidem
863 791 1053 856 omnimodis
1081 792 1252 877 interesse3
1280 789 1394 877 quibus

78 894 349 981 eommunio²²)
377 894 460 959 laica
481 894 517 958 in
538 897 641 958 morte
664 892 863 957 redhibenda
886 898 944 958 est.
990 893 1094 969 Quam
1115 915 1184 959 rem
1206 896 1393 981 diligentius

76 996 287 1081 explorare
307 996 360 1060 uel
382 996 487 1062 faeere
510 995 729 1080 probatissimi
752 996 926 1060 sacerdotis
949 1018 1024 1060 cura
1046 996 1186 1061 debebit.

678 1165 759 1231 Cur.
775 1165 835 1230 ΙΠ.

192 1285 230 1351 6.
280 1285 331 1350 De
360 1285 482 1351 clericis
510 1289 617 1350 autem
646 1289 679 1351 et
706 1285 873 1350 monachis
901 1290 958 1349 aut
984 1286 1098 1370 puellis
1120 1286 1180 1351 Dei
1209 1291 1264 1352 aut
1286 1311 1393 1355 saecu·
1441 1304 1444 1310 “

75 1389 235 1455 laribus
267 1388 388 1453 serrari
414 1388 627 1473 praecipimus
655 1388 742 1452 hunc
769 1392 924 1473 tenorem,
958 1410 1053 1472 quem
1080 1388 1225 1454 Nicaena
1253 1393 1393 1475 synodus

78 1494 195 1558 circa
220 1514 293 1576 eos,
323 1491 378 1577 qui
404 1490 487 1575 lapsi
509 1493 586 1554 sunt
607 1490 657 1555 vel
679 1490 811 1574 fuerint,
842 1490 1033 1555 servandum
1056 1512 1124 1555 esse
1148 1493 1330 1558 constituit:
1358 1498 1394 1559 ut

78 1595 239 1661 seilicet
268 1593 325 1678 qui
352 1593 442 1657 nulla
469 1593 673 1676 necessitato,
702 1593 821 1658 nullius
848 1594 895 1657 rei
923 1595 1037 1658 timore
1059 1597 1155 1679 atque
1182 1595 1324 1678 periculo
1346 1601 1406 1679 se,¹

79 1704 130 1762 nt
163 1695 475 1780 rebaptizarentur,
511 1694 682 1761 haereticis
711 1695 809 1779 impie
836 1694 1043 1777 dediderunt,
1077 1696 1104 1759 si
1132 1699 1242 1761 tamen
1270 1719 1324 1762 eos
1354 1722 1392 1762 ex
1473 1710 1479 1723 “·

81 1798 204 1865 corde
234 1798 416 1883 poeniteat,
450 1797 552 1862 tribus
560 1797 601 1882 ²⁸)
629 1797 723 1862 armis
750 1798 836 1861 inter
864 1797 1031 1875 audientes
1060 1800 1136 1882 sint,
1166 1803 1290 1884 septem
1317 1822 1392 1864 vero
1476 1806 1489 1821 ''

80 1901 203 1967 annis
229 1901 425 1985 subjaceant
438 1885 524 1964 inter
537 1889 740 1984 poenitentes
755 1900 903 1964 manibus
919 1900 1136 1983 sacerdotium
1158 1899 1279 1965 duobus
1295 1901 1392 1965 etiam

80 2004 297 2069 oblationes
330 2001 432 2067 modis
464 2002 612 2067 omnibus
642 2023 708 2066 uon
737 2002 886 2065 sinantur
914 2001 1043 2085 offerre,
1079 2001 1134 2065 sed
1170 2004 1392 2068 tantummodo

81 2078 375 2195 popularibus&
403 2104 437 2169 in
463 2104 608 2169 oratione
636 2104 807 2168 socientur.
853 2102 922 2167 Nec
951 2103 1190 2167 confundantur
1212 2103 1280 2170 Deo
1310 2106 1392 2170 eolla

170 2346 209 2412 ὓ)
229 2343 335 2399 Plures
352 2358 414 2396 mss.
433 2347 669 2411 inpoenitentium,
689 2341 750 2394 111²
767 2347 932 2410 poenitentia.
968 2341 1028 2395 Hoc
1046 2340 1144 2396 Felicis
1161 2344 1298 2397 statutum
1316 2342 1392 2398 haud

83 2446 241 2502 pugnare
258 2425 418 2499 putandum
434 2427 477 2482 esi
494 2445 557 2482 cum
572 2426 620 2482 illo
639 2425 728 2480 Siricii
751 2426 830 2496 episi.
844 2434 856 2479 1
876 2444 901 2480 n.
916 2432 960 2479 18:
983 2432 1164 2495 poenitentiam
1181 2446 1260 2496 opere
1278 2435 1391 2498 cuiquam

86 2538 149 2573 ssoss
171 2519 335 2571 conceditur
352 2519 506 2569 clericorum.
543 2515 617 2576 Quod
632 2517 739 2581 quidem.
762 2510 853 2580 inquit
873 2512 929 2565 Leo
948 2510 1085 2580 epictiti
1105 2529 1127 2566 c.
1142 2518 1166 2576 ⁶2,
1188 2518 1243 2564 ane
1262 2515 1337 2566 dictio
1356 2533 1391 2568 ee

86 2605 260 2672 mstotics
276 2603 417 2671 samsone
434 2603 573 2655 descendit.
596 2594 693 2650 Siricio
706 2595 779 2650 enim
792 2613 881 2651 semro
896 2598 937 2650 est
948 2595 982 2650 de
991 2595 1167 2666 poenitentia
1178 2596 1300 2666 publica,
1319 2615 1391 2666 quae

87 2704 170 2743 enm
188 2682 327 2739 sollemni
344 2699 475 2737 manuum
493 2680 670 2752 impositione
688 2680 716 2733 in
735 2680 852 2735 eeclesia
863 2680 1017 2750 peragitur,
1035 2683 1067 2734 ut
1079 2699 1113 2735 er
1125 2681 1218 2735 verbis
1231 2699 1315 2749 quum
1329 2699 1391 2736 con·

91 2770 164 2827 dlii
178 2766 449 2837 Carthaginensisv
460 2784 483 2822 c.
492 2774 521 2821 11
534 2769 595 2820 turn
606 2765 707 2819 Leonis
720 2765 748 2819 in
761 2766 879 2836 epist-ola
896 2784 960 2820 mox
974 2765 1061 2819 citata
1071 2766 1100 2818 in
1113 2767 1204 2819 locum
1216 2765 1391 2836 praedictum

91 2959 172 2999 essm
190 2942 293 2995 tamen
311 2938 447 2993 secretam
465 2939 494 2991 et
511 2953 530 2990 a
546 2934 673 2991 sollemni
684 2951 817 2989 manuum
830 2935 1007 3005 impositione
1019 2935 1171 2989 immunem
1184 2937 1280 3015 exigit,
1298 2953 1387 3005 caque

92 3026 224 3083 ratione
243 3022 418 3094 superiorum
435 3021 563 3076 ordinum
580 3019 783 3090 poenitentiam
807 3038 824 3073 a
845 3020 1020 3089 poenitentia
1041 3020 1204 3075 clericamm
1226 3007 1390 3074 1¹1f0riorum

94 3109 275 3180 distinguit.
312 3107 388 3163 istud
403 3107 525 3162 illustrat
548 3108 577 3160 et
599 3105 744 3160 confirmat
768 3104 914 3158 concilium
937 3123 954 3158 a
972 3105 1107 3159 Gratiano
1126 3123 1148 3159 c.
1163 3113 1179 3159 5
1196 3102 1229 3156 D.
1244 3111 1276 3158 82
1295 3105 1389 3161 lauda·

93 3202 181 3259 mm,
198 3193 280 3264 qnod
296 3192 465 3263 Polycarpum
483 3195 531 3246 seu
549 3190 700 3261 Gregorius
718 3189 891 3243 Hibernensc
909 3192 999 3256 vocat,
1022 3190 1098 3256 quod
1116 3192 1211 3244 antem
1228 3190 1338 3246 saeculo
1352 3192 1389 3246 IX

96 3280 243 3337 aterius
259 3296 316 3335 non
333 3279 389 3344 est,
414 3279 556 3347 sumptam
573 3277 691 3331 sortasse
710 3294 743 3330 ex
762 3274 955 3344 poenitentiali
973 3274 1107 3342 quodam,
1129 3275 1158 3328 in
1181 3275 1254 3328 hunc
1276 3276 1390 3330 niodum

98 3365 281 3422 modernas
304 3367 444 3433 Presbyter
460 3369 485 3418 si
499 3367 694 3430 fornicationem
710 3366 812 3428 fecerit,
835 3380 982 3430 quamquam
998 3366 1134 3414 secundum
1152 3381 1263 3415 remores
1284 3373 1390 3430 aposto-

98 3460 194 3507 lum
211 3453 306 3504 &teat
322 3453 424 3517 deponi,
443 3460 525 3502 tumen
537 3454 622 3515 juxta
639 3451 814 3500 auctoritatem
827 3450 849 3499 b.
862 3465 949 3513 papae
962 3448 1085 3506 Silvestri,
1104 3451 1127 3498 si
1144 3451 1170 3499 in
1188 3452 1247 3500 citio
1260 3465 1310 3499 non
1326 3467 1389 3516 per·

99 3541 258 3598 duruerit,
274 3540 323 3605 sed
337 3553 385 3587 suo
401 3545 493 3602 sponte
510 3537 643 3599 consessas
660 3537 758 3598 adjecit
776 3542 802 3584 ut
820 3542 947 3599 resurpaa
975 3536 1061 3585 decem
1078 3537 1152 3584 curris
1169 3536 1194 3583 in
1212 3535 1277 3584 tunc
1293 3537 1391 3585 modum

97 3627 262 3693 poenitent:
288 3623 369 3674 tribus
390 3625 489 3690 pridem
511 3621 636 3672 mensibus
657 3621 758 3685 priuato
776 3622 833 3671 loco
857 3636 873 3668 a
895 3622 989 3669 ceteris
1011 3624 1121 3668 remotus
1142 3635 1210 3683 pane
1233 3627 1258 3669 et
1280 3637 1348 3686 equa
1372 3638 1388 3670 a

100 3724 228 3776 mperes
245 3710 272 3759 t's
289 3725 421 3774 uesperam
437 3716 531 3765 utetur,
550 3714 644 3759 tanturn
662 3711 744 3756 cutem
762 3705 850 3755 diebus
863 3706 993 3755 dominicis
1011 3691 1281 3769 &praeripuissent
1292 3707 1389 3757 ruodiro

101 3799 172 3847 ss'sso
188 3802 217 3845 et
232 3795 363 3859 puerculo
379 3801 455 3861 otone
472 3791 636 3856 tepamiptbus
653 3799 793 3849 recreetur,
815 3791 870 3843 sine
888 3806 966 3839 carne
990 3797 1015 3839 ct
1032 3792 1162 3854 sepimine,
1190 3793 1243 3841 oois
1260 3798 1285 3840 et
1303 3806 1388 3854 cnseo,

100 3895 191 3934 saeco
213 3880 319 3930 insistes
335 3879 401 3931 meni
417 3879 570 3935 attonsae,
593 3879 635 3928 die
658 3894 689 3927 oc
711 3883 784 3927 nocte
800 3878 902 3939 jupiter
924 3877 1122 3926 inisericordiam
1143 3875 1191 3923 liet
1212 3876 1390 3939 oruuipoteutis

101 3966 244 4032 inploret.
278 3964 374 4014 Finitis
390 3964 469 4014 tritus
486 3962 610 4013 mensibus
632 3964 757 4013 continetis
779 3968 870 4015 eaeent:
898 3967 980 4010 trimen
1002 3963 1028 4010 in
1045 3960 1169 4024 pubiicum
1187 3975 1237 4010 non
1254 3962 1387 4024 procedat,

103 4068 141 4102 ne
159 4066 235 4116 prs-e
246 4046 335 4112 fl'deits
350 4050 376 4098 is
393 4064 424 4100 eo
440 4049 587 4099 scandulum
601 4049 733 4112 petiolum·
756 4062 802 4096 nee
822 4046 887 4095 enirn
905 4045 978 4095 debet
999 4048 1123 4096 sacmdos
1138 4045 1238 4109 pubiice
1256 4048 1388 4109 poenitere

102 4141 179 4189 sient
196 4136 289 4185 mess.
317 4128 374 4185 Ubi
390 4146 476 4198 quum
493 4127 633 4183 sacerdoti
650 4129 728 4199 lapso
746 4125 919 4198 poenitentia
935 4141 1048 4195 prorsus
1067 4126 1200 4180 simonica
1217 4125 1387 4196 praescriba-

103 4226 169 4285 tur,
188 4216 263 4271 haec
279 4217 376 4271 mmsis
392 4213 506 4285 publiea
522 4215 650 4282 negatur.

179 4305 216 4361 ”l
235 4301 279 4356 lta
296 4316 359 4354 mtt.
379 4298 474 4367 (eiiam
491 4298 529 4352 H'
540 4297 577 4351 H⁹
589 4298 661 4367 H¹⁰):
680 4296 748 4352 editi
766 4303 832 4351 laica
850 4307 946 4349 tentum
964 4302 990 4349 iu
1007 4308 1087 4351 morte
1105 4302 1239 4350 reddendo
1257 4308 1304 4349 est.

179 4392 216 4449 ”t
234 4382 385 4454 Dionysius
402 4383 516 4454 quidem
532 4383 561 4436 in
574 4399 649 4437 conc.
663 4381 723 4437 Nic.
737 4400 759 4436 c.
774 4390 812 4448 11,
831 4399 913 4450 quem
932 4381 1008 4435 Felix
1026 4398 1054 4435 se
1072 4381 1152 4449 sequi
1164 4381 1321 4450 profitetur,
1338 4399 1387 4431 rex

101 4482 187 4531 aas
205 4470 287 4541 legit.
323 4468 379 4524 Sed
395 4485 430 4523 ex
445 4467 500 4522 hoc
516 4466 578 4523 loco
596 4468 741 4522 firmantur
765 4467 888 4536 ejusdem
915 4465 1027 4521 canonis
1051 4484 1135 4534 quum
1157 4465 1249 4520 textus
1271 4480 1387 4531 maccus

102 4566 172 4615 tnrn
190 4558 275 4611 setus
297 4552 493 4623 interpretatio
515 4552 616 4619 latinu,
648 4570 718 4621 quae
741 4553 889 4622 perperam
916 4551 1074 4622 appellatur
1096 4551 1194 4604 Isidori
1216 4544 1387 4614 Mercatoris,

102 4662 198 4717 quum
219 4641 307 4696 etiam
325 4639 354 4693 in
372 4638 496 4709 Hispana
513 4637 674 4692 collectione
693 4637 827 4693 obtineat.
855 4636 986 4706 Dionysio
1004 4638 1099 4713 tranen
1112 4636 1287 4705 pervetustus
1300 4633 1386 4687 codex

102 4725 295 4797 Corbejensis
312 4726 397 4791 isset,
423 4724 452 4778 in
474 4739 530 4793 quo
552 4722 622 4777 haec
639 4722 754 4777 Nicaeni
773 4743 795 4776 c.
811 4729 840 4776 11
864 4740 929 4792 pars
950 4722 991 4776 ita
1013 4724 1166 4793 protertur:
1196 4732 1220 4773 et
1241 4740 1290 4772 sen
1313 4725 1387 4772 ‹rrrnts

101 4821 177 4879 apsi
193 4816 341 4866 huitttste
356 4813 508 4865 accumbat.
1077 4809 1082 4819 '

176 4902 214 4967 ”i
232 4893 355 4969 Excussi
370 4897 551 4959 soecularibus,
575 4892 733 4951 caueamus
750 4912 814 4949 nise.
834 4912 896 4949 cum
914 4894 997 4950 lvonc
1014 4897 1190 4964 popularibus.
1226 4892 1257 4945 ln
1275 4889 1386 4962 Capitu-
