3450 5678
667 344 858 393 urrsrouna
883 336 921 391 15
938 330 1017 414 (lu).
1454 335 1475 395 ι’)
1510 302 1516 310 ’

214 507 291 560 debet
312 507 465 561 camenam
485 505 543 561 Ilei
557 523 615 576 pro
634 506 815 562 haereditate
835 508 943 562 deicere
963 512 1017 561 etc.
1049 505 1143 562 dltero
1166 524 1228 562 vero
1250 524 1378 582 expresse
1400 511 1475 567 irrita

213 589 360 646 declaratur
374 591 541 646 successoris
555 589 710 661 hujusmodi
725 591 876 646 institutio:
894 591 936 646 Ne
950 593 1039 647 liceat
1053 595 1188 663 episeopo
1201 595 1287 649 alium
1297 612 1353 667 pro
1365 610 1397 650 se
1409 611 1474 652 suc·

214 691 354 731 cessorem
370 679 554 745 constituere,
571 678 683 731 etiamsi
695 679 731 731 sit
745 679 776 730 in
790 677 848 747 fine
863 679 948 732 citae.
964 705 967 708 ⁴
988 676 1021 732 Si
1040 677 1109 749 quiet
1122 683 1218 733 autem
1231 680 1286 749 fiat
1299 681 1471 752 hujusmodi,

215 763 293 816 irrita
312 764 352 816 sit
373 764 547 817 constitutio.
579 759 675 832 (Voclli
697 768 724 815 et
739 759 846 816 Justelli
868 758 993 818 biblioth.
1005 761 1060 832 jur.
1077 778 1135 816 can.
1153 769 1206 817 vet.
1223 761 1242 825 Ι,
1260 762 1344 836 517.)
1380 764 1473 838 ltaque

215 853 262 900 un
276 846 304 901 iu
320 845 444 901 orientali
460 862 539 919 quam
555 846 583 900 in
605 844 762 901 occidentali
779 845 891 902 ecclesia
906 847 984 902 stetit
1003 848 1123 910 vetitum,
1140 862 1174 902 nc
1190 848 1333 922 episcopus
1349 850 1407 922 ipsc
1422 849 1472 905 sibi

216 946 394 986 successorem
414 930 530 1005 eligeret
551 928 597 1001 (cl.
620 929 784 986 schelstrate
805 947 873 986 sacr.
896 931 1021 987 Antioch.
1042 947 1119 987 conc.
1141 929 1248 988 dissert.
1266 932 1307 995 lV,
1335 950 1393 1007 cap.
1410 933 1470 1004 20).

218 1014 286 1082 Quod
301 1017 343 1070 vix
359 1015 443 1072 semel
459 1014 494 1071 ob
509 1016 679 1089 gravissimas
700 1030 793 1070 causas
814 1032 837 1070 s.
854 1015 990 1071 bonifacio
1011 1016 1214 1090 archiepiscopo
1230 1016 1390 1092 lloguntiuo
1408 1036 1472 1075 con·

219 1117 313 1155 rusum
329 1109 380 1156 est.
412 1099 464 1168 Qui
485 1099 600 1175 eligendi
616 1101 781 1155 successoris
797 1100 950 1157 facultatem
967 1117 1050 1174 quum
1065 1119 1080 1156 a
1096 1100 1227 1175 Gregorio
1243 1102 1275 1157 lll
1290 1104 1470 1176 impetrasset,

222 1202 396 1241 asueecssore
410 1185 534 1241 Zacharia
549 1202 616 1259 papa
636 1183 789 1240 confirmari
809 1187 887 1258 petiit
908 1183 997 1258 (epist.
1013 1186 1028 1240 1
1047 1185 1080 1241 ad
1094 1185 1171 1242 Zach.
1189 1185 1276 1259 pap.):
1314 1189 1471 1246 licentiam

223 1279 308 1341 petere
322 1286 440 1327 necesse
454 1271 554 1340 babeo,
571 1271 666 1344 inquit,
682 1287 715 1326 eo
731 1271 807 1342 quod
818 1272 1002 1327 venerandae
1014 1275 1168 1328 memoriae
1177 1288 1355 1343 praecessor
1367 1282 1469 1345 aester,

227 1359 286 1411 sieut
299 1357 427 1417 audistis,
444 1358 473 1411 in
484 1358 656 1427 praesentia
672 1362 769 1411 cestra
784 1355 1018 1428 mihipraecepit‚
1036 1363 1067 1412 ut
1076 1358 1278 1429 presbyterum
1287 1365 1354 1429 post
1366 1360 1470 1415 obitum

228 1455 301 1496 meum
316 1441 375 1498 lico
391 1443 501 1498 coleme
516 1444 544 1496 in
560 1442 756 1496 ecclesiastica
772 1443 928 1496 ministerio
942 1441 1096 1498 haeredem
1111 1448 1139 1497 et
1152 1457 1348 1498 successorem
1364 1448 1469 1501 corasti-

231 1534 294 1582 tuerc
307 1527 445 1595 deberem,
456 1568 463 1582 .
476 1567 504 1582 ..
520 1533 548 1581 et
563 1526 689 1595 obsecro,
707 1531 738 1581 ut
753 1529 936 1582 auctoritatis
951 1532 1065 1582 vestroe
1078 1529 1195 1582 licentio
1211 1531 1255 1589 sit,
1277 1534 1308 1583 ut
1323 1545 1388 1584 cum
1402 1546 1469 1586 con·

231 1612 279 1667 silio
297 1627 442 1668 seruorum
457 1612 512 1667 Dei
525 1613 560 1666 de
574 1614 630 1667 ista
646 1613 783 1666 electione
795 1610 916 1682 faciam,
941 1613 1018 1685 qreoti
1036 1613 1117 1668 nobis
1131 1615 1161 1667 in
1176 1628 1323 1669 commune
1335 1632 1392 1686 pro
1407 1615 1469 1672 Deo

233 1704 254 1752 et
263 1713 309 1768 pro
322 1699 462 1753 ecciesiae
478 1698 598 1752 utilitate
614 1697 657 1751 uel
669 1695 773 1767 fructu
789 1698 936 1767 spirituali
949 1704 977 1752 et
991 1697 1161 1769 defensione
1176 1699 1469 1771 relipioniscptimum

235 1797 282 1837 esse
294 1783 426 1838 uideatur.
459 1780 557 1836 Verum
579 1779 642 1853 quid
659 1788 723 1835 tuuc
738 1779 873 1835 Zacharias
889 1798 918 1836 re
933 1783 1063 1837 attentius
1078 1797 1195 1855 expensa
1212 1784 1383 1839 sanctissimo
1399 1786 1466 1848 viro,

234 1875 290 1922 certe
303 1865 451 1922 Germaniae
466 1864 601 1940 apostolo,
617 1864 776 1938 respoudit?
812 1866 855 1921 De
871 1881 904 1922 co
919 1874 1023 1936 autem,
1041 1867 1085 1928 ait,
1107 1870 1184 1939 quael
1203 1869 1253 1923 tibi
1271 1884 1468 1926 successorem

237 1957 383 2008 constituere
411 1953 517 2021 dixisti,
541 1958 571 2006 ut
587 1958 614 2006 te
627 1951 752 2023 jubente
777 1953 807 2006 in
828 1959 876 2007 tua
896 1954 960 2007 laec
981 1954 1105 2027 elipatur
1125 1956 1287 2023 episcopus,
1310 1954 1366 2010 boe
1386 1958 1468 2011 nulla

237 2040 325 2093 ratione
337 2038 456 2094 concedi
466 2039 603 2109 patimur,
626 2039 694 2107 prtia
714 2043 815 2091 contra
838 2053 946 2092 omnem
966 2039 1193 2093 ecclesiasticum
1213 2038 1344 2111 repulam
1365 2042 1409 2096 cel
1424 2044 1467 2095 in·

237 2125 314 2176 situla
324 2130 439 2194 patrum
453 2137 516 2178 esse
536 2127 721 2176 monstratur.
752 2119 791 2175 Ne
806 2127 895 2176 tamen
915 2120 1130 2194 praedecessoris
1152 2123 1194 2177 sui
1214 2124 1315 2196 gratiae
1336 2132 1363 2179 et
1384 2127 1467 2180 menti
1534 2117 1535 2120 '

237 2205 344 2263 adrenari
358 2207 501 2268 videretur,
523 2205 632 2279 speciali
654 2204 761 2261 indulto
776 2204 892 2260 addidit:
918 2221 953 2262 eu
968 2207 1051 2276 bara,
1073 2225 1131 2280 qua
1148 2209 1224 2263 tede
1237 2213 1389 2280 praesenti
1402 2226 1465 2266 sae-

237 2293 287 2347 culo
299 2297 477 2366 mipraturum
497 2293 672 2364 coprroueris,
692 2290 897 2361 praesentibus
918 2296 1030 2348 crunctis
1052 2292 1102 2348 tibi
1120 2308 1316 2348 successorem
1337 2296 1465 2368 desipna,

238 2377 317 2432 utine
330 2381 421 2434 ueniat
435 2377 622 2433 ordinandus.
655 2376 720 2432 Hoc
736 2378 808 2432 nulii
829 2379 882 2432 alii
896 2379 1015 2433 concedi
1024 2381 1164 2449 patimur,
1188 2380 1265 2450 quod
1278 2378 1328 2434 tibi
1342 2383 1467 2436 caritate

237 2469 329 2533 copentc
341 2465 444 2536 larpiri
458 2463 629 2518 censuimus.
648 2490 685 2500 -
707 2459 744 2515 Ex
765 2463 882 2534 posteris
903 2460 1069 2535 temporibus
1092 2478 1170 2535 aluam
1192 2462 1321 2536 religiose
1335 2463 1405 2519 idern
1421 2464 1468 2520 ob·
1538 2511 1548 2526 ,

236 2549 399 2611 senatuum,
422 2554 576 2621 opportune
589 2562 620 2601 se
635 2546 723 2607 offert,
739 2545 812 2619 quod
829 2548 972 2602 memoriae
987 2546 1125 2620 proditum
1140 2555 1183 2602 cst
1197 2548 1225 2603 iu
1240 2549 1292 2602 vita
1313 2565 1336 2602 s.
1353 2546 1468 2606 Udalrici

237 2632 386 2705 lugmteusis
406 2632 545 2688 antistitis.
582 2628 669 2698 Quum
691 2629 856 2686 venerandus
877 2630 922 2686 illc
943 2630 1065 2704 pontifex
1082 2631 1137 2702 jam
1158 2633 1234 2688 senio
1257 2626 1345 2706 gravis
1367 2643 1393 2688 ct
1416 2635 1468 2689 uir·

236 2724 304 2772 tutum
326 2718 389 2773 larua
415 2718 577 2790 conspicuus
598 2732 677 2771 caeco
698 2732 762 2789 erga
784 2714 979 2771 adalberonem
1000 2717 1103 2772 sororis
1125 2733 1190 2773 suae
1217 2715 1300 2772 lilium
1322 2718 1413 2774 studio
1435 2718 1467 2774 ab

234 2800 313 2856 titione
325 2804 491 2877 imperatore,
508 2810 537 2857 ut
552 2800 604 2857 sibi
618 2800 784 2862 succederet.
806 2809 954 2864 exorasset,
977 2803 1107 2857 contiuuo
1130 2802 1183 2857 hoc
1197 2801 1289 2858 audito
1312 2803 1467 2860 Germaniae

233 2887 328 2960 episcopi
341 2896 368 2943 et
382 2886 506 2944 eumdem
523 2883 717 2941 ddalberouem
738 2893 846 2959 accepta
862 2887 1033 2959 episcopatus
1049 2889 1240 2960 procuratione
1250 2891 1316 2959 jam
1332 2890 1466 2944 baculum

229 2975 382 3040 pastoralem
396 2974 516 3046 publice
532 2977 669 3043 portare,
696 2972 886 3026 convenientes
908 2971 977 3043 apud
998 2971 1182 3044 lagelenheim
1202 2971 1235 3026 de
1256 2988 1289 3027 eo
1310 2973 1399 3027 statim
1421 2973 1467 3028 dc·

229 3054 324 3122 jicienda
343 3057 525 3113 deliberarunt
556 3056 691 3117 dicentes,
720 3062 751 3111 ut
773 3064 876 3112 contra
899 3060 1059 3112 canonicae
1081 3057 1263 3111 rectitudinis
1284 3054 1415 3129 reputem
1436 3060 1466 3112 in

232 3141 350 3197 tamesim
363 3145 466 3213 lapsus
478 3143 593 3215 fuisset,
613 3147 641 3196 et
656 3142 734 3213 qiuari
743 3144 922 3212 pontificalis
936 3142 1072 3197 donarem
1087 3142 1268 3196 sublimitatis
1283 3143 1392 3196 uiuente
1408 3144 1466 3213 cpi-

232 3240 301 3296 scopa
318 3229 368 3283 sibi
385 3229 453 3298 plus
468 3230 551 3298 justa
570 3227 737 3293 uindicaret,
761 3233 788 3282 et
807 3228 870 3283 ideo
892 3228 970 3282 ultra
992 3242 1055 3281 eum
1077 3229 1242 3297 episcopum
1263 3227 1396 3282 ordinari
1409 3244 1467 3282 nan

231 3311 331 3367 deceret.
361 3311 413 3367 Sed
430 3311 521 3366 multis
536 3312 608 3366 iuter
622 3327 652 3366 se
668 3309 763 3365 habitis
785 3311 926 3383 colloquds
944 3312 1132 3385 sapientissimi
1148 3326 1241 3365 corum
1256 3311 1341 3365 satius
1356 3311 1466 3373 (irruere,

231 3397 301 3466 ipsum
313 3397 454 3453 admonere
466 3395 625 3456 Udalricum
641 3412 675 3450 ue
690 3396 769 3450 vitam
785 3395 819 3450 ad
835 3396 906 3451 huuc
921 3395 990 3450 diem
1006 3395 1130 3451 omuibus
1146 3383 1304 3451 celebratam
1319 3397 1369 3451 hac
1384 3397 1465 3451 maui-

232 3479 285 3535 lcsta
297 3499 421 3538 canonum
445 3480 590 3537 violatione
606 3479 733 3535 iuluscari
748 3482 863 3536 sineret:
879 3484 930 3553 qui
943 3497 1064 3553 semper,
1081 3481 1216 3555 inquiunt,
1233 3483 1335 3536 callem
1347 3485 1464 3537 rectitu-

230 3567 288 3622 dinis
305 3569 453 3624 ambulasti
471 3584 528 3624 ncn
549 3567 696 3630 demando,
720 3584 777 3622 nort
798 3568 887 3635 decet,
911 3572 941 3622 ut
956 3584 1034 3622 nranc
1048 3570 1131 3622 istum
1147 3570 1228 3636 oium,
1251 3584 1337 3639 picam
1352 3583 1466 3639 semper

230 3656 329 3720 tmuisti,
344 3657 482 3720 omittens,
507 3655 690 3722 seminarium
706 3668 745 3707 ea
760 3660 787 3706 tc
801 3658 894 3706 cremat
910 3654 977 3708 talis
992 3668 1085 3720 error,
1111 3659 1141 3707 ot
1163 3654 1238 3707 alius
1253 3655 1281 3706 in
1296 3654 1359 3707 laco
1375 3658 1422 3707 tuo
1439 3660 1466 3707 tc

231 3739 317 3793 urente
330 3740 494 3800 orclinctur:
516 3740 583 3809 quia
604 3740 630 3791 si
649 3752 689 3792 ea
705 3744 731 3791 tc
747 3740 813 3791 tratis
828 3738 1002 3792 consuetudo
1018 3740 1118 3808 incipit
1132 3739 1309 3809 perpetrari,
1326 3740 1354 3791 in
1368 3744 1464 3807 poste-

231 3837 278 3875 rum
290 3826 377 3879 miritis
391 3823 561 3879 reverendis
576 3829 603 3877 ct
618 3823 698 3877 bonis
713 3825 857 3893 episcopis
872 3821 908 3876 ab
929 3838 1026 3877 comam
1048 3823 1199 3893 nepotibus
1220 3827 1247 3876 et
1263 3824 1378 3876 clericis
1393 3824 1464 3877 talia

228 3905 433 3964 desiderantibus
452 3904 541 3962 mrtlta
563 3913 756 3962 concrescunt
777 3908 911 3962 aduersa.
949 3906 1012 3960 laur
1033 3905 1133 3961 salubri
1155 3905 1267 3961 consilio
1290 3905 1365 3961 iacilc
1388 3904 1465 3961 obse-

228 3999 290 4045 cutus
303 4003 342 4048 cst
356 3992 502 4051 Udalrieus.
524 3993 615 4065 porgit
630 4000 724 4046 auctor
739 3993 844 4053 citatus,
861 3990 908 4044 scd
925 3990 996 4046 brevi
1013 3989 1093 4061 hujus
1110 4007 1194 4046 noxae
1210 4008 1323 4063 poenam
1340 3990 1464 4053 exsolvit,

228 4074 297 4131 <urbita
311 4087 394 4134 nrrrrte
410 4086 506 4150 erepto
522 4075 699 4132 ddalbcrone.
732 4076 805 4131 Unde
821 4084 942 4131 moestus
958 4093 1050 4138 serres,
1065 4077 1129 4146 beu,
1146 4078 1210 4145 heu,
1227 4074 1323 4146 ajebat,
1341 4077 1416 4149 quasi
1432 4076 1465 4130 de

227 4164 286 4231 pavi
303 4180 394 4218 soruuo
421 4160 635 4235 expergefactus,
658 4164 734 4235 quod
747 4166 826 4218 illum
841 4168 971 4232 nepotem
985 4178 1077 4217 meum
1092 4163 1300 4218 adalberonem
1316 4179 1464 4234 nranpuam

228 4248 277 4315 eidi,
291 4252 353 4321 quia
365 4266 422 4319 pro
444 4264 485 4315 eo,
508 4248 586 4319 quod
604 4250 632 4302 ci
650 4250 806 4303 secundum
826 4263 909 4302 sctum
930 4248 1100 4303 desiderium
1122 4248 1343 4306 consentiebam.
1366 4248 1465 4302 nolurti

226 4346 260 4384 ne
272 4336 296 4386 ia
310 4350 388 4389 snum
403 4336 537 4403 recipere
553 4335 744 4388 consortium!
771 4332 856 4386 Porro
877 4333 898 4386 is
914 4331 1047 4387 ddalbcro
1067 4331 1166 4387 ibidem
1188 4330 1357 4405 praedicatur
1373 4331 1464 4385 rrrrrltis

225 4423 247 4469 et
259 4419 364 4492 egregiis
386 4425 498 4473 ornatus
519 4415 627 4471 dotibus
649 4416 741 4479 luisse,
769 4417 808 4471 uti
829 4424 855 4471 et
871 4416 1003 4479 irenaeus,
1026 4433 1105 4490 quern
1122 4416 1231 4490 ilispani
1252 4415 1286 4471 ob
1307 4417 1401 4471 rrrerita
1416 4432 1464 4468 sua

225 4502 433 4558 commendabant.
466 4499 569 4568 Qtrauta
585 4501 668 4575 igitur
683 4503 700 4556 ii
716 4500 874 4575 impendunt
890 4501 967 4564 mala,
984 4504 1030 4574 qui
1045 4501 1106 4557 solo
1122 4503 1209 4558 caruis
1227 4499 1323 4556 all'cctu
1338 4517 1392 4555 nou
1409 4516 1464 4554 rrro-

224 4600 271 4640 rum
285 4588 419 4643 honestate
431 4595 475 4642 aut
488 4588 616 4641 virtutum
628 4588 818 4660 experimentis
830 4586 932 4641 inducti
943 4585 1072 4642 beneficia
1087 4586 1267 4642 ecclesiastica
1279 4593 1306 4639 et
1319 4586 1463 4639 animarum

223 4686 297 4726 curam
312 4682 338 4727 ut
355 4671 546 4728 haereditatem
568 4673 703 4746 propriam
725 4671 881 4745 dispensant
901 4688 931 4725 ac
946 4688 1025 4745 saepo
1041 4671 1157 4745 indignis
1173 4671 1355 4745 prostituunt!
1387 4659 1464 4736 Quod

222 4755 299 4811 riuum
314 4776 345 4813 ue
361 4760 387 4812 iu
409 4758 548 4813 ecclesiam
569 4765 701 4830 serperet,
724 4757 829 4812 llilarus
851 4773 900 4829 pro
918 4757 984 4811 virili
1000 4758 1081 4817 cavit:
1104 4766 1131 4811 et
1152 4755 1231 4812 fidem
1252 4756 1331 4810 faciet
1347 4771 1463 4827 sequens

220 4839 349 4905 decretum,
366 4859 414 4916 per
430 4859 490 4898 eum
507 4843 694 4904 constetisse,
711 4843 776 4916 quin
792 4840 918 4897 radicitus
935 4841 1105 4897 evelleretur.
