3450 5678
570 335 766 384 ammonas
790 325 839 383 90.
865 325 916 383 07.
1313 318 1377 385 893

104 488 267 574 opinionis
290 487 445 571 ordinem,
469 490 530 553 etsi
552 488 642 552 vobis
664 488 801 553 necdum
823 487 1038 553 referentibus
1059 487 1259 571 suspicamur
1275 487 1376 552 incer·
1389 508 1483 558 aulo.

106 594 191 675 tum,
219 612 278 676 pro
300 591 401 675 ipsius
422 591 467 655 rei
496 594 604 654 tamen
632 590 857 676 magnitudine
885 589 1075 655 credidimus
1102 611 1168 653 non
1194 589 1376 655 tacendum.

103 692 218 778 Itaque
241 694 400 777 perlatum
429 695 492 776 est,
521 693 655 757 fratrem
683 696 716 757 et
738 693 960 776 coepiscopum
981 694 1128 756 nostrum
1148 690 1365 779 Johannem³)

105 795 180 859 dum
203 796 243 859 ad
258 795 520 859 Thessalonicam
541 817 601 880 pro
623 794 833 879 suscipiendis
855 798 983 857 tantum
1004 792 1122 857 libellis
1144 794 1198 878 qui
1212 795 1377 879 promitte-

105 896 224 961 bantur
251 898 431 979 accederet,
467 897 513 960 ita
540 897 643 981 plebis
670 896 885 960 irrationabili
912 895 1069 960 seditione
1103 917 1308 980 concussum,
1341 900 1379 960 ut

104 998 264 1064 exstincto
279 1000 417 1083 primum
435 1021 481 1082 eo,
498 1000 587 1085 qun)
603 999 777 1082 hospitium
792 998 935 1062 venienti
950 998 1151 1081 praebuerat,
1169 999 1239 1082 ipse
1253 1020 1377 1083 quoque

103 1122 171 1165 non
199 1101 344 1165 dissimili
374 1102 470 1165 caede
497 1092 657 1165 mactatus
688 1102 721 1164 et
752 1101 804 1162 vix
838 1100 1035 1164 sacrosancti
1066 1099 1166 1163 fontis
1197 1086 1378 1164 reverentia

103 1203 285 1268 vindicatus
309 1205 462 1268 evaserit:
486 1203 576 1286 cujus
598 1202 765 1267 seditionis
786 1201 915 1266 initium
944 1201 1004 1266 sub
1031 1202 1294 1286 interrogationis
1324 1202 1376 1265 do·

103 1304 190 1369 10000
221 1309 401 1371 commento
430 1306 471 1369 ab
495 1303 638 1369 Aristide
664 1304 852 1388 presbytero
880 1306 1030 1367 narratur
1057 1307 1211 1367 exortum.
1256 1302 1377 1367 Verum

103 1428 173 1491 nos,
196 1407 223 1471 si
245 1407 325 1473 haec
347 1408 521 1472 manifesta
543 1409 628 1487 sunt,
653 1406 731 1469 adeo
754 1406 792 1469 de
820 1404 913 1489 plebe
941 1428 1008 1469 non
1036 1406 1207 1489 querimur.
1245 1404 1319 1469 Erit
1339 1405 1375 1469 in

102 1512 263 1593 potestate
293 1510 469 1574 venerandi
496 1508 668 1593 principis,
700 1508 854 1592 temporis
881 1510 931 1571 sui
960 1511 992 1571 et
1021 1507 1170 1572 catholici
1203 1506 1376 1571 sacerdotis

102 1612 342 1697 injuriamque
361 1611 477 1699 jubeat
497 1632 641 1675 resecare
665 1630 809 1674 censura.

188 1714 218 1780 2.
254 1714 316 1779 Sed
342 1713 391 1797 id,
425 1713 509 1797 quod
537 1714 577 1776 acl
605 1735 664 1777 nos
691 1712 825 1794 attinet,
862 1732 937 1775 cura
965 1710 1114 1796 pervigili
1146 1732 1204 1796 per
1230 1734 1285 1775 vos
1307 1710 1376 1775 Deo

102 1816 242 1901 propitio
265 1815 480 1880 desideramus
502 1815 643 1899 impleri,
673 1815 747 1899 quia
769 1814 894 1878 nullum
916 1815 1061 1878 volumus
1084 1816 1139 1876 aut
1160 1834 1226 1877 non
1252 1812 1377 1877 reddita

104 1918 230 1982 ratione
254 1917 396 1982 converti
418 1919 475 1980 aut
496 1917 542 1980 010
564 1921 685 1981 rectum
706 1916 793 1980 viam
814 1916 888 1979 fidei
910 1916 1069 1999 profiteri,
1097 1919 1134 1979 ut
1155 1915 1216 1979 sibi
1242 1938 1261 1979 a
1289 1915 1376 1999 priu-

105 2020 176 2103 cipe
199 2020 319 2104 aliquid
341 2021 411 2083 sine
433 2019 599 2083 doctrinae
622 2019 760 2083 remedio
769 2020 793 2102 Ι1)
824 2023 971 2083 causetur
997 2017 1130 2103 imponi.
1175 2016 1247 2081 Hoc
1275 2016 1376 2101 igitur

104 2122 312 2207 suggestione
335 2125 460 2185 vestrae
483 2120 726 2205 supplicationis
748 2121 910 2205 peragite,
933 2124 970 2184 ut
992 2118 1288 2183 Thessalonicensis
1310 2119 1375 2202 epi-

103 2245 236 2307 scopus,
265 2224 319 2309 qui
346 2224 404 2287 sub
431 2223 695 2307 interrogationis
723 2224 858 2288 obtentu
887 2221 1137 2287 ecclesiasticam
1164 2242 1277 2305 pacem
1304 2242 1375 2304 pro-

102 2328 209 2389 tracto
230 2325 266 2389 in
288 2327 421 2411 longum
442 2324 559 2388 nititur
574 2326 729 2410 dissipare
745 2325 886 2411 negotio,
910 2325 1060 2408 quoniam
1076 2347 1095 2387 0
1109 2324 1200 2388 vobis
1215 2324 1375 2407 suscipere

102 2426 222 2511 noluit,
252 2451 270 2491 a
297 2427 442 2511 principe
470 2427 510 2490 ad
532 2426 653 2491 Urbem
675 2428 825 2511 directus,
849 2427 891 2490 ab
914 2427 1089 2509 apostolica
1117 2426 1274 2509 percipiat
1301 2425 1374 2489 sede

103 2529 300 2611 doctrinam,
330 2532 363 2593 et
384 2527 536 2613 quidquid
560 2529 621 2593 sibi
644 2530 774 2593 dubium
795 2532 902 2614 putet,
933 2528 995 2592 huc
1017 2528 1149 2592 veniens
1171 2528 1333 2612 praesenti
1355 2550 1375 2591 a

102 2632 196 2696 nobis
219 2631 425 2717 inquisitione
449 2631 628 2713 condiscat3
657 2632 703 2695 sic
730 2632 816 2695 enim
842 2631 977 2715 probare
1005 2632 1112 2713 potest
1139 2652 1172 2693 se
1200 2629 1374 2694 catholicae

103 2734 310 2817 professionis
333 2754 459 2797 servare
482 2733 654 2816 cautelam,
679 2756 744 2797 non
765 2734 924 2798 1101111000
948 2736 1103 2816 concepta
1124 2732 1286 2796 vindicare
1309 2753 1374 2796 cer-

101 2836 235 2900 tamina.
286 2834 375 2901 Sciat
402 2857 460 2899 nos
482 2839 611 2918 paratos
635 2858 719 2919 esse,
747 2837 780 2899 01
807 2835 889 2899 bene
915 2834 1114 2919 inquirentes
1150 2834 1308 2899 instrucre
1342 2837 1375 2898 01

103 2941 249 3002 errantes
272 2938 311 3001 ad
338 2938 411 3002 fidei
440 2942 562 3002 rectum
591 2938 753 3001 tramitem
781 2937 916 3001 scientia
943 2936 1022 3001 duce
1049 2958 1216 3001 revocare:
1244 2936 1319 3022 qnia
1346 2937 1374 3000 si

102 3038 254 3104 dubitans
276 3044 423 3124 paratam
445 3062 510 3103 non
534 3040 602 3103 vult
624 3039 760 3123 experiri
783 3039 962 3103 doctrinam
983 3061 1044 3104 nec
1066 3060 1175 3103 rursus
1196 3039 1232 3103 in
1253 3038 1373 3123 simpli-

103 3141 201 3206 citate
225 3142 327 3206 cordis
355 3164 435 3227 quae
458 3142 546 3226 pacis
569 3146 602 3206 et
628 3141 793 3226 religionis
822 3163 917 3204 causa
941 3142 1097 3225 jubentur
1123 3141 1309 3224 admittere,
1338 3140 1373 3205 in

102 3248 214 3327 aperto
237 3248 296 3327 est,
320 3267 383 3329 qua
404 3246 511 3308 mente
533 3245 583 3307 vel
606 3244 666 3307 Dei
688 3243 791 3307 nostri
818 3244 999 3327 praeceptis
1027 3244 1162 3308 obsistat
1190 3244 1240 3307 vel
1267 3243 1373 3308 011110

102 3345 176 3409 doni
198 3346 354 3429 principis
377 3346 522 3430 exempla
546 3349 740 3410 contemnat,
784 3346 824 3409 ln
845 3346 907 3410 hac
930 3366 1007 3431 ergo
1029 3348 1121 3430 parte
1142 3348 1229 3409 totus
1257 3368 1372 3431 sugge-

102 3448 216 3512 stionis
244 3451 369 3512 vestrae
398 3451 488 3511 actus
516 3448 700 3530 immineat,
729 3448 804 3531 quia
832 3470 893 3512 nec
920 3447 967 3511 illi
995 3448 1059 3512 aha
1086 3450 1222 3532 possunt
1247 3448 1372 3513 ratione

102 3549 236 3633 salvari,
275 3554 307 3614 et
339 3550 494 3614 incitatae
527 3551 629 3634 plebis
660 3550 752 3633 subl)
785 3549 846 3615 hoc
879 3550 992 3615 melius
1029 3550 1244 3615 moderamine
1278 3572 1373 3615 causa

101 3652 241 3716 sedatur.
299 3654 378 3717 llum
411 3674 472 3737 quo
503 3653 600 3716 ctiam
637 3653 813 3717 Aristidem
849 3654 1071 3737 presbyterum
1107 3652 1372 3717 clementissimus

100 3754 251 3837 princeps
274 3754 314 3817 ad
336 3776 396 3818 nos
413 3755 520 3818 venire
535 3755 723 3839 praecipiat,
747 3756 832 3839 quia,
857 3756 938 3819 sicut
953 3756 1092 3839 praefati
1107 3778 1226 3837 sumus,
1250 3778 1370 3839 omnes,

100 3877 234 3940 quorum
255 3879 319 3940 pax
342 3856 559 3921 ecclesiastica
582 3857 793 3941 ambiguitate
811 3857 974 3940 dividitur,
997 3858 1091 3921 sinml
1115 3859 1154 3922 ad
1178 3859 1371 3923 communio

99 4141 289 4191 successerant,
320 4129 366 4184 hic
393 4128 596 4185 restituendum
625 4147 685 4185 esse
711 4130 883 4200 suspicamur
909 4135 941 4184 cle
967 4136 1091 4184 uniuersis
1117 4152 1181 4201 qnae
1207 4136 1288 4186 101100
1314 4151 1371 4185 sur·

99 4225 240 4268 cesserant.

168 4301 188 4369 ³)
206 4300 299 4353 Unum
316 4300 420 4355 scilicet
438 4318 471 4355 ex
489 4300 599 4369 legatis,
618 4318 700 4369 quem
718 4304 869 4371 propterca
886 4300 914 4354 in
933 4301 1053 4371 epistola
1067 4308 1114 4357 loo
1132 4303 1161 4355 ot
1178 4300 1239 4355 aliis
1256 4300 1370 4355 minime

100 4402 163 4438 eum
182 4384 281 4439 ceteris
298 4385 400 4455 legatis
416 4386 590 4455 appellatum
607 4387 794 4441 observamus.

168 4473 189 4539 ⁴)
207 4470 278 4525 Huic
296 4471 380 4526 etiam
392 4472 409 4524 J
411 4472 514 4526 ohanni
525 4488 626 4525 101101
639 4474 712 4536 erat,
731 4472 771 4525 uti
783 4472 875 4542 prima
887 4472 1022 4541 epistolae
1037 4478 1084 4526 los
1097 4472 1184 4526 verba
1195 4487 1246 4525 nos
1258 4436 1367 4525 docent.

169 4560 189 4624 ὖ)
207 4560 237 4610 Si
259 4564 334 4618 enim,
356 4555 448 4626 inquit
465 4556 633 4625 Augustinus
656 4557 737 4627 epist.
756 4565 788 4613 93
810 4563 886 4624 10,
908 4569 1069 4611 terrerentur
1091 4569 1116 4610 er
1140 4576 1188 4611 aaa
1207 4562 1369 4625 (lacerentur,

98 4646 214 4709 improba
233 4651 308 4711 quart
323 4648 459 4697 (lvminaria
477 4648 615 4701 erueretur,
650 4644 726 4697 llaec
744 4646 839 4697 nutem
856 4642 884 4695 in
901 4641 999 4712 primis
1019 4644 1136 4712 propter
1153 4660 1188 4695 ou
1205 4642 1370 4707 dictasunt,

100 4744 172 4795 (luae
189 4726 348 4783 Dorotheus
367 4726 620 4782 Thessalonicensis
638 4728 754 4782 antistes
772 4727 960 4800 praetexuisse
979 4746 1043 4783 mox
1061 4726 1191 4781 irnmit-ur.

167 4812 225 4881 Β)11
245 4816 663 4869 8011001011ιο1101101111010.
692 4813 876 4869 1101110111111
895 4821 1076 4871 rnoderunrr‘ac:
1094 4830 1165 4881 quare
1184 4814 1296 4883 quidem
1314 4830 1368 4869 vox

99 4910 319 4967 temperamentum
337 4900 431 4966 sonat,
449 4914 504 4968 quo
524 4918 567 4954 res
585 4897 714 4968 eorrrponi
731 4902 843 4969 (prierint.
