3412 5664
1457 66 1464 92 t

503 116 696 164 surerenas
722 106 909 163 lta-145.
1280 101 1341 166 983
1412 151 1415 156 .

75 273 110 335 ut
131 270 305 352 laetitiam,
334 270 489 354 quamde
512 270 663 333 damnato
686 269 1108 352 praeteritaedissensionis
1137 292 1242 333 errore
1272 294 1341 354 per-
1355 286 1384 338 (a
1402 288 1471 345 5111

74 372 225 457 cipimus,
254 373 288 436 iu
311 372 400 436 nullo
422 372 537 435 iterum
560 372 809 456 discrepantium
833 372 1011 435 animorum
1038 393 1133 435 causa
1161 372 1341 438 contristet.

71 475 204 538 Etenim
226 474 306 538 nulli
330 474 453 537 videtur
476 475 565 548 vost)
588 474 753 537 nobiscum
777 473 872 556 pleno
895 474 1130 538 communicare
1155 476 1273 538 ruentis
1296 477 1342 539 af·

73 579 171 658 fectu,
196 576 221 639 si
239 592 298 640 'eos
316 577 370 660 qui
386 577 552 639 nobiseum
568 576 805 639 communicant
820 600 839 639 a
855 579 961 639 vestro
977 575 1136 639 consortio
1151 577 1340 661 segregatis.

73 678 239 742 Incassum
268 681 353 742 certe
381 677 529 740 videntur
555 700 666 761 pacem
694 679 850 761 recipcre,
880 678 933 762 qui
956 679 1046 761 pacis
1074 677 1227 742 differunt
1253 702 1342 762 prae-

74 783 169 864 cepta
191 780 358 864 complere.
400 778 559 863 Quidquid
582 781 667 842 enim
690 780 722 842 in
747 779 873 842 illorum
895 779 1098 863 suscipienda
1121 781 1342 845 communione

73 880 254 965 moramini,
277 881 508 965 quodammodo
530 882 567 944 de
590 885 699 944 nost-ra
719 881 979 945 reconciliatione
995 879 1175 945 detrahitis.
1213 882 1258 945 Et
1271 905 1342 966 pro-

74 983 245 1049 videndum
268 987 327 1067 est,
350 984 451 1047 frater
474 983 647 1066 carissime,
671 984 762 1046 nesi
785 984 991 1048 ecelesiarum
1013 986 1196 1046 nostrarum
1211 986 1340 1047 tarrdenr

73 1086 208 1170 desuper
229 1085 353 1149 indulta
376 1085 545 1148 concordia
567 1086 608 1148 ab
630 1085 679 1148 his
702 1085 864 1149 exordium
888 1089 994 1149 sumat
1017 1084 1186 1168 exemplis,
1217 1091 1250 1150 et
1272 1087 1341 1150 reli-

73 1187 178 1273 gionis
208 1187 388 1251 veneranda
416 1186 528 1271 regula
556 1191 588 1250 et
616 1187 809 1270 apostolicae
837 1187 918 1250 sedis
952 1187 1126 1250 auctoritas
1159 1188 1340 1271 irmuinuta,

74 1288 156 1374 quod
179 1288 273 1370 absit,
298 1311 354 1372 per
377 1288 541 1354 Orientem
564 1289 669 1372 potius
692 1311 787 1372 quarn
809 1289 958 1353 restituta
976 1288 1136 1372 uideatur.

565 1475 748 1577 Epistola
775 1477 854 1560 145.

277 1628 417 1695 tustini
441 1628 672 1711 imperaturis
693 1627 736 1693 ad
759 1629 985 1695 llorrnisdnm
1008 1648 1145 1714 puniam.
1356 1617 1438 1665 ³¹·⁵²¹
1455 1609 1480 1662 ‘¹-

1380 1686 1387 1730 1
1404 1677 1469 1744 Maj.

100 1770 202 1818 Paulam
221 1770 402 1819 Antiochenam
420 1785 437 1816 a
454 1770 535 1817 rnrdtr's
553 1776 695 1817 (caumatum
714 1772 780 1818 ultro
799 1771 831 1818 de
849 1771 999 1834 episcopatu
1016 1787 1045 1821 se
1062 1770 1195 1820 otilieusse
1215 1774 1320 1824 nuntiat

222 1901 406 1965 Justinus
429 1903 632 1985 Augustus
655 1900 890 1965 Hormisdae
912 1924 1045 1986 papae.

158 2018 202 2085 Ut
223 2020 305 2103 quod
328 2020 362 2083 in
381 2019 515 2103 I'aulo¹)
538 2020 605 2083 viro
627 2019 890 2084 reverendissimo
914 2021 1053 2105 contigit
1075 2021 1267 2105 apostolatui
1291 2046 1342 2087 ve·

73 2124 138 2186 stro
160 2121 303 2207 patefiat,
327 2122 381 2206 qui
403 2121 581 2185 sacerdotio
603 2122 766 2204 praeditus
784 2122 1006 2186 Antiochense
1030 2123 1180 2206 civitatis,
1204 2123 1251 2186 ita
1274 2147 1339 2188 ver·
1416 2158 1418 2163 .

72 2226 159 2287 satus
181 2245 250 2288 esse
271 2224 388 2288 dicitur
410 2224 444 2286 in
466 2223 575 2286 multis
599 2224 717 2307 causis,
746 2246 825 2308 quae
848 2223 1005 2309 religiosis
1029 2224 1152 2288 alienae
1175 2228 1251 2288 sunt
1277 2226 1341 2310 cpi·

72 2324 191 2409 scopis,
222 2328 257 2389 ut
279 2325 464 2390 elericorum
487 2346 615 2388 suorum
637 2325 834 2409 proditione,
863 2325 1080 2390 habitatorum
1109 2326 1207 2389 etiam
1235 2327 1340 2392 dictae

72 2426 221 2509 civitatis,
245 2426 378 2491 eliorum
394 2429 525 2510 insuper
539 2428 753 2511 frequentium
769 2429 942 2510 incusetur,
966 2450 1031 2491 non
1047 2430 1174 2490 tautum
1189 2427 1339 2514 legatis-¹)

72 2530 198 2593 vestrae
213 2528 440 2594 sanctitudinis
454 2529 489 2592 in
505 2527 566 2592 hae
581 2529 670 2613 regia
686 2530 798 2612 positis
809 2529 898 2610 urbe,
916 2531 952 2591 ut
963 2529 1048 2612 ipsos
1064 2550 1188 2613 quoque
1204 2530 1341 2594 retinere

71 2652 248 2714 censemus,
272 2652 381 2694 verum
403 2634 477 2714 post
499 2652 607 2694 eorum
629 2652 802 2694 recessum:
826 2630 878 2713 qui
900 2629 1003 2693 nralae
1027 2631 1242 2694 conscientiae
1265 2653 1340 2697 suae

71 2733 208 2819 rietus³)
231 2733 424 2814 testimonio,
448 2733 578 2795 territus
602 2732 741 2816 insuper,
765 2754 805 2795 ne
828 2733 1013 2815 quaestione
1034 2733 1145 2796 habita
1159 2733 1339 2816 graviorem

69 2836 208 2899 tonnam
229 2833 332 2898 exitus
354 2833 401 2898 rei
423 2838 578 2917 posceret,
602 2834 813 2898 recusatorios
836 2832 959 2897 libellos
975 2834 1102 2916 obtulit,
1127 2837 1163 2897 ut
1184 2833 1296 2898 liceret
1310 2836 1340 2899 ci

69 2936 217 3002 secedere
239 2959 258 3000 a
280 2939 437 3019 suscepte,
462 2936 543 2999 sicut
567 2936 687 3000 dictum
711 2939 768 3018 est,
794 2935 995 3018 episcopatus
1018 2935 1135 2999 officio.
1181 2934 1338 3010 Quoniam

68 3038 171 3125 igitur
193 3038 280 3102 cordi
302 3037 393 3101 nobis
423 3040 455 3101 et
484 3040 532 3100 est
560 3041 592 3101 et
620 3038 697 3120 fuit,
727 3042 762 3101 ut
784 3059 909 3119 semper
932 3037 1097 3100 civitatum
1120 3038 1282 3101 antistites
1305 3039 1338 3101 in

67 3162 177 3205 amore
199 3140 266 3204 sint
287 3141 429 3203 omnium
452 3141 621 3222 communi,
646 3162 779 3223 quorum
799 3140 956 3222 regendas
972 3139 1177 3224 creduntur4)
1201 3140 1337 3222 animas,

66 3242 189 3308 Paulus
211 3253 318 3306 auteur
339 3241 388 3304 vir
403 3241 684 3305 reveremlissimus
706 3241 788 3304 ultro
811 3263 844 3304 se
867 3263 940 3323 suo,
964 3244 1060 3323 prout
1082 3241 1337 3324 memoravimus,

65 3342 232 3410 abdicavit
253 3343 446 3425 sacerdotio,
472 3346 675 3426 praesentem
698 3342 864 3427 epistolarii
888 3342 1035 3405 ‹luximus
1057 3342 1275 3425 dirigendam,
1303 3348 1339 3407 ut

63 3445 158 3511 robis
181 3444 352 3529 aperiatur,
376 3447 409 3508 ct
431 3444 627 3508 orationibus
650 3446 788 3528 propriis
812 3444 947 3509 coeleste
970 3444 1061 3507 nobis
1076 3445 1270 3526 praeentiam
1293 3445 1337 3509 di-

60 3549 178 3636 gneris
206 3547 378 3632 acquirere.
428 3546 513 3611 Data
536 3546 684 3612 Calendis
707 3546 802 3628 Majis
826 3545 1122 3629 Oorrstantinopoli,
1151 3545 1338 3611 Justiniano
1377 3609 1385 3620 ,

59 3655 97 3717 et
120 3648 254 3714 Valerio
277 3649 352 3713 viris
374 3648 557 3712 clarissimis
581 3648 773 3712 consulibus.

60 3773 266 3784 ——n--o-›--——--
275 3773 315 3778 ...Ν
340 3772 372 3778 .-

132 3822 156 3888 ²)
175 3819 202 3873 δ’
222 3838 278 3878 uos.
302 3816 472 3886 1110111111)ὓῖΙ
497 3825 540 3887 qni
561 3821 683 3871 oobtscnrn
757 3823 939 3874 premeremini.-
962 3814 1061 3870 deinde
1086 3816 1128 3871 etl.
1152 3823 1237 3885 potius
1260 3823 1337 3872 dicul·

51 3918 126 3975 paru
143 3924 229 3975 quum.
1217 3896 1220 3901 ’

53 3998 112 4047 no
150 3991 173 4056 Ι)
189 3986 243 4053 Qui
260 3986 390 4041 nimirum
412 4003 492 4040 anno.
503 3995 551 4041 olo
570 4004 663 4041 meuse
680 3987 756 4054 thrjo
775 3988 819 4041 vel
837 3986 958 4051 circiter,
982 4004 1068 4053 quum
1086 3986 1337 4056 Consumtinopoti-

50 4080 148 4133 tanae
173 4072 307 4128 eeclesiae
328 4071 476 4141 presbyter
501 4073 585 4137 esset,
607 4072 708 4124 hutini
731 4070 909 4140 imperatoris
932 4069 1092 4124 testimonio
1116 4072 1144 4124 ct
1169 4070 1336 4126 auct-oritate

45 4156 249 4219 Anh'ocheuis
266 4157 423 4226 praefectus
440 4158 544 4220 tuerat,
564 4157 604 4210 uti
622 4156 701 4225 epist.
723 4163 797 4213 7511.
820 4165 830 4209 1
850 4159 879 4210 et
897 4162 928 4208 'tt
947 4174 973 4208 u.
993 4164 1008 4209 2
1028 4156 1151 4210 docetur.

128 4242 314 4312 ¹)Germano
337 4240 442 4295 scilicet
464 4241 618 4310 ceterisque
641 4240 765 4310 collegis,
789 4241 836 4307 qui
859 4259 932 4294 arum
955 4247 1004 4294 ouo
1027 4258 1041 4294 c
1062 4239 1141 4308 regia
1163 4241 1231 4294 urbe
1250 4240 1335 4294 disco-

43 4326 332 4398 contempseram
352 4333 399 4379 1111
417 4329 445 4380 et
469 4329 615 4395 sequentes
633 4327 658 4379 d.
679 4333 694 4380 11
712 4326 777 4378 Jutii
801 4327 979 4393 eurisignatas
997 4325 1157 4380 retulerunt.
1178 4356 1210 4364 —
1231 4326 1335 4380 ibidem

41 4418 98 4475 ed.
121 4421 300 4468 incusaretur.

125 4503 150 4568 ³)
174 4497 219 4551 itu
236 4496 281 4551 G¹.
317 4495 366 4549 Ed.
386 4518 447 4548 sicne
467 4502 606 4551 lealirrronio
625 4503 719 4549 ueritus
737 4503 840 4563 ire-super
911 4507 1080 4549 immaniores.

123 4588 150 4651 ⁴)
171 4582 195 4637 G
211 4583 239 4636 α’
258 4587 397 4635 creduntur·
416 4582 498 4647 rusori-c
517 4581 700 4650 supplendum
718 4584 870 4648 sreseepisse)
890 4585 919 4634 ot
936 4580 999 4634 add.
1020 4586 1066 4634 uir.
1105 4581 1121 4631 tr
1136 4598 1171 4634 ec
1188 4579 1336 4634 substitue·

37 4672 120 4731 runt
138 4676 305 4737 acceperunt
377 4673 502 4734 dignetur.
