3412 5664
581 284 751 381 semrom
778 324 826 381 18.
1279 322 1342 388 ‘209

56 483 188 570 tetecit,
214 490 346 552 sauctae
368 486 540 551 memoriae
561 485 696 551 fratrem
718 488 879 571 quondam
902 492 935 552 et
958 489 1180 572 coepiscopum
1194 495 1341 556 nvvstrum
1354 508 1446 556 aeae.

56 587 183 653 obiisse
205 588 420 672 Timotheum,
444 589 542 674 inque
565 590 634 672 ejus
656 589 758 667 vicem
782 611 921 653 consona
943 590 1085 654 fidelimn
1105 592 1272 657 volrmtate
1287 593 1343 657 do·

58 688 222 774 hannem,
247 693 298 756 cui
313 691 353 756 ad
369 690 584 757 sacerdotium
600 695 747 756 constare
764 692 968 756 crederentur
984 694 1102 776 omnia,
1121 694 1340 779 subrogatmn.

59 788 133 877 [ut
156 790 280 883 nihil]
304 794 437 859 omnino
458 797 580 859 restare
602 794 787 877 videbatur,
822 796 885 858 nisi
919 799 956 858 ut
985 793 1054 859 Deo
1081 801 1192 860 nostro
1219 799 1342 881 gratias

56 896 241 977 agentibus
263 896 356 960 nobis
375 899 471 980 atque
487 896 715 980 gaudentibus,
738 903 775 960 ut
798 896 868 960 sine
891 897 1039 981 strepitu,
1064 898 1148 981 quod
1167 899 1342 964 catholicus

57 994 94 1058 in
123 995 274 1062 defuncti
307 997 523 1062 ministerium
539 984 544 992 ²
558 999 765 1062 successisset
799 999 953 1081 antistes,
990 999 1185 1083 apostolicae
1218 1023 1343 1086 quoque

56 1097 296 1165 moderationis
314 1121 453 1165 assensu
475 1101 616 1165 votivam
635 1103 776 1164 sumeret
797 1101 999 1166 firmitatem:
1023 1124 1121 1185 quum
1141 1124 1214 1167 ecce
1231 1125 1342 1168 secun-

56 1198 141 1265 dum
176 1201 440 1268 oousuetudiuem
476 1190 561 1266 mihi
592 1202 671 1267 talia
699 1203 883 1287 disponenti
911 1204 1157 1288 tranquilissimi
1186 1206 1342 1289 principis
1391 1190 1400 1200 ’

57 1304 191 1388 scripta
213 1308 289 1370 sunt
313 1304 451 1388 reddita,
481 1305 595 1389 quibus
623 1310 835 1369 memoratum
862 1309 1027 1389 tamquam
1050 1306 1182 1389 perjurii
1205 1309 1339 1393 reum5),

60 1405 155 1486 quod
175 1406 374 1471 fraternitati
396 1428 522 1491 quoque
543 1411 618 1471 tuae
640 1429 707 1471 non
729 1429 798 1471 esse
821 1407 980 1472 diceretur
1002 1408 1214 1492 incognitmn,
1239 1431 1341 1472 sacer·

63 1502 160 1571 dotia
181 1508 362 1593 perhiberet
384 1509 566 1595 indignum.
610 1508 701 1573 lllico
724 1510 844 1573 retraxi
866 1509 990 1594 pedem,
1015 1515 1048 1574 et
1070 1533 1174 1574 meam
1196 1511 1340 1575 revocavi

69 1628 171 1691 super
191 1611 258 1695 ejus
280 1611 525 1676 confirmatione
547 1612 753 1695 sententiam,
778 1634 820 1676 ne
842 1612 918 1696 quid
942 1616 1054 1676 contra
1076 1616 1203 1677 tantrmr
1223 1636 1260 1677 ac
1276 1613 1341 1677 tale

77 1711 293 1777 testimonium
316 1734 529 1799 praepropere
551 1713 667 1777 fecisse
685 1713 857 1796 judicarer.

161 1815 190 1879 3.
221 1813 280 1880 Sed
308 1815 388 1880 illud
415 1837 466 1880 me
494 1837 560 1880 non
582 1814 785 1880 mediocriter
809 1816 887 1880 feeit
914 1819 1099 1900 attonitum,
1121 1819 1204 1903 quod
1228 1818 1340 1882 iisdem

84 1906 195 1980 litteris
218 1918 282 1982 suis
304 1917 447 2002 Petrum,
476 1919 530 2004 qui
558 1918 791 1983 haereticorum
819 1919 923 1983 socius
946 1920 1064 1983 dudum
1086 1920 1247 1985 exstitisse
1270 1943 1340 2005 pro-

111 2068 370 2095 *qr-„-

102 2167 355 2239 summumne,
378 2171 509 2227 discimus
527 2190 560 2227 ex
582 2174 679 2244 primis
697 2175 847 2245 superioris
866 2175 1000 2245 epistolae
1021 2184 1050 2231 17
1069 2176 1168 2230 verbis.
1205 2174 1340 2245 Superva-

106 2266 197 2310 Μ
210 2261 291 2324 meet,
309 2256 383 2311 hune
400 2273 506 2312 morem
524 2257 650 2328 pluribus
668 2261 801 2330 exemplis
819 2277 951 2314 asserere.
985 2264 1022 2314 At
1041 2261 1074 2314 de
1092 2261 1281 2315 Alexandrina
1298 2279 1340 2315 ec-

109 2334 181 2407 dnia,
194 2344 281 2413 utpote
300 2360 318 2397 a
334 2350 355 2396 s‘.
375 2342 470 2397 Marco
488 2343 515 2397 b.
535 2343 612 2397 Petri
629 2344 765 2414 discipulo
784 2346 912 2411 lundata,
931 2345 1079 2415 specialem
1098 2364 1193 2400 curam
1205 2346 1341 2400 habentes

110 2418 198 2478 Reum
210 2428 363 2498 pontifices,
382 2432 414 2482 ut
430 2431 526 2482 monet
543 2427 632 2482 Julius
651 2430 731 2499 epist.
752 2438 763 2482 l
784 2448 810 2483 u.
830 2437 875 2496 22,
894 2430 928 2484 de
948 2430 1141 2500 episcoporum
1160 2432 1219 2500 ejus
1232 2432 1340 2486 ordina-

112 2504 168 2562 acu
179 2528 202 2565 ae
215 2512 325 2583 speciali
338 2513 404 2582 jure
422 2513 574 2568 monendos
593 2532 652 2568 esse
671 2515 876 2569 existimabant.

162 2596 178 2661 ⁴)
190 2596 235 2665 lta,
250 2598 285 2653 G⁸
298 2599 330 2664 b;
350 2601 377 2653 a¹
391 2616 421 2652 cc
440 2606 576 2669 quemdam.
608 2598 637 2652 Si
655 2617 698 2653 res
715 2603 781 2670 post
793 2600 933 2654 Timothei
952 2600 1142 2671 Salophakioli
1155 2603 1261 2656 obitum
1274 2619 1339 2672 pro·

111 2674 166 2731 fine
177 2686 254 2749 gaus
270 2683 408 2753 Euagrius
424 2683 458 2737 Η.
478 2684 508 2738 Ε.
529 2684 579 2749 lll,
600 2690 631 2739 15
649 2685 745 2739 ordine
765 2703 895 2740 enarrare
912 2689 1046 2755 ponatur,
1070 2687 1210 2741 Johannes
1234 2688 1269 2741 de
1287 2687 1340 2742 Ta·

89 2756 290 2826 -ldtlnnoaeo
309 2768 441 2824 suffectus
460 2770 489 2822 et
506 2769 624 2822 Zenonis
638 2769 717 2837 jussu
735 2771 831 2840 pulsas
842 2771 961 2825 Romam
981 2790 1010 2824 sc
1029 2772 1124 2825 statim
1142 2772 1271 2837 contulit,
1289 2773 1340 2827 ibi-

112 2860 153 2909 (ll‘
165 2862 295 2921 exponens,
318 2872 349 2909 se
370 2853 470 2908 Leonis
492 2855 598 2908 tornum
616 2857 645 2908 et
663 2854 893 2909 calchedonensis
916 2857 1015 2924 syrrodi
1039 2856 1152 2910 decreta
1168 2860 1340 2911 asserentem

111 3028 247 3090 mensuare,
268 3024 441 3096 Simplicium
463 3024 544 3079 facile
567 3024 691 3094 impulit,
719 3028 749 3078 ut
771 3025 799 3077 in
823 3042 923 3078 causae
945 3041 1011 3079 sirac
1034 3025 1155 3093 gratiam
1177 3024 1340 3094 imperatori

112 3095 219 3161 t“beret
248 3110 364 3180 Hacque
382 3109 527 3165 occasione
540 3110 614 3163 Zeno
632 3109 756 3180 pontifici
774 3109 930 3178 respondit,
949 3127 1013 3162 eum
1031 3112 1062 3162 ut
1079 3109 1195 3178 perjurii
1213 3127 1291 3162 reum
1304 3110 1339 3162 de

109 3182 198 3244 ”Qu
215 3212 260 3251 sua
276 3194 377 3250 merito
396 3195 538 3250 decidisse.
575 3195 662 3250 Porro
682 3195 735 3249 hoc
751 3199 893 3263 perjurium
910 3193 985 3249 idem
1003 3193 1139 3262 Euagrius
1157 3194 1191 3248 H.
1205 3195 1235 3248 Ε.
1255 3195 1292 3255 ΙΙ,
1309 3203 1339 3249 12

110 3267 136 3319 in
147 3286 172 3323 eo
184 3279 290 3344 porthmi
308 3280 392 3334 sirissc
410 3282 530 3335 testatur
548 3285 593 3348 (ex
610 3281 664 3335 tide
682 3279 834 3334 Zachariae
852 3279 995 3348 cruendam
1013 3278 1192 3347 Eutychianis
1212 3273 1339 3349 partibus

107 3351 209 3428 With),
224 3366 293 3433 quod
310 3366 452 3421 Johannes
470 3365 556 3420 etiam
569 3365 753 3435 jurejurando
773 3364 968 3434 spopondisset
985 3363 1060 3434 apud
1078 3362 1288 3433 imperatorem,
1310 3382 1339 3418 se

10 2634 16 2669 r

10 2676 17 2849 p
67 2780 76 2787 .

10 2922 12 2929 .
112 2942 154 3021 ΡΜ
165 2934 265 2993 wlume
282 2940 349 2994 sede
368 2958 420 2994 sua
432 2939 623 3006 exturbatum,
642 2941 691 2994 sed
710 2944 749 3007 et,
769 2941 816 3009 qui
833 2940 885 2994 sibi
904 2940 1073 3007 subrogatus
1092 2944 1178 3005 esset,
1197 2958 1230 2994 ca
1242 2942 1339 3009 aperte

10 2938 22 3547 i
105 3455 219 3533 Quom
228 3451 445 3507 Alexandrinam
461 3452 556 3506 sedem
574 3450 777 3506 affectaturum.
808 3449 912 3504 Verum
930 3449 1059 3503 subnexis
1076 3449 1169 3503 verbis
1182 3448 1339 3519 Simplicius

101 3523 200 3597 ΝΜ,
213 3533 323 3592 Zenonis
341 3535 459 3607 scripta,
479 3536 580 3605 quibus
591 3536 747 3590 Johannem
765 3535 883 3605 perjurii
901 3535 1063 3603 accusabat,
1082 3533 1135 3588 sibi
1153 3537 1218 3589 ante
1232 3535 1292 3605 ejus
1310 3535 1340 3588 in

100 3608 190 3666 [rbem
202 3618 342 3677 meantum
360 3621 471 3676 reddita
487 3621 584 3688 fuisse,
603 3624 687 3690 atque
706 3620 776 3675 adeo
795 3622 946 3688 antequam
963 3620 992 3673 in
1010 3620 1069 3688 ejus
1088 3620 1209 3689 gratiam
1221 3619 1339 3690 impera·

97 3694 149 3751 tori
164 3701 306 3773 'eripuisset

161 3784 179 3847 ’θ
191 3784 341 3847 Praedictm
358 3792 507 3849 Zacharias
525 3793 600 3863 apud
618 3793 770 3862 Evagrium
789 3792 823 3846 Η.
842 3792 873 3846 Ε.
887 3792 939 3858 lll,
960 3798 989 3845 12
1007 3791 1163 3846 Johannem
1180 3807 1237 3845 non
1255 3791 1337 3847 modo

92 3867 197 3941 perimit
211 3876 254 3930 ted
270 3879 300 3932 et
310 3877 478 3933 simoniacae
495 3878 568 3933 labis
579 3894 658 3933 reum
676 3877 755 3944 facit,
774 3880 871 3948 utpote
885 3893 968 3944 quern
980 3880 1008 3931 et
1025 3876 1191 3932 sacramenti
1203 3877 1338 3946 religione

91 3960 235 4029 mpla
254 3966 283 4018 et
303 3969 367 4018 dcta
383 3970 491 4033 pecarda
509 3963 700 4034 episcopatum
719 3965 898 4018 consecutum
916 3980 975 4016 esse
994 3961 1089 4016 tradit.
1126 3963 1164 4015 At
1185 3961 1339 4032 imperator

91 4039 257 4115 uodqlaquc
274 4050 449 4117 quaeritans,
472 4048 549 4117 quod
565 4048 700 4103 lobannis
718 4048 881 4103 electionem
898 4046 1109 4101 rescindendam
1128 4047 1271 4113 suaderet,
1289 4047 1338 4100 mi·

86 4128 165 4185 aime
177 4130 295 4189 &maaet
315 4137 427 4190 tanturn
444 4136 531 4189 netas.
566 4134 621 4189 Sed
643 4151 733 4202 neque
750 4133 897 4188 Liberatus
915 4131 1033 4186 breviar.
1053 4149 1075 4185 e.
1097 4139 1126 4186 17
1145 4132 1227 4201 hujus
1244 4132 1338 4185 memi-

83 4216 142 4275 nit,
161 4214 200 4281 (lui
213 4217 292 4274 olium
308 4220 417 4291 profert
432 4219 583 4286 rationem,
602 4237 651 4274 cur
667 4220 828 4289 improbata
844 4216 1007 4287 imperatori
1024 4216 1109 4271 suerit
1120 4217 1254 4271 Johamiis
1266 4216 1338 4271 ordi-

80 4298 169 4359 natio·
198 4302 262 4359 Rem
282 4304 408 4375 pluribus
429 4304 521 4361 verbis
540 4305 666 4375 exponit,
688 4322 740 4358 nec
758 4303 824 4358 sinit
840 4301 923 4371 hujus
940 4301 995 4355 loci
1012 4301 1154 4371 angustia,
1179 4304 1210 4355 ut
1233 4302 1276 4355 vel
1294 4318 1337 4354 ex·

78 4383 177 4447 tremi·
191 4388 279 4459 digitis
296 4390 461 4461 attingatur.
496 4390 538 4444 Ex
556 4408 589 4445 eo
607 4392 715 4456 tamen,
733 4388 809 4458 quod
826 4387 866 4441 ibi
883 4387 918 4441 de
936 4386 1070 4440 Johannis
1088 4405 1150 4441 cum
1168 4387 1222 4441 Jllo
1241 4402 1338 4440 excon-

75 4474 143 4531 mle
157 4472 269 4530 mutia
285 4478 392 4544 narrat,
410 4475 625 4541 subodoramnr‚
649 4475 720 4529 hane
738 4473 913 4545 potissimum
931 4473 992 4540 ejus
1009 4472 1211 4541 improbandae
1230 4470 1337 4525 ordina·
1394 4496 1401 4513 ι

72 4555 162 4617 acuo
177 4576 282 4617 musam
299 4561 393 4617 trusae.
429 4562 516 4617 Porro
535 4562 662 4616 Gelasius
684 4578 759 4631 papa
777 4558 855 4629 epist.
879 4565 908 4612 10
926 4575 952 4610 n.
972 4563 988 4610 6
1006 4558 1041 4612 de
1059 4558 1185 4612 Johannc
1209 4558 1337 4620 testatur,

70 4642 154 4719 quod
169 4652 239 4701 uuo
253 4655 337 4703 carris
354 4651 512 4703 evidentibus
530 4669 576 4703 nec
593 4660 662 4703 certe
681 4654 794 4701 courvinci
816 4667 862 4701 aec
883 4656 975 4715 postea
991 4664 1135 4712 provocans
1153 4649 1228 4696 elium
1249 4648 1274 4694 r'n
1293 4647 1338 4707 ja-

68 4736 145 4791 dica
159 4740 306 4801 euperem
319 4739 404 4804 palad
421 4740 547 4788 recusam
576 4733 637 4787 Hoc
653 4735 748 4788 autem
766 4730 956 4787 testimonium
973 4731 1117 4799 profereus
1135 4727 1210 4782 haud
1228 4726 1338 4796 ignora·

68 4822 138 4879 bat,
156 4819 187 4870 ut
202 4834 235 4871 ex
252 4818 382 4873 subnexis
397 4822 531 4890 apparet,
549 4819 624 4890 quod
642 4818 716 4872 idem
734 4817 875 4873 Johannes
894 4820 1044 4885 imperatori
1065 4819 1180 4867 erenricus
1198 4820 1337 4868 diceretur.

63 4906 171 4971 Neque
189 4900 272 4971 igitur
288 4905 324 4959 de
340 4905 393 4960 hoc
409 4911 530 4975 perjurio
548 4904 704 4959 constabat.

103 5006 259 5045 terrram
273 5009 377 5049 nonar.
391 5010 504 5046 rorrir.
523 4994 545 5048 l.
1097 4994 1134 5051 14
