3450 5678
712 355 729 380 ,
751 278 922 328 russone
946 270 975 326 6.
1439 267 1499 332 331

171 432 352 501 habebit
369 440 460 501 ottoni
483 441 514 499 ia
536 441 709 515 menbra·
745 433 814 497 sine
843 432 909 497 vita
938 435 1045 497 autem
1074 454 1142 497 esse
1164 437 1321 518 perpetua
1343 435 1418 519 quid
1441 439 1500 519 est,
1514 454 1608 503 atas.

159 532 279 599 nisi
319 538 349 603 iu
369 537 567 623 sempiterna
589 538 691 602 morte
715 535 892 601 constitui?
934 535 1087 611 Quamvis
1109 536 1194 600 idem
1222 537 1265 601 sit
1286 558 1413 616 requam
1435 559 1501 604 coe·

151 641 328 706 lor-ma
347 641 430 727 quod
452 652 583 706 aecana
604 646 677 723 cita,
701 642 811 704 tamen
834 642 870 703 ut
884 638 1088 723 prandentis
1104 638 1163 703 Dei
1186 661 1296 704 omnes
1312 638 1501 726 Pelagiano-

148 760 291 807 rum
323 743 481 829 nequitias
504 744 698 827 amputaret,
722 764 787 807 non
810 741 913 806 solum
936 741 1055 805 dictum
1081 744 1144 806 est:
1179 746 1634 820 Ouinoasaerr'tre·.10h.a,5.

143 854 321 911 natus
338 868 378 913 ex
399 867 483 927 aqua
505 857 534 910 et
548 849 671 926 Spiritu
685 856 802 924 sancto,
827 867 886 910 uon
909 850 1037 909 introbit
1059 852 1089 909 in
1113 866 1239 923 rcpnum
1261 852 1422 925 coetonaa,
1447 846 1502 912 sed

140 944 326 1015 etiam
346 948 469 1035 pariter
490 947 612 1013 dictum
634 951 697 1013 est:
724 952 782 1024 Qut
802 970 860 1012 aaa
883 954 1115 1012 manducaverit
1137 969 1260 1012 caraem
1281 954 1355 1015 Filii
1374 955 1651 1030 bominisloheat.

141 1058 191 1111 e!
236 1054 386 1119 birsa
405 1054 586 1132 sanquinem
612 1056 694 1133 ejice,
728 1074 788 1115 uon
817 1055 937 1114 babebit
963 1057 1056 1115 ettam
1084 1057 1116 1114 ia
1143 1057 1308 1131 semetipso.
1359 1051 1407 1117 oe
1434 1053 1501 1119 vita

143 1152 333 1222 autem
355 1158 488 1220 aeterna
509 1154 570 1218 hoc
592 1152 714 1218 dictum
729 1153 838 1218 nullus
855 1152 1031 1234 addubitat,
1055 1154 1206 1237 quoniam
1222 1152 1314 1217 multi
1330 1175 1397 1218 non
1411 1176 1501 1221 man·

148 1250 382 1325 ducante
403 1258 464 1323 hoe
487 1259 724 1322 sacramentum
746 1256 845 1320 vitam
867 1255 986 1320 habere
1007 1255 1178 1319 videantur
1199 1253 1418 1340 praesentem

309 1360 400 1427 Nihil
421 1363 473 1426 est
494 1380 572 1445 ergo
594 1358 678 1444 quod
700 1359 826 1441 dicant,
856 1358 939 1443 quod
967 1381 1032 1422 nou
1061 1359 1165 1423 renati
1194 1358 1336 1423 infantes
1359 1362 1433 1425 tant
1488 1400 1500 1411 ·

156 1462 318 1529 modo
342 1464 379 1529 in
407 1483 535 1544 requam
562 1467 714 1528 cottonem
747 1461 793 1526 ire
827 1483 891 1525 nou
922 1461 1067 1545 valeant,
1106 1484 1170 1526 nou
1206 1464 1312 1526 autem
1346 1466 1501 1548 perpetua

161 1555 433 1633 damnatione
459 1565 655 1650 puniantur3
688 1565 763 1628 dum
791 1564 861 1628 sine
890 1564 1085 1649 baptismate
1109 1586 1223 1647 corpus
1253 1567 1285 1628 et
1307 1565 1499 1649 sanguinem

167 1656 346 1735 Christi
367 1688 430 1734 nec
451 1668 544 1733 edere
558 1667 690 1732 valeant
704 1688 764 1732 nec
786 1669 908 1751 potare,
932 1666 1002 1731 sine
1025 1671 1131 1731 autem
1155 1666 1214 1729 boc
1239 1674 1329 1731 uitam
1349 1675 1381 1732 in
1396 1678 1499 1733 mmet·

171 1766 298 1841 59⁸&
320 1776 436 1837 tatere
455 1793 521 1837 non
543 1769 680 1856 possint,
721 1769 790 1834 sine
819 1769 886 1833 vita
908 1792 983 1834 vero
1005 1770 1137 1834 nonnisi
1159 1771 1275 1834 mortui
1298 1770 1365 1835 sint
1385 1771 1497 1836 futuri.

174 1859 346 1941 Diem
372 1875 491 1961 igitur,
529 1874 564 1938 in
592 1875 695 1938 morte
723 1875 879 1957 perpetua
901 1872 1116 1956 constitutiffi)
1145 1873 1171 1936 si
1200 1895 1265 1937 non
1289 1873 1500 1938 aestimentur

178 1986 289 2039 ense
321 1976 479 2043 damnati.
527 1975 658 2041 Tollant
687 1996 765 2061 ergo
793 1975 831 2039 de
860 1976 964 2040 medio
999 1975 1106 2040 neseio
1133 1998 1227 2060 quem
1260 1975 1320 2059 ipsi
1355 1975 1498 2058 tertium,

181 2088 317 2154 quem
340 2078 537 2165 decipiendis
559 2077 701 2163 parvulis
724 2077 859 2160 faciunt,
883 2077 1004 2159 lacnm3
1027 2080 1060 2141 et
1082 2078 1157 2162 quia
1180 2100 1245 2142 uon
1267 2078 1330 2143 uisi
1353 2079 1499 2143 dextram

183 2183 349 2253 Partem
369 2181 508 2269 legimus
531 2184 564 2245 et
585 2180 765 2262 sinistram,
799 2202 862 2244 uon
893 2180 963 2245 illos
991 2180 1116 2244 faciant
1142 2181 1174 2244 iu
1205 2181 1337 2245 sinistra
1365 2181 1499 2268 regione

185 2273 343 2373 sinen)
365 2284 561 2369 baptismate
583 2296 760 2366 remanere,
784 2283 839 2347 sed
862 2283 1043 2368 baptizatos
1065 2278 1177 2348 sinant
1201 2282 1240 2348 ad
1264 2283 1428 2350 dexteram
1451 2306 1499 2351 sa·

185 2370 361 2453 luterem
383 2408 476 2451 sacra
498 2386 744 2472 regeneratione
765 2386 947 2451 transferri.

307 2491 339 2555 Ἰ.
384 2488 495 2554 Tertio
524 2488 666 2573 capitulo
693 2489 763 2573 jam
795 2493 864 2553 toto
890 2490 1015 2554 -muudo
1052 2489 1184 2574 cognita
1216 2492 1312 2574 atque
1347 2491 1497 2557 convicta

188 2576 474 2679 pelagianorum
506 2590 718 2656 deliramenta
737 2593 952 2683 circumfert,
987 2592 1102 2676 quibus
1130 2592 1258 2676 dieunt,
1290 2592 1374 2677 quod
1403 2592 1499 2657 homo

191 2700 280 2765 1³01
303 2694 443 2761 liberum
472 2692 657 2776 arbitrium,
691 2695 775 2779 quod
805 2695 961 2779 corrupit,
1000 2694 1142 2759 foedavit
1164 2695 1379 2779 ac'perdidit,
1416 2696 1499 2761 bono

191 2790 426 2885 mffiagante
446 2800 584 2863 naturae
605 2798 719 2861 beatus
748 2797 902 2880 efficitur3
931 2818 1028 2881 quum
1057 2797 1095 2861 de
1118 2797 1316 2861 beatitudine
1345 2798 1497 2881 paradisi,

194 2886 279 2959 'lbi
302 2899 390 2966 bona
411 2900 520 2965 fuerat
541 2901 719 2964 constituta
740 2901 938 2982 substantia,
972 2899 1035 2964 nisi
1063 2921 1120 2963 suo
1148 2900 1265 2963 amisso
1290 2900 1373 2964 bono
1397 2899 1498 2964 nnlla-

196 2986 322 3067 tenus
341 3002 501 3088 potuisset
526 3002 658 3087 expelli:
689 3003 760 3067 ideo
785 3003 931 3067 mortalis
960 3002 1083 3084 effecta,
1115 3003 1190 3086 quia
1217 3002 1256 3065 de
1284 3002 1367 3065 bono
1391 3003 1499 3087 utique

202 3103 503 3171 ruminatione
535 3104 706 3169 transisset
738 3105 778 3169 ad
808 3106 950 3187 malum,
989 3109 1022 3168 et
1057 3128 1076 3168 a
1114 3104 1360 3188 participatione
1390 3104 1499 3169 divina

207 3194 264 3261 ²¹1
297 3204 455 3273 ffisboliea
477 3209 589 3289 'semet
620 3207 766 3272 facinora
799 3207 1003 3290 contulisset3
1035 3207 1106 3270 ideo
1142 3206 1302 3290 deceptori
1336 3228 1414 3289 suo,
1448 3209 1498 3271 cui

211 3298 338 3375 miens
351 3312 544 3392 assenserat,
569 3313 792 3394 competenter
811 3310 967 3392 addictae,
990 3310 1062 3375 ideo
1084 3310 1123 3373 de
1139 3308 1306 3375 felicitatis
1328 3331 1404 3373 suae
1421 3310 1499 3373 cari-

221 3396 298 3471 i&
330 3412 469 3479 reclusus
503 3416 599 3498 atque
627 3413 667 3477 ad
700 3413 809 3498 spinas
838 3416 871 3477 et
896 3413 1033 3477 tribulos
1065 3411 1272 3496 miseriasque
1305 3410 1499 3496 multiplices

232 3506 356 3581 Q‘testi
386 3536 465 3580 voce
502 3513 673 3578 damnatus
705 3517 768 3597 est,
801 3537 882 3598 quae
910 3516 1020 3599 utique
1047 3537 1151 3600 poena
1183 3514 1264 3598 justi
1290 3513 1403 3596 judicii
1432 3518 1499 3578 tam

243 3614 338 3683 sum
361 3622 393 3683 et
418 3638 533 3702 aspera
558 3616 600 3680 in
623 3616 708 3680 bono
735 3618 954 3700 perseveranti
978 3617 1162 3682 nullatenus
1191 3619 1275 3680 esset
1302 3615 1437 3697 inflicta,
1467 3621 1501 3680 et
1617 3594 1624 3613 ’

251 3703 303 3773 ulti
323 3719 417 3803 malo,
446 3741 514 3783 non
545 3719 774 3782 convenienter
806 3719 898 3783 illata
927 3721 1127 3805 probaretur.
1173 3718 1257 3783 Eece
1291 3718 1360 3782 sine
1390 3718 1499 3782 divino
1590 3706 1593 3713 ’

260 3810 388 3906 llffnffl'o,
411 3821 496 3907 quod
518 3821 553 3884 in
574 3820 631 3884 illa
653 3819 853 3884 beatitudine
869 3824 991 3906 positus
1014 3844 1178 3906 nunquam
1192 3821 1312 3906 legitur
1328 3820 1497 3905 expetisse,

262 3930 309 3979 tm
322 3922 415 3989 wlnm
436 3922 558 3988 homini
584 3923 731 3987 naturale
761 3924 879 3988 bonum
907 3925 1056 4009 prodesse
1071 3932 1143 3988 'non
1166 3923 1284 4009 potuit,
1308 3946 1373 3988 nou
1397 3924 1499 3988 solum

263 4024 579 4106 meredianum,
614 4026 669 4089 sed
699 4048 796 4109 quum
824 4026 884 4091 hoc
907 4028 974 4091 solo
997 4026 1129 4091 confidit
1150 4029 1247 4111 atqua
1272 4026 1313 4090 ad
1339 4027 1408 4110 ejus
1434 4048 1499 4090 non

257 4126 398 4193 aveant
430 4127 635 4213 largitorem,
675 4132 708 4192 et
741 4129 973 4193 beatitudinem
1007 4130 1112 4213 potius
1145 4128 1254 4193 amisit
1282 4132 1316 4192 et
1344 4128 1497 4192 malorum

253 4226 369 4295 omnum
390 4230 529 4315 sumpsit
551 4230 725 4294 exordium.
750 4229 840 4306 Quod
864 4235 970 4295 atatem
991 4231 1090 4295 libero
1109 4231 1242 4296 arbitrio
1265 4230 1497 4294 beatitudinem

246 4366 495 4381 ,α--..-...-.....
510 4371 526 4376 ..

301 4434 329 4503 ¹⁵)
345 4433 377 4489 θ’
390 4439 519 4491 constitui.
579 4435 640 4490 Hoc
651 4434 679 4489 in
691 4436 751 4490 loeo
765 4433 836 4489 utin
850 4435 950 4490 ceteris
962 4437 1098 4490 adhaeret
1110 4433 1237 4490 (talasius
1250 4434 1392 4488 doctrinae
1405 4434 1497 4502 Augu-

245 4518 301 4587 rini,
319 4519 365 4588 qui
381 4520 416 4575 de
428 4518 499 4589 orig.
514 4520 624 4575 animae
636 4521 696 4586 ll,9
709 4521 816 4576 scribit:
838 4526 895 4575 Noa
907 4526 1044 4591 baptizatis
1059 4528 1175 4591 parvulis
1193 4542 1263 4575 nemo
1280 4524 1414 4589 promittat
1433 4524 1499 4572 iuter

247 4611 407 4665 undamn·
423 4624 577 4675 reparataque
594 4613 720 4661 coelorum
738 4613 829 4677 parietis
853 4615 892 4662 ael
907 4612 1040 4676 felicitatis
1059 4613 1192 4676 cetjatlibet
1212 4617 1288 4676 utque
1306 4607 1407 4658 ubilibet
1426 4610 1500 4674 qnasi

252 4699 330 4750 retina
346 4701 438 4753 locam
456 4700 503 4745 tor
521 4698 587 4745 euim
605 4699 642 4746 eia
660 4701 735 4746 ettam
752 4697 875 4754 haeresia,
886 4698 1025 4762 Pelopidas
1043 4699 1176 4763 promittit.

290 4782 325 4827 ¹⁸3
343 4777 373 4831 ln
386 4777 420 4831 G¹
438 4784 493 4832 siue
512 4781 662 4847 baptismate
674 4809 707 4817 —
720 4784 913 4847 repererao'oue
932 4778 1018 4833 deest.
1050 4779 1157 4835 Deinde
1170 4776 1238 4832 editi
1256 4781 1429 4843 circumferre,
1451 4774 1499 4837 ubi

269 4868 437 4931 circumfert:
455 4879 489 4918 ao
506 4864 606 4934 postea
623 4868 751 4931 efficiatur
824 4870 890 4919 aude
907 4870 1029 4920 mortalis.
