3450 5678
487 315 633 364 uosmm
656 316 765 364 amsa.
789 316 861 364 uou
882 317 982 365 uass.
1310 308 1369 371 173

73 491 244 563 capatus,
265 483 351 549 utque
366 478 516 534 custoditis
538 477 675 548 omnibus,
699 493 775 551 qliae
794 494 884 550 super
904 481 1034 535 ecclesiis
1055 479 1226 558 demetensis
1246 485 1370 538 civitatis

74 579 114 639 „a
128 564 271 628 castelli
285 562 421 620 Nicensis
435 581 453 619 o
465 562 560 620 leorae
575 564 693 635 definita
707 563 839 634 fucrant,
862 565 932 620 nibil
954 567 1144 621 ecclesiarum
1159 568 1228 638 jari
1241 575 1367 646 noceret

74 657 147 740 quad
163 659 199 710 is
216 653 255 707 in
270 664 372 706 earum
386 651 481 705 altera
498 650 537 704 ad
550 650 762 705 excludendam
778 651 971 721 cupiditatem,
988 652 1221 722 quemadmodum
1234 653 1369 725 perbibe-

77 752 131 812 m,
147 736 332 794 ambitionis
352 736 467 791 alienae
483 735 649 806 episcopum
660 737 797 806 proxime
812 742 1022 806 consecrasset,
1046 735 1094 791 sad
1106 735 1186 791 simul
1205 738 1295 792 unitae
1316 739 1368 794 sub

79 832 165 893 „ntus
182 823 334 879 antistitis
348 823 486 894 raptatae
499 827 705 892 permanerent
727 817 790 890 (llil.
808 837 850 894 ep.
869 821 950 878 1211.
968 819 1006 892 2).

689 929 780 995 VIII.

89 1072 117 1111 α,
131 1040 197 1099 tou
216 1048 289 1099 ante
303 1057 391 1098 mens.
409 1041 479 1099 Noa.
512 1041 730 1098 Honoratorum
751 1048 777 1098 et
795 1058 995 1113 possessorum
1014 1042 1290 1114 Turiassoncnsiom,
1313 1044 1366 1100 Ca·

251 1130 452 1188 montensium,
469 1127 748 1200 Culapuritarrorum,
775 1127 986 1200 Vorcpensimu,
1007 1128 1194 1197 Tritiensium,
1211 1129 1365 1202 Lepioacn-

252 1215 320 1269 siam
334 1220 362 1269 et
387 1213 634 1270 Viroooscensium
650 1213 690 1268 ad
703 1228 725 1268 s.
740 1212 876 1268 Hilarum
889 1231 999 1284 papam
1015 1218 1166 1289 excusatio
1183 1213 1294 1271 Silvani
1307 1219 1366 1286 epi-

252 1301 329 1370 scopi
343 1297 546 1372 Colapuritani
558 1299 594 1354 de
607 1300 716 1354 illicitis
730 1299 957 1354 ordinationibus
972 1303 1113 1355 accrescit.

188 1392 317 1467 Ejusmodi
331 1399 437 1457 litteras
452 1418 475 1455 s.
492 1417 560 1475 papa
575 1402 631 1475 ipse
647 1401 674 1456 iu
689 1417 732 1474 ep.
751 1400 790 1458 1ss
806 1399 838 1455 ul
855 1402 996 1457 Ascanium
1012 1409 1039 1456 et
1055 1402 1198 1476 episcopos
1214 1403 1366 1475 provinciae

117 1486 303 1543 tununnensis
318 1494 458 1543 memorat.
700 1563 747 1628 IX

130 1672 194 1730 carc.
206 1689 228 1727 a.
242 1673 305 1817 422.
344 1674 375 1731 S.
398 1675 499 1731 Hilari
514 1690 615 1747 papae
636 1675 675 1731 ad
698 1673 860 1731 orientales
881 1677 1002 1746 epistola
1023 1677 1173 1748 encyclica
1193 1677 1228 1731 de
1242 1679 1299 1748 fide
1315 1694 1363 1734 co·

183 1794 186 1799 ·
254 1768 263 1817 t
281 1763 363 1818 otico.

202 1855 262 1918 liber
276 1860 435 1938 pontificalis
455 1864 483 1918 in
503 1864 556 1917 vita
573 1860 654 1932 hujus
670 1860 804 1935 pontificis
820 1863 891 1917 iuter
907 1863 955 1918 alia
972 1871 1073 1918 narrat:
1104 1864 1162 1919 Hic
1175 1864 1249 1935 fecit
1264 1866 1363 1920 decre·

133 1945 205 2001 talen
216 1953 238 2001 et
247 1965 296 2020 per
310 1952 474 2005 uniuersam
492 1947 635 2004 Orientem
651 1952 759 2018 sparsit
775 1950 912 2020 epistolas
927 1950 961 2003 de
975 1951 1032 2020 fide
1048 1949 1192 2005 cotbotica
1208 1956 1236 2005 et
1250 1958 1364 2021 aposto·

129 2034 190 2098 lico,
206 2036 363 2106 coafimtons
385 2039 445 2090 tres
465 2034 589 2106 synodos
608 2033 782 2106 Nicoenam,
806 2034 982 2104 presinam
1003 2042 1031 2090 et
1053 2034 1312 2091 Calchedoncasem
1336 2042 1365 2091 et

128 2123 310 2177 commearat
323 2119 539 2191 archiepiscopi
552 2119 664 2189 Leonis,
687 2119 713 2174 id
734 2126 775 2174 est
795 2117 927 2174 celebrem
949 2119 1089 2193 epistolam
1105 2118 1136 2173 ael
1155 2118 1314 2183 Flavianum,
1337 2127 1365 2175 ct

59 2238 65 2247 ·
125 2204 247 2260 damnarit
263 2205 413 2281 Eutychen
438 2212 465 2260 et
487 2205 649 2261 Nestorium
674 2212 701 2261 et
722 2205 894 2261 Dioscurum
917 2206 960 2261 ocl
983 2222 1080 2261 omnes
1102 2222 1199 2261 eorum
1223 2222 1365 2278 sequaces

121 2296 149 2346 et
160 2286 284 2361 haereses,
306 2297 334 2347 et
349 2292 527 2364 confirmans
546 2291 764 2347 dominationem
779 2296 807 2345 ct
824 2293 1022 2362 principatum
1038 2298 1160 2347 sanctae
1175 2294 1250 2348 sedis
1264 2293 1363 2349 calbo-

116 2378 189 2433 licat
200 2384 223 2432 ct
235 2379 414 2449 apostolicae,
437 2392 485 2431 seu
507 2384 536 2430 ut
558 2377 585 2432 iu
601 2374 694 2431 coelice
709 2375 772 2431 ullas
789 2373 941 2431 bessuensi
958 2393 1030 2432 atine
1045 2375 1201 2432 Colbertino
1216 2376 1263 2432 Nc.
1282 2376 1363 2434 1868

111 2458 228 2518 mltum:
251 2464 304 2519 Hic
317 2462 391 2536 tecit
406 2463 580 2519 decretalem
596 2467 624 2517 et
637 2477 693 2532 per
708 2464 871 2518 rraiocrsam
890 2460 1033 2518 Orientem
1047 2463 1164 2532 direxit,
1183 2469 1210 2518 et
1226 2466 1364 2533 epistolas

107 2549 145 2603 de
158 2547 209 2618 fide
222 2549 370 2605 cotlrolico.
400 2544 432 2602 Et
454 2546 480 2602 id
502 2545 610 2620 quidem
633 2545 749 2602 Hilarum
772 2564 825 2602 uon
848 2546 931 2621 longe
953 2556 1023 2621 post,
1048 2564 1127 2620 quam
1143 2549 1168 2602 in
1185 2545 1256 2603 Petri
1272 2547 1362 2603 sedem

102 2631 249 2696 estoldus,
268 2635 434 2708 praestitisse
452 2649 505 2688 uon
521 2631 586 2688 levis
602 2631 757 2703 corrjectura
776 2641 826 2694 est.
849 2650 903 2705 quo
920 2632 1043 2688 videlieet
1058 2632 1302 2688 tlalelietloueusem
1320 2632 1363 2688 fir-

97 2726 185 2776 maret
200 2715 274 2776 tidem
292 2728 319 2774 et
335 2735 441 2775 omnem
458 2718 534 2773 novis
549 2719 631 2774 secus
647 2717 766 2774 additum
783 2720 976 2791 qaiamprimum
993 2717 1187 2794 praecluderet.
1250 2748 1254 2763 ι

705 2829 746 2895 Χ.

87 2944 124 3002 S.
142 2943 242 3000 Hilari
251 2959 350 3016 popae
372 2944 413 2999 ad
426 2943 606 2999 (liuersorum
622 2945 841 3015 provinciaram
862 2943 1013 3014 episcopos
1033 2943 1067 2997 de
1088 2943 1217 3013 injuriae
1233 2943 1363 2997 ecclesiis

243 3031 343 3085 illotae
358 3031 522 3102 sacricola.
643 3100 645 3106 Ι
1341 3048 1344 3053 ·

176 3113 302 3187 Syuodus
316 3113 495 3169 Triburiensis
511 3129 534 3167 a.
552 3112 612 3169 895
629 3131 652 3167 c.
670 3111 689 3167 4
705 3113 740 3167 ita
757 3111 853 3166 relect:
871 3119 901 3167 ut
913 3113 1048 3169 Hilarius
1061 3129 1142 3183 papa
1159 3112 1288 3167 omuibus
1302 3116 1360 3183 epi-

80 3204 188 3273 scopis
201 3216 258 3272 per
271 3203 403 3257 diversas
412 3203 581 3271 prouincias
595 3203 623 3254 in
641 3200 760 3270 epistola
778 3214 830 3253 sua
844 3199 952 3261 scribit,
977 3200 1110 3269 „injurio
1134 3199 1317 3253 sacerdotum
1335 3204 1363 3252 et

78 3290 283 3345 ecclesiarum
294 3284 561 3359 oacrilcpiumest.“
578 3314 614 3324 —-
632 3284 669 3338 lle
680 3283 785 3355 injuria,
803 3300 869 3356 elnac
886 3284 1012 3338 ecelesiae
1027 3283 1144 3339 insertur
1154 3283 1361 3357 depraedatione

77 3389 179 3430 reru·
199 3370 268 3444 ejus,
287 3371 407 3428 isidorus
426 3370 557 3426 Mercator
576 3371 684 3426 nomine
705 3379 797 3425 sextae
815 3369 911 3442 synodi
930 3367 980 3424 sub
993 3369 1150 3442 Syuuuaclio
1168 3370 1268 3425 numi>
1281 3368 1361 3423 elisit:

77 3460 392 3534 Inpenssacritepium
408 3464 459 3527 est,
477 3472 668 3530 quaecuuque
684 3459 726 3513 oet
739 3473 795 3528 pro
810 3457 934 3512 remedio
945 3461 1136 3526 pcccatorum
1151 3458 1194 3512 vol
1209 3458 1303 3511 srrlute
1318 3456 1362 3510 oet

77 3548 191 3620 requie
205 3547 368 3600 annuarum
382 3560 501 3600 suarrcm
517 3547 713 3616 uariosquisqne
728 3543 887 3599 venerabili
898 3544 1040 3598 ecclcsiae
1056 3543 1217 3611 contulerit,
1239 3545 1268 3596 ia
1284 3541 1364 3597 (aliud

75 3629 258 3704 transferre
273 3633 314 3688 oel
329 3625 509 3687 conuertere.

437 3843 612 3909 Decreta
634 3740 773 3908 Hilgo
796 3843 1012 3928 adscripta.

168 3957 203 4013 l.
236 3954 369 4030 Siquis
384 3957 801 4012 videturcoutcntiosus
823 3970 916 4025 csse,
950 3953 1459 4027 ‹licenteapostolo‚aos1c0r,

68 4046 196 4104 taient
224 4043 523 4098 contaretudinem
550 4058 618 4097 non
645 4040 826 4110 babemus,
862 4043 924 4098 scd
949 4055 1062 4113 neque
1086 4041 1257 4097 Ecclesia
1279 4041 1360 4096 Dei:
1375 4042 1461 4089 ll-16·

68 4135 99 4189 si
126 4128 219 4205 quis
241 4125 336 4190 iacit,
358 4135 518 4191 notetur,
543 4143 725 4200 usquequo
748 4144 783 4181 se
806 4128 974 4201 corrigat.

163 4211 302 4270 Crahlrius
322 4221 350 4268 et
369 4212 466 4269 deiude
492 4215 574 4269 ceteri
595 4213 772 4269 conciliorum
795 4212 912 4268 editores
934 4213 985 4267 hoc
1006 4213 1186 4285 fragmentum
1207 4228 1238 4266 ex
1261 4212 1361 4268 codice

64 4307 182 4362 libror.
202 4299 236 4356 X
243 4298 285 4354 Vt
302 4315 368 4370 cap.
387 4299 425 4356 19
447 4298 600 4373 proferunt.
635 4296 727 4354 Exstat
748 4298 817 4354 illem
838 4298 908 4372 aputl
930 4297 1111 4353 bearelrartlum
1135 4298 1358 4352 Womuatieusem

66 4390 118 4447 lib.
137 4388 163 4445 Χ
181 4403 246 4460 cap.
265 4384 305 4441 55
320 4393 347 4440 et
362 4383 471 4440 leonem
486 4403 513 4460 p.
530 4383 586 4440 >llll
602 4400 659 4458 carr.
676 4384 716 4441 56
732 4384 783 4456 (ecc
798 4387 923 4441 decretis
939 4384 1040 4440 Hilari
1053 4401 1152 4455 papae
1168 4382 1299 4455 euplo).

162 4471 198 4529 2.
231 4467 291 4525 Ubi
312 4487 388 4544 pars
410 4478 464 4526 est
484 4471 659 4544 (eorporis,
688 4478 742 4525 est
768 4480 799 4526 et
827 4479 945 4526 totum.
993 4469 1109 4524 Eadem
1136 4471 1225 4524 ratio
1250 4476 1302 4522 est
1327 4469 1357 4522 iu

63 4573 231 4637 corpore
255 4553 400 4619 Iloiuiai.
424 4557 564 4630 qtaaeja
586 4572 726 4618 malinas
744 4555 833 4628 quod
862 4558 893 4611 iu
915 4555 990 4626 ejus
1013 4555 1128 4628 ligura
1151 4553 1357 4628 praaecessit.
1383 4613 1392 4634 1

64 4650 112 4705 lte
133 4661 215 4722 quo
237 4640 386 4698 dieitur:
411 4643 478 4711 Qut
497 4645 580 4714 plus
601 4645 821 4715 collcpcrot.
848 4660 915 4699 nou
944 4643 1072 4698 laciboit
1098 4643 1270 4712 amplius,
1297 4613 1457 4739 rae-Hm·

62 4752 138 4810 que
160 4731 604 4807 quiminusparouerat.
627 4729 890 4785 lrcrbuitminus.
923 4692 1412 4799 itoneninrestquziiititas¹²
1452 4729 1456 4739 '

62 4816 238 4877 visibilis
263 4816 295 4870 in
318 4814 379 4870 liae
401 4812 611 4871 aestimanda
634 4815 815 4887 urystetlo,
837 4814 895 4868 sed
925 4815 1038 4868 virtus
1060 4811 1265 4867 sacramenti
1288 4811 1359 4885 spi-

62 4903 239 4965 rimulis.
