3450 5678
655 129 868 178 sarnanum
892 119 1037 178 19—21.
1419 114 1482 179 495

216 285 299 351 modi
320 283 515 370 superfluam
538 283 800 350 constitutionem
822 283 923 350 modis
944 282 1092 347 omnibus
1113 282 1301 365 removebis,
1330 285 1366 346 ut
1388 304 1481 348 uuus-

215 388 345 473 quisque
367 390 425 453 aut
450 386 486 452 in
514 386 621 452 vicina
649 386 710 451 sibi
739 386 874 450 ecelesia
902 385 1019 449 autin
1047 386 1150 450 electa
1176 405 1235 468 pro
1261 405 1338 448 suae
1365 386 1483 449 mentis

218 491 395 576 baptizetur
417 487 560 553 arbitrio.
605 488 897 574 cathedraticum)
921 487 1019 551 etiam
1040 507 1105 550 non
1129 486 1283 570 amplius,
1314 509 1410 571 quam
1432 508 1482 550 ve·

215 592 291 656 tusti
314 591 411 656 moris
434 612 503 655 esse
526 590 723 672 constiterit,
753 590 795 653 ab
822 589 890 673 ejus
913 589 975 653 loei
996 588 1183 674 presbytero
1204 588 1331 652 noveris
1354 589 1483 673 exigen-

214 693 304 777 dum,
332 696 366 757 et
387 693 427 757 de
448 694 504 775 iis,
533 714 613 777 quae
636 691 687 755 die
710 691 920 756 dedicationis
948 690 1069 755 fuerint
1091 690 1292 754 offerentium
1314 689 1482 754 devotione

167 837 171 840 -
215 796 346 878 collata,
371 794 652 877 cousuetudinem,
676 815 757 878 quae
779 793 974 878 generaliter
993 792 1141 856 omuibus
1156 791 1299 856 ecelesiis
1321 795 1371 855 est
1392 814 1481 875 prae

216 897 351 982 scripta,
364 897 565 982 ,servabis³).

663 1049 946 1153 Fragmentum
972 1048 1028 1130 21.

164 1232 180 1241 .
261 1189 293 1240 ta
311 1190 418 1240 sublatis
435 1191 533 1254 causis,
554 1196 664 1254 propter
681 1205 744 1254 quas
760 1191 947 1252 processionem
966 1189 1002 1237 ad
1017 1188 1145 1236 basilicam
1162 1203 1183 1237 s.
1199 1187 1317 1251 Apathae
1335 1203 1439 1252 suspen-

688 1275 774 1330 derat,
798 1289 853 1322 eam
871 1279 1006 1323 restauret.

367 1389 550 1456 Gelasius
574 1388 732 1455 Victori
754 1388 952 1472 episeopo.

298 1507 425 1573 Dudum
453 1509 492 1573 de
519 1510 651 1572 sanctae
680 1506 831 1592 Agathae
858 1507 1008 1589 basilica,
1042 1528 1122 1590 quae
1149 1507 1184 1570 in
1212 1506 1352 1572 Caelano
1380 1507 1480 1573 fundo

215 1611 290 1675 olim
316 1611 462 1675 noscitur
489 1610 683 1693 constituta,
718 1610 952 1693 processionem
962 1610 986 1694 ¹)
1018 1609 1079 1672 sub
1104 1611 1216 1673 nostra
1245 1611 1480 1674 consultatione

278 1884 300 1949 ²)
319 1880 391 1946 Quid
408 1881 453 1934 hic
470 1881 524 1935 sibi
542 1881 609 1936 volit
625 1886 837 1943 cathedraticum,
856 1879 1006 1935 Gratianus
1019 1880 1156 1950 explicare
1173 1879 1285 1947 nititur,
1303 1881 1352 1934 sod
1365 1882 1424 1949 ejus
1437 1898 1480 1936 cx·
1495 1883 1548 1954 [α’]

214 1965 326 2035 plicatio
344 1983 401 2020 non
418 1966 520 2037 placet.
554 1966 618 2020 Jam
636 1967 666 2019 et
681 1966 710 2019 in
728 1966 916 2035 fragmentum
935 1973 950 2019 3
968 1964 1186 2032 observavimus,
1203 1965 1233 2018 in
1250 1965 1399 2020 iustiniani
1410 1967 1479 2021 Nov.

217 2058 262 2105 123
279 2050 392 2105 nomine
409 2056 579 2105 cathedratici
595 2049 693 2105 donari
711 2051 848 2119 quasdam
867 2050 1091 2116 eonsuetudines,
1109 2067 1179 2119 quus
1191 2048 1315 2120 episcopi
1331 2067 1427 2105 reeens
1439 2069 1480 2106 or·
1542 2076 1546 2083 ·

215 2135 301 2191 dinati
319 2152 371 2206 pro
389 2140 573 2190 inthronisatus
592 2137 733 2190 exsolvere
746 2134 887 2202 solebant,
905 2137 989 2202 utqire
1007 2135 1081 2189 idem
1098 2151 1199 2189 nomeu
1213 2134 1258 2188 hie
1270 2135 1394 2189 nonnihil
1406 2137 1481 2191 aliud

215 2238 319 2277 sonare,
355 2221 397 2275 Ex
419 2219 527 2289 Pelagii
543 2221 555 2273 1
573 2220 737 2290 fragmentis
756 2226 788 2274 23
807 2222 836 2274 et
852 2226 898 2287 at,
917 2221 1018 2287 quibus
1037 2220 1162 2285 cavetur,
1185 2240 1216 2273 ac
1236 2225 1372 2288 episcopas
1394 2227 1482 2276 cathe-

215 2310 310 2360 dratici
320 2312 418 2360 nomine
430 2312 536 2374 amplias
547 2326 620 2375 quam
632 2311 696 2361 duos
707 2312 804 2360 solidos
816 2311 940 2374 accipiat,
960 2321 1054 2359 veram
1071 2303 1154 2372 hujus
1171 2303 1247 2358 vocis
1265 2302 1481 2374 intelligentiam

215 2389 277 2445 lieet
294 2389 440 2460 expiscari.
469 2389 542 2444 Nam
560 2390 590 2443 et
603 2378 752 2445 'concilium
770 2390 941 2444 Braearenoe
960 2406 1033 2442 anno
1046 2394 1095 2443 sta
1113 2388 1242 2442 habitum
1256 2388 1368 2444 decretu
1387 2390 1481 2459 hujus-

215 2475 288 2529 modi
305 2492 412 2530 morem
430 2491 530 2544 gerens
548 2493 607 2529 cau.
627 2468 816 2530 2'coustituit:
839 2485 865 2528 at
884 2481 964 2527 nultus
982 2479 1170 2542 episcoporum,
1195 2495 1268 2543 quum
1283 2495 1333 2543 per
1350 2481 1480 2530 dioeceses

215 2580 272 2616 sues
288 2565 429 2629 ambutant,
445 2573 554 2630 praeter
570 2565 689 2616 honorem
706 2566 845 2615 cathedrae
862 2579 935 2621 strae,
955 2566 970 2612 i.
985 2579 1006 2615 e.
1027 2565 1090 2613 daos
1106 2565 1215 2623 solidos,
1233 2566 1330 2628 aliquid
1346 2565 1417 2613 aliud
1431 2581 1481 2628 per

216 2653 334 2702 creturae
351 2652 432 2701 tottat.
469 2644 549 2711 Quod
572 2649 601 2699 et
618 2645 787 2700 Toletanum
801 2644 853 2698 Vll
876 2661 948 2699 anno
972 2648 1022 2697 646
1044 2644 1229 2709 confirmavit,
1251 2642 1317 2696 dum
1339 2645 1480 2699 refrenare

217 2731 327 2801 cupiens
345 2730 529 2800 quorumdum
546 2731 730 2800 rapacitatem
747 2729 921 2799 pontificum,
945 2728 993 2795 qui
1010 2728 1139 2783 eeclesias
1159 2727 1314 2782 imnodiois
1333 2728 1481 2783 exactioni-

217 2815 264 2871 bus
280 2833 352 2887 pene
371 2815 587 2881 exhauriebant,
606 2822 696 2870 catut
714 2813 816 2869 sanxit:
835 2835 885 2868 noa
903 2818 1009 2882 amptius
1027 2834 1099 2883 quam
1117 2819 1181 2867 duos
1198 2819 1294 2868 solidos
1312 2820 1481 2884 unusquisque

218 2908 388 2971 episcoporum
405 2907 543 2969 praefatae
559 2906 707 2969 morineias
723 2921 773 2969 per
789 2906 902 2968 sinamus
919 2903 1044 2953 dioecesis
1059 2917 1121 2951 suae
1133 2902 1252 2952 basilicas
1264 2903 1347 2966 juata
1358 2904 1480 2967 synodum

218 2989 402 3041 Braearensem
418 3006 503 3041 annua
519 2991 633 3041 illatione
651 2990 700 3039 sihi
717 2995 838 3054 expetent
856 2989 984 3052 conferri,
1003 2989 1212 3038 monasteriorum
1224 2994 1307 3039 autem
1324 2987 1436 3038 basilicis
1447 2989 1480 3038 ah

218 3075 260 3125 hac
274 3078 408 3127 tohctionts
424 3077 578 3140 impensione
595 3077 727 3139 sejctnctis.
764 3070 841 3124 Idem
859 3069 945 3138 igitur
963 3069 1005 3122 est
1022 3072 1232 3132 cathedraticum,
1250 3069 1326 3138 quod
1343 3074 1424 3125 honor
1435 3090 1479 3124 ca·

218 3161 319 3211 thedrae
337 3163 463 3226 episcopt,
482 3174 534 3211 uec
552 3157 626 3211 aliurd
645 3158 688 3210 est
705 3156 758 3209 iste
776 3161 869 3218 horror,
892 3154 945 3208 nisi
964 3154 1042 3208 certa
1058 3154 1177 3222 pecunia
1194 3155 1230 3209 ab
1249 3155 1371 3209 ecclesiis
1389 3154 1479 3224 ponti-

220 3240 258 3294 fici
277 3259 325 3296 eas
346 3241 470 3296 visitanti
492 3241 686 3311 impendenda.
731 3239 879 3295 Enimvero
905 3245 1010 3295 honoris
1030 3239 1197 3293 vocabulum
1219 3239 1406 3295 ecclesiastico
1429 3258 1480 3293 risu

219 3342 295 3396 saepe
312 3331 448 3382 subsidium
465 3333 553 3381 sonat.

279 3415 301 3481 ³)
318 3411 353 3465 H.
366 3428 389 3466 e.
408 3413 440 3466 ut
457 3415 594 3479 servetur,
615 3412 689 3480 quod
708 3429 725 3466 a
742 3411 884 3482 Simplicio
896 3429 972 3481 papa
989 3411 1098 3481 epistt
1118 3410 1334 3481 praescriptum,
1353 3412 1388 3465 ab
1406 3411 1479 3482 ipso-

220 3498 271 3552 met
287 3495 398 3553 Gelasio
417 3497 496 3567 epist.
512 3504 543 3551 14
561 3514 621 3566 cap.
635 3504 667 3552 at
686 3498 879 3552 confirmatum
896 3497 961 3562 fuit,
984 3496 1112 3551 videlicet
1130 3500 1161 3550 ut
1178 3495 1335 3551 oblationes
1357 3497 1478 3552 fidebam

221 3583 333 3650 quatuor
354 3581 383 3636 in
403 3585 500 3651 partes
522 3582 725 3650 dividerentur,
750 3598 900 3650 earumque
923 3599 978 3635 una
996 3583 1142 3636 contentus
1160 3583 1234 3636 esset
1251 3581 1409 3651 episcopus,
1429 3601 1479 3637 neo

215 3669 360 3733 praeterea
375 3667 501 3735 tertiam,
519 3685 591 3737 quae
604 3667 781 3723 ecelesiarum
800 3666 912 3722 fabricis
926 3667 1064 3721 dmtinata
1076 3669 1150 3733 erat,
1168 3666 1222 3721 sibi
1233 3669 1387 3737 usurparet.
1416 3669 1480 3723 Jam

219 3751 285 3804 anim
298 3753 328 3805 et
337 3751 410 3806 hanc
428 3753 574 3806 nonnullos
590 3753 732 3822 praesules
749 3753 779 3805 in
796 3752 941 3821 proprium
953 3753 1169 3807 emolumentum
1183 3754 1344 3807 convertere
1355 3755 1479 3807 tentasse

220 3833 337 3891 Gelasius
357 3837 419 3891 loeo
437 3854 501 3892 mox
519 3837 606 3892 citato
624 3839 711 3893 notat.
742 3838 797 3892 Sed
815 3855 901 3907 quum
918 3855 1008 3906 neque
1030 3854 1118 3907 prava
1139 3837 1188 3891 illa
1205 3839 1374 3893 consuetudo
1393 3857 1478 3895 cessa·

217 3922 268 3989 ret,
290 3937 364 3976 armo
387 3928 436 3976 ota
458 3922 636 3977 Braearensis
659 3924 697 3977 Ill
721 3922 829 3977 concilii
851 3925 945 3992 patres
968 3938 1026 3976 cau.
1046 3929 1061 3975 2
1085 3922 1307 3978 constituendum
1330 3924 1479 3979 duxerunt:

221 4025 291 4076 neque
309 4006 476 4078 (episcopus)
495 4015 594 4062 tertiam
611 4022 712 4077 partem
730 4029 765 4063 ex
783 4029 930 4079 quaecunque
948 4012 1075 4063 oblatione
1090 4014 1181 4077 populi
1196 4015 1222 4062 in
1234 4016 1347 4064 ecclesiis
1358 4015 1478 4079 parochi-

219 4096 292 4148 athas
313 4098 439 4162 requiret,
462 4098 510 4147 sed
531 4099 575 4148 uta
598 4101 674 4148 tertia
695 4114 761 4163 pare
781 4115 830 4162 pro
848 4099 987 4148 luminariis
1004 4100 1126 4148 ecclcsiae
1144 4101 1183 4147 vel
1198 4101 1394 4164 recaeperatione
1413 4094 1476 4164 (leg.

218 4181 389 4246 reparatione)
409 4190 538 4242 seruetur,
562 4190 587 4233 et
608 4185 713 4248 stupetis
735 4185 808 4233 annis
830 4185 952 4248 episcopo
974 4185 1033 4234 iude
1054 4185 1122 4233 ratio
1141 4185 1198 4244 fiat.
1233 4179 1319 4248 quue
1337 4194 1411 4234 auno
1429 4185 1478 4235 666

220 4257 336 4319 msam
353 4263 565 4318 instaurandum
583 4265 715 4319 curarunt
732 4264 761 4317 in
778 4263 943 4318 Emeritensi
961 4264 1077 4318 concilio
1095 4281 1154 4320 cau.
1171 4269 1202 4318 lu
1220 4268 1362 4320 caventes:
1380 4275 1406 4319 at
1424 4273 1478 4319 nut-

220 4349 254 4400 hu
274 4355 422 4417 prminriae
443 4355 585 4404 Lusitanae
607 4359 742 4419 episeopus
765 4371 780 4403 a
802 4355 913 4419 qualibet
935 4356 1095 4420 parochiana
1117 4357 1224 4405 ecclesia
1250 4357 1350 4404 tertiam
1372 4356 1478 4417 auferre

213 4445 366 4496 manumet.
401 4434 444 4489 Ea
463 4451 564 4505 nempe
586 4435 743 4504 temporum
763 4433 886 4490 omnium
909 4435 962 4490 fuit
979 4435 1128 4506 cupiditas,
1152 4437 1183 4490 ut
1200 4453 1256 4490 non
1274 4434 1413 4489 doluerint
1430 4454 1477 4490 uu-

219 4530 309 4585 quam,
327 4518 376 4588 qui
391 4520 532 4590 potestate
551 4537 601 4574 sua
618 4520 654 4574 ad
673 4521 835 4590 occupanda
852 4520 1029 4576 ecelesiarum
1048 4521 1123 4576 bona
1139 4521 1330 4576 abuterentur.

218 4602 248 4653 21
281 4607 299 4671 ¹)
316 4609 495 4660 Proeeseioar's
515 4605 626 4660 nomine
648 4605 812 4675 praesertim
834 4606 980 4662 missarum
998 4606 1215 4663 celebrationem
1236 4605 1368 4676 intelligi,
1392 4624 1477 4675 quum

219 4699 250 4739 ex
263 4690 349 4744 tetius
365 4690 516 4758 fragmenti
534 4694 664 4745 contextu
681 4695 742 4746 tum
759 4692 878 4748 maxime
896 4711 929 4748 ex
946 4695 1000 4748 hoe
1017 4695 1078 4749 loeo
1097 4695 1239 4759 docemur,
1257 4708 1340 4760 quem
1357 4693 1477 4751 illustmt
