3450 5678
575 351 769 401 seraranan
792 343 822 399 4.
847 343 876 400 5.
1296 340 1358 405 629

179 510 207 571 1.
240 506 446 570 venerabiles
469 509 599 570 sanctae
622 505 774 571 ecclesiae
796 506 961 571 Romanae
989 508 1078 572 urbis
1100 511 1196 593 atque
1218 511 1358 575 Alexan·
1371 522 1487 590 (alar.)

81 611 203 676 drinae
224 630 291 672 non
312 607 414 672 solum
436 608 531 671 fidem
558 611 680 672 rectam
708 610 803 692 atque
830 608 1085 691 immaculatam,
1120 632 1158 674 ex
1185 633 1247 695 quo
1276 613 1358 676 salu-

83 713 170 777 taris
191 712 226 776 in
249 710 295 774 eis
316 709 517 794 praedicatus
545 712 594 772 est
616 731 719 773 sermo
726 760 735 791 ,
769 710 824 774 sed
856 711 953 774 etiam
980 710 1089 775 divino
1116 712 1152 775 in
1179 712 1358 779 ministerio

85 834 216 897 semper
239 811 440 876 concordiam
462 816 679 875 servaverunt.
713 811 838 896 Quippe
854 833 950 896 quum
966 813 1007 876 ab
1022 835 1086 877 uno
1101 814 1248 878 fueritin
1264 815 1358 880 utris-

88 937 149 1001 que
168 915 294 998 jactum
315 913 387 977 fidei
410 912 666 995 fundamentum,
693 912 838 996 (Petrum
859 935 1070 978 memoramus
1087 914 1218 979 beatum
1233 919 1357 1000 aposto-

88 1017 166 1100 lum,
192 1015 283 1099 cujus
304 1036 362 1098 per
383 1014 492 1078 omnia
513 1018 644 1078 sanctus
667 1015 867 1100 evangelista
888 1014 1016 1080 Marcus
1043 1016 1167 1081 exstitit
1188 1018 1357 1104 imitator),

90 1119 135 1183 ita
158 1121 194 1182 ut
215 1115 384 1200 siquando
408 1116 644 1202 contingeret⁴)
667 1116 702 1180 in
724 1117 818 1181 rebus
840 1118 999 1202 ambiguis
1021 1118 1176 1202 quaedam
1198 1119 1360 1204 episeopo·

90 1243 160 1284 rum
189 1218 326 1284 eoncilia
354 1217 525 1300 celebrari,
561 1218 781 1282 sanctissimus
804 1218 846 1301 is,
883 1219 937 1302 qui
964 1218 1129 1284 Romanae
1156 1221 1359 1305 praesidebat

90 1321 253 1401 ecclesiae,
276 1318 575 1410 reverendissimum
591 1319 829 1384 Alexandrinae
852 1320 993 1385 civitatis
1015 1321 1288 1407 archiepiscopum
1306 1324 1359 1388 de-

89 1423 215 1508 ligeret,
238 1426 275 1486 ut
297 1421 346 1485 sui
370 1442 478 1484 euram
500 1420 562 1485 loci
584 1423 770 1506 susciperet.

172 1526 203 1588 2.
242 1523 304 1613 Sed
326 1521 417 1588 hoste
439 1522 569 1586 humani
603 1525 746 1608 generis,
781 1524 831 1587 cui
859 1524 944 1588 bona
971 1545 1084 1607 perosa
1108 1529 1204 1609 sunt,
1239 1528 1294 1611 qui
1322 1529 1356 1592 in

88 1625 263 1711 perniciem
286 1627 428 1688 nostram
450 1625 548 1708 impio
571 1647 696 1709 semper
724 1626 830 1690 furore
859 1629 1039 1710 grassatur,
1073 1649 1138 1691 non
1167 1629 1274 1712 piguit
1300 1652 1359 1714 per

88 1727 244 1792 satellites
266 1727 410 1811 proprios
433 1727 555 1790 zizania
577 1729 662 1791 inter
690 1730 840 1812 utrasque
870 1750 1051 1812 conserere,
1081 1733 1118 1794 ut
1148 1733 1261 1794 tantae
1289 1732 1359 1795 uni-

88 1829 167 1893 tatis
204 1829 395 1892 discordiam
427 1832 637 1913 perpetraret.
694 1829 778 1892 Nam
811 1829 992 1913 Eutychete
1024 1830 1214 1915 impiissimo
1247 1837 1360 1898 contra

89 1931 193 2013 fidem,
217 1931 354 2014 quaein
377 1929 569 1994 beatissimis
592 1931 744 2015 apostolis
766 1932 952 2016 praedicata
975 1935 1033 2014 est,
1066 1933 1226 1997 sentiente
1248 1937 1282 1998 et
1304 1935 1358 1999 do-

89 2055 158 2097 cere
180 2035 338 2115 tentante,
363 2031 501 2117 contigit
522 2055 579 2116 per
600 2032 685 2096 idem
706 2036 832 2118 tempus
855 2033 938 2097 sedis
962 2034 1154 2118 apostolicae
1175 2036 1355 2119 praesulem

88 2139 166 2199 tuuc
180 2133 320 2199 Leonem
341 2134 465 2197 litteras
488 2134 528 2197 ad
549 2133 808 2199 Calchedonense
824 2135 992 2199 concilium
1009 2135 1180 2200 destinare.
1215 2134 1356 2212 Quarum

88 2236 267 2301 litterarum
289 2235 379 2299 fuere
400 2235 592 2320 interpretes
615 2236 665 2319 hi,
689 2237 744 2320 qui
765 2259 837 2300 eum
857 2236 1088 2321 Theodorus-⁵)
1105 2237 1258 2321 Cytorum
1282 2241 1356 2305 civi-

88 2339 165 2402 tatis
187 2337 336 2422 episcopo
358 2341 436 2401 tunc
458 2338 589 2402 fuerant
610 2337 821 2402 Nestorianae
844 2338 984 2403 haeresis
1007 2343 1195 2404 sectatores:
1229 2345 1355 2406 eontra·

89 2461 149 2525 que
172 2461 243 2503 eam
264 2439 370 2521 fidem,
399 2461 480 2522 (puae
503 2463 522 2503 a
544 2440 779 2503 venerabilibus
802 2442 955 2505 trecentis
978 2441 1085 2504 decem
1109 2444 1141 2505 et
1163 2446 1235 2505 octo
1257 2445 1354 2527 patri-

88 2543 145 2607 bus
169 2545 218 2606 est
240 2541 336 2623 edita,
361 2563 458 2624 supra
480 2547 675 2605 memoratae
697 2541 824 2606 litterae.
845 2542 1023 2627 probantur
1045 2542 1212 2626 exsistere,
1235 2547 1268 2607 et
1289 2568 1354 2609 non

87 2665 204 2729 parvas
212 2643 237 2730 ⁶)
261 2642 445 2706 occasiones
467 2643 533 2725 his,
562 2645 615 2727 qui
638 2643 780 2726 ejusdem
802 2643 1023 2707 nefandissimi
1046 2641 1186 2708 Nestorii
1209 2645 1355 2730 blasphe-

87 2746 169 2811 mias
191 2744 374 2828 vindicant,
406 2744 653 2829 praestiterunt,
683 2745 729 2808 ita
751 2749 786 2808 ut
807 2745 955 2809 licentius
983 2745 1184 2809 adstruerent
1211 2748 1354 2812 eumdem
1414 2812 1416 2816 .

84 2848 270 2935 Nestorium
291 2847 422 2911 minime
444 2868 593 2931 perversa
616 2846 763 2910 sensisse.
800 2846 860 2910 His
883 2847 983 2930 igitur
999 2847 1102 2910 causis
1117 2845 1185 2909 Deo
1208 2848 1354 2913 amabilis

83 2949 221 3035 populus
243 2955 352 3013 noster
372 2950 510 3013 offensus
534 2952 592 3031 est,
617 2951 650 3011 et
671 2947 710 3011 de
729 2948 853 3012 Graeca
875 2947 1086 3012 translatione
1109 2948 1282 3012 arbitratus
1305 2955 1354 3014 est

84 3053 120 3116 in
144 3050 260 3115 Latino
287 3072 411 3136 quoque
441 3072 586 3114 sermone
617 3072 744 3113 sensum
777 3050 913 3114 similem
941 3049 1114 3130 contineri,
1149 3072 1187 3113 ac
1216 3071 1284 3114 sese
1312 3052 1353 3115 ab

83 3154 212 3219 unitate
226 3151 391 3216 Romanae
414 3152 523 3215 divisit
546 3153 708 3216 ecclesiae.
743 3151 772 3215 N
775 3173 810 3215 ec
833 3173 897 3215 uon
914 3151 1011 3214 etiam
1026 3150 1190 3215 Romanus
1206 3151 1351 3234 antistes,

83 3255 289 3320 existimans·
306 3277 365 3318 nos
397 3257 509 3319 contra
542 3276 612 3317 eam
639 3254 749 3336 fidem,
788 3275 868 3338 quae
897 3253 1016 3316 tradita
1044 3256 1092 3316 est
1120 3253 1352 3318 abeatissimis

82 3357 250 3442 apostolis,
275 3355 484 3439 conspirasse,
508 3379 527 3419 a
550 3360 659 3419 nostra
681 3377 714 3418 se
738 3356 959 3420 communione
981 3354 1156 3438 suspendit.

171 3459 201 3523 3.
232 3458 494 3543 verumtamem)
519 3459 586 3541 ejus
608 3458 750 3521 volentes
773 3458 959 3521 satisfacere
987 3456 1171 3539 sanctitati,
1200 3480 1258 3522 uos
1282 3481 1351 3523 earn

28 3638 40 3653 .
82 3561 182 3625 fidem
204 3564 329 3643 tenere,
359 3582 455 3644 quam
476 3559 625 3644 princeps
655 3557 869 3643 apostolorum
890 3558 1004 3623 Petrus
1027 3558 1156 3643 ejusque
1179 3559 1351 3645 discipulus

152 3800 175 3863 ⁴)
194 3798 238 3850 lta
259 3796 302 3850 G'.
338 3795 413 3850 Editi
436 3802 570 3863 contineri!
647 3802 819 3864 prrresiderel.
859 3796 918 3850 Hoc
940 3794 1059 3849 maxime
1080 3798 1196 3865 propter
1218 3796 1350 3866 Cyrillum

83 3880 303 3937 Alexandrinum
321 3881 475 3935 antistitem
499 3881 635 3945 scribunt,
663 3881 710 3949 qui
734 3881 845 3947 quidem
868 3880 896 3932 in
914 3879 1053 3950 Ephesiae
1077 3880 1191 3934 concilio
1216 3886 1352 3936 Caelestini

85 3987 185 4039 quoque
202 3973 354 4020 sanctissimi
371 3971 585 4033 saeratissimique
600 3970 692 4017 Itomae
710 3971 832 4018 ecclcsiae
850 3970 1038 4032 archiepiscopi
1054 3970 1133 4017 lucram
1152 3965 1277 4020 obtinere
1296 3968 1349 4021 sta·

85 4053 136 4106 tim
154 4051 192 4105 ab
211 4050 335 4120 ejusdem
354 4050 460 4105 concilii
479 4048 614 4119 principio
632 4052 809 4103 memoratur.
846 4050 907 4118 lpse
927 4048 1098 4103 Coelestinus
1114 4049 1175 4117 jam
1193 4053 1276 4104 autea
1294 4052 1349 4120 epi-

82 4139 200 4192 stolati
221 4143 275 4190 ml
293 4135 383 4191 eidem
401 4135 503 4204 Cyrillo
521 4134 609 4189 vicem
628 4134 802 4188 commiserat
819 4150 905 4201 suam,
923 4135 954 4186 ut
971 4133 1135 4187 seutentiam
1148 4151 1165 4188 a
1177 4151 1206 4188 se
1218 4135 1348 4189 adversus

83 4221 247 4277 Nestorium
265 4221 402 4290 prolatam
421 4222 625 4288 exsequeretur.

153 4309 175 4375 ³)
193 4305 310 4379 Laudes,
329 4306 429 4374 quibus
447 4304 564 4374 epistola
578 4313 625 4358 1‘20
638 4303 844 4357 Theodoretum
858 4304 981 4369 exornat,
1000 4303 1084 4370 atque
1096 4303 1259 4357 nominatim
1271 4303 1348 4356 illum

82 4390 275 4457 commendat,
298 4390 373 4457 quod
389 4394 526 4458 praefatae
546 4389 582 4443 ad
599 4388 761 4442 Flavianum
784 4394 886 4442 litterae
906 4393 975 4441 sedis
998 4387 1242 4456 apostolicaillius
1263 4393 1347 4440 studio

79 4481 210 4544 defensae
231 4482 295 4538 siat,
318 4474 398 4528 valde
416 4475 572 4543 suspectam
591 4473 695 4526 faciunt
717 4473 789 4526 hanc
811 4471 1047 4526 schismaticorum
1070 4472 1181 4528 illorum
1199 4471 1348 4526 excusatio·

81 4577 160 4626 nem,
178 4560 231 4613 nisi
249 4561 320 4614 forte
338 4559 366 4613 iu
385 4575 516 4628 maccam
534 4557 793 4627 interpretationem
811 4556 948 4626 quaedam
965 4557 1001 4611 ab
1013 4557 1159 4612 haereticis
1170 4556 1346 4626 postmodum

79 4644 209 4699 immissa
227 4644 290 4709 sint,
309 4661 381 4713 quae
399 4643 476 4697 velut
492 4643 564 4697 tanti
582 4642 633 4695 viri
652 4642 817 4696 auctoritate
836 4642 906 4696 fulta
919 4641 1028 4710 jactare
1047 4641 1211 4696 affectarint.

152 4733 175 4796 ⁶)
193 4729 237 4783 Ita
254 4728 297 4784 G'.
333 4729 388 4783 Alii
405 4750 509 4797 pravas,
529 4731 557 4783 et
575 4728 674 4782 deiude
693 4727 825 4781 omittunt
841 4733 951 4780 similem.

152 4819 175 4883 ⁷)
194 4814 299 4868 Clarius
316 4814 368 4867 istc
385 4813 461 4867 locus
478 4813 516 4867 sic
533 4815 699 4867 verteretur:
719 4833 790 4881 quam
807 4819 921 4866 vellemus
939 4818 996 4880 ejas
1011 4816 1162 4879 satisfacere
1174 4816 1304 4865 sensatuli
1316 4831 1346 4866 ac

80 4904 200 4968 prodere
218 4920 264 4954 nos
280 4920 335 4953 eum
350 4905 425 4966 fidem
443 4910 538 4952 tencre.
