3450 5678
667 323 864 373 sermonen
889 315 960 374 114.
987 316 1056 375 115.
1439 319 1499 384 917

231 482 269 546 de
292 479 399 545 codice
414 477 525 543 Fausti
549 478 712 562 cujusdam
734 478 867 544 natione
883 478 968 544 Galli
983 479 1130 566 Reginae
1138 482 1165 568 ³)
1182 483 1322 550 civitatis
1345 487 1497 575 episcopi,
1512 514 1536 554 a.
1548 507 1605 557 520.

230 583 285 670 qui
307 583 346 647 de
369 580 500 646 diversis
523 581 618 645 rebus
640 583 673 645 et
693 580 893 665 frequentius
920 582 959 646 de
985 583 1092 668 gratia
1113 584 1174 650 Dei
1202 586 1320 652 diserte
1341 588 1427 654 visus
1450 597 1499 657 est

229 686 403 771 disputare,
425 683 461 748 in
482 683 668 748 scandalum
690 685 881 767 moveretur,
908 683 990 768 aliis,
1013 687 1051 749 ut
1072 707 1106 749 se
1127 686 1248 753 habent
1269 689 1411 755 humana
1433 696 1498 758 stu-

229 773 297 872 dia,
324 787 360 851 in
388 784 583 850 contrarium
611 783 841 869 renitentibus,
875 807 927 850 me
956 787 1160 854 crediderunt
1191 789 1229 854 de
1257 790 1319 858 hoc
1347 794 1498 880 ambiguo

229 888 468 957 consulendum.

312 991 344 1055 2.
381 989 457 1086 Dixi
480 990 607 1074 quidem
629 1011 682 1073 ea,
711 1010 792 1074 quae
815 1012 834 1053 a
856 991 1085 1056 tractatoribus
1107 1014 1165 1077 pro
1189 997 1284 1078 captu
1306 999 1428 1081 proprii
1449 999 1497 1064 in-

227 1094 317 1182 genii
338 1092 560 1176 disputantur,
583 1113 649 1156 non
671 1095 709 1157 ut
731 1093 886 1159 canonica
907 1092 1023 1177 recipi,
1047 1097 1104 1159 aut
1125 1094 1165 1158 ad
1180 1097 1380 1180 synodalium
1394 1101 1497 1166 vicem

226 1218 286 1282 pro
307 1196 379 1280 lege
402 1195 537 1277 servari3
560 1193 615 1257 sed
637 1192 756 1259 habere
777 1216 837 1259 nos
860 1198 961 1278 certa,
985 1195 1108 1259 scilicet
1129 1218 1211 1281 quse
1233 1201 1333 1264 veteri
1355 1201 1426 1287 lege
1447 1204 1497 1268 vel

227 1319 312 1363 nova
334 1296 517 1380 conscripta
539 1298 572 1359 et
593 1295 796 1380 generalibus
818 1299 946 1381 patrum
969 1299 1046 1361 sunt
1059 1297 1187 1363 decreta
1204 1300 1345 1384 judiciis,
1369 1303 1409 1367 ad
1424 1304 1496 1369 fun-

226 1400 412 1464 damentum
434 1398 508 1462 fidei
530 1419 567 1462 ac
589 1397 756 1483 religionis
770 1398 933 1484 integram
948 1398 1149 1483 firmitatem3
1171 1400 1252 1466 haec
1267 1406 1390 1487 autem,
1414 1427 1495 1490 quae

226 1500 388 1566 antistites
410 1500 526 1565 diversi
550 1500 823 1584 conscripserunt,
857 1522 916 1585 pro
943 1499 1097 1584 qualitate
1124 1502 1172 1566 sui
1201 1503 1270 1568 sine
1298 1505 1495 1589 praejudicio

224 1603 297 1669 fidei
320 1601 422 1667 solere
445 1602 578 1667 censeri.
623 1601 685 1667 Sed
712 1624 810 1687 quum
836 1601 943 1687 haee,
965 1605 1121 1687 quantum
1143 1603 1178 1668 in
1201 1626 1310 1669 eorum
1331 1607 1494 1692 frequenti

223 1704 439 1791 postulatione
465 1704 697 1789 persensimus,
736 1704 840 1790 magis
873 1704 919 1769 eis
951 1704 1113 1769 excusatio
1142 1705 1319 1791 videretur,
1353 1709 1404 1774 vel
1436 1733 1495 1794 pro

224 1828 332 1873 eorum
354 1827 448 1891 prece
472 1805 520 1870 vel
542 1827 601 1889 pro
622 1806 766 1891 obsequii
787 1806 954 1870 occasione
980 1805 1133 1870 reddendi
1160 1808 1353 1891 apostolatui
1375 1815 1492 1896 vestro,

222 1931 281 1995 per
295 1907 460 1974 Justinum
479 1907 645 1971 diaconem
666 1929 771 1972 meum
794 1908 993 1992 praesumpsi
1016 1907 1122 1991 apices
1144 1908 1313 1991 parvitatis
1334 1933 1424 1976 meae
1445 1914 1493 1978 in-

222 2031 346 2098 gerere.
396 2007 517 2086 Quibus
544 2009 767 2094 principaliter
793 2010 974 2074 orationum
1000 2011 1178 2073 sesmarum
1205 2011 1370 2077 munimen
1399 2036 1493 2099 expo-

223 2134 315 2179 scens
338 2133 466 2197 quaeso,
495 2114 532 2175 ut
554 2111 767 2196 consulentes,
791 2112 867 2197 quid
889 2111 929 2176 de
950 2110 1089 2196 praefati
1112 2113 1250 2177 auctoris
1273 2113 1367 2179 dictis
1389 2115 1492 2181 videa-

222 2219 291 2298 tur,
322 2214 513 2279 auctoritate
541 2213 734 2297 apostolieae
767 2213 984 2298 responsionis
1015 2217 1211 2298 agnoscant,
1244 2217 1382 2281 maxime
1408 2219 1492 2302 quod

221 2316 280 2382 filii
302 2337 426 2402 quoque
447 2315 545 2380 vestri
567 2315 715 2402 magistri
730 2315 870 2380 militum
884 2314 1104 2401 Vitalianus⁴)
1128 2319 1160 2380 et
1174 2316 1196 2380 J
1197 2317 1378 2382 ustinianus
1400 2341 1491 2403 prae-

223 2419 313 2504 cipue
335 2440 430 2502 super
451 2416 513 2482 hac
534 2439 569 2483 re
590 2418 746 2502 rescripto
773 2416 981 2482 beatitudinis
1003 2418 1129 2482 vestrae
1154 2418 1302 2483 similiter
1323 2420 1490 2486 informari

221 2519 415 2585 desiderant.

304 2623 335 2688 3.
365 2620 514 2688 Oodicem
530 2642 655 2706 quoque
669 2620 911 2686 retractandum
917 2622 944 2708 ⁶)
960 2619 1099 2685 antehac
1113 2621 1265 2687 direxisse
1280 2645 1332 2687 me
1346 2624 1489 2709 memini,

221 2724 443 2792 continentem
464 2724 551 2789 beati
571 2723 664 2788 Pauli
687 2722 823 2807 apostoli
845 2722 1051 2806 epistolarum
1073 2722 1324 2808 explanationes,
1347 2748 1406 2810 pro
1428 2749 1490 2810 quo

220 2826 376 2911 rescripto
397 2825 554 2911 gratulari
576 2848 642 2891 non
664 2824 777 2889 merui.
810 2823 903 2889 Unde
926 2823 1022 2888 simili
1037 2825 1164 2912 prece⁶)
1180 2825 1326 2910 deposco,
1350 2832 1385 2891 ut
1398 2850 1489 2912 prae-

219 2929 400 3014 rogativam
420 2926 654 2992 benedictionis
675 2928 800 2990 vestae
829 2926 1023 3010 competenti
1051 2927 1257 3009 responsione
1279 2949 1402 2992 merear
1424 2929 1489 2994 adi-

219 3031 316 3117 pisci:
338 3030 483 3114 Accepta
494 3028 556 3093 XV
567 3027 724 3096 Calendas
735 3027 885 3113 Augusti,
899 3026 1032 3091 Rustico
1040 3028 1067 3112 ⁷)
1082 3028 1150 3092 viro
1162 3028 1337 3094 clarissimo
1350 3031 1486 3096 consule.

285 3270 307 3338 ³)
326 3267 360 3324 (³¹
379 3272 468 3338 Rapta.
503 3266 637 3323 Faustum
659 3265 785 3336 pluribus
802 3263 870 3319 locis
887 3280 916 3320 se
933 3263 1098 3319 Britannum
1116 3264 1229 3321 nodone
1246 3282 1302 3320 non
1320 3266 1431 3322 Gallum
1448 3267 1488 3323 in-

219 3353 324 3417 dicare,
343 3352 469 3422 adeoque
488 3369 581 3408 errare
598 3352 800 3417 Possessorem,
818 3349 947 3405 Labbeus
964 3350 994 3404 in
1010 3349 1085 3404 bunc
1101 3349 1193 3405 locum
1211 3352 1348 3407 observat.
1385 3351 1441 3407 Sed
1458 3355 1488 3408 et

218 3437 384 3496 aFacundo
402 3439 500 3492 contra
516 3437 673 3493 Marianum
693 3441 779 3490 Gallae
796 3435 864 3489 item
881 3435 1063 3504 nuncupatur.
1105 3435 1203 3489 Avitus
1221 3435 1333 3506 quidem
1351 3435 1488 3493 Viennen-

217 3524 254 3579 sis
271 3523 416 3595 episcopus
433 3522 529 3578 Fausti
546 3521 688 3577 nationem
706 3520 742 3574 ab
761 3519 820 3590 ejus
837 3510 1011 3574 habitatione
1029 3517 1216 3590 distinguens,
1235 3538 1298 3576 eum
1311 3534 1368 3576 ortu
1379 3525 1487 3578 Britan·

217 3630 274 3664 nun
290 3613 433 3664 hartmoto
448 3613 595 3677 limiensem
613 3607 707 3672 vocat,
726 3604 769 3659 cui
787 3602 962 3660 consentiens
980 3603 1109 3660 Sidonius
1126 3605 1207 3675 epist.
1226 3605 1277 3673 IX,
1296 3612 1311 3661 9
1330 3606 1486 3677 adipsum-

217 3697 276 3749 met
292 3693 425 3748 Faustum
447 3692 486 3748 sic
503 3691 610 3747 scribit:
639 3696 705 3760 Lepi
721 3697 843 3745 uatunnna
860 3700 917 3754 tua,
940 3709 1005 3759 quac
1024 3695 1161 3746 Riochatus
1178 3696 1284 3745 uirtutes
1304 3712 1335 3746 ac
1352 3699 1486 3750 maura

217 3791 293 3850 atquc
310 3783 452 3834 istiusmodi
468 3782 506 3832 bia
521 3783 688 3847 peregrinus,
707 3781 756 3830 tuis
774 3779 910 3830 Britannia
927 3785 1054 3842 reportat.
1084 3773 1140 3830 Sed
1156 3775 1215 3830 Jac.
1232 3774 1394 3832 Sirmondus
1411 3778 1485 3833 notis

216 3864 246 3920 in
263 3863 380 3920 allatum
396 3862 521 3918 Facundi
538 3862 629 3917 locum
647 3859 753 3916 Sidonii
771 3861 800 3915 et
810 3859 887 3914 Aviti
904 3858 991 3914 verba
1009 3864 1040 3914 de
1059 3863 1193 3914 Britannis
1212 3865 1291 3917 Gallia
1308 3881 1388 3931 arcpm
1406 3867 1484 3933 Ltpe-

216 3954 264 4004 νύιι
279 3953 337 4004 ritis
357 3947 568 4018 interpretatur.
607 3945 695 4000 Porro
717 3944 740 3999 si
762 3943 882 4000 Johanni
903 3943 1046 3997 Maxentio
1068 3943 1199 4000 habenda
1219 3945 1299 4014 fides,
1323 3962 1419 4002 eorum
1436 3948 1484 4016 qui

215 4033 312 4091 Fausti
328 4032 415 4089 libros
432 4034 464 4088 ut
481 4031 632 4087 catholicos
648 4029 840 4097 vindicabant,
859 4029 1003 4083 Possessor
1019 4027 1149 4100 princeps
1167 4029 1226 4086 fait.

282 4121 305 4188 ⁴)
322 4117 403 4172 Hunc
424 4118 584 4173 consulatus
606 4114 648 4171 sai
665 4131 760 4171 mense
777 4114 909 4184 septimo,
932 4112 1058 4183 adeoque
1075 4131 1131 4169 non
1147 4115 1231 4186 longe
1248 4118 1398 4188 postquam
1414 4118 1485 4174 haec

216 4203 337 4276 epistola
353 4203 457 4273 scripta
475 4203 526 4268 est,
543 4201 572 4255 in
590 4201 696 4271 palatio
709 4200 909 4270 interemptum
921 4215 989 4266 esse,
1006 4198 1182 4255 Marcellinus
1199 4201 1228 4255 in
1240 4202 1369 4258 chronico
1387 4205 1482 4258 tradit.

215 4289 257 4345 De
278 4302 346 4342 noos
366 4286 440 4341 illius
462 4286 558 4342 Victor
580 4283 753 4340 Tununensis
774 4284 816 4340 ita
835 4283 971 4354 loquitur:
1007 4288 1150 4340 Vitalianus
1172 4290 1392 4357 Constantinopoli
1414 4295 1483 4343 intra

214 4379 337 4444 palatim
358 4378 426 4434 Iaca,
449 4392 520 4442 quem
543 4376 687 4441 delphicam
709 4389 803 4439 praeca
826 4373 945 4425 uocatqu
968 4373 1066 4434 dicunt,
1088 4375 1228 4426 dentant
1243 4377 1350 4441 patricii
1368 4378 1482 4440 factione

215 4464 311 4515 dicitur
326 4461 478 4526 interfectus
492 4462 583 4525 saissa

285 4545 307 4613 ⁶)
324 4543 343 4597 b
361 4553 513 4597 tractatuum
532 4540 578 4609 (ad
595 4557 684 4610 marg.
703 4542 873 4608 tractandum)
892 4541 922 4594 et
939 4540 1029 4595 omitt.
1047 4561 1092 4595 rae.

283 4630 305 4698 ⁸)
322 4627 356 4682 Ei
372 4627 515 4694 nimirum,
539 4642 610 4695 quae
628 4623 761 4679 Vitaliani
778 4623 981 4693 Justiniamque
999 4626 1157 4682 nominibus
1174 4642 1238 4681 mox
1261 4627 1414 4698 praemissa
1431 4634 1481 4685 ast.

281 4712 454 4785 ⁷)vitalieni
472 4726 573 4766 nomen
589 4710 653 4764 ideo
670 4708 716 4764 hic
734 4709 845 4764 reticeri
862 4709 978 4766 forsitan
996 4711 1057 4781 quis
1075 4711 1242 4784 suspicetur,
1261 4713 1400 4782 quiajam
1418 4714 1484 4768 fuis·

214 4801 258 4856 set
267 4799 467 4868 interemptum
485 4797 534 4851 sed
544 4795 626 4864 hqjus
637 4794 678 4849 rei
694 4793 768 4848 ratio
780 4810 836 4848 non
849 4794 959 4852 aliunde
971 4796 1137 4866 repetenda,
1154 4796 1206 4851 nisi
1218 4798 1294 4866 quod
1305 4798 1482 4854 Hormisdam

215 4883 335 4940 consulis
353 4881 502 4938 Orientalis
519 4895 620 4936 nomon
638 4878 758 4934 latuerit.
