3412 5664
530 360 702 410 arranem
725 351 764 409 26
788 344 849 431 (nx
871 361 966 411 sorr.
990 349 1191 436 sanarum.)
1431 355 1492 420 421

221 523 265 604 ret,
287 538 390 604 quos
412 518 444 581 et
467 515 651 600 expulsione
674 515 912 602 catholicorum,
937 538 1018 602 quae
1039 518 1219 604 agebantur
1240 521 1275 587 in
1298 544 1394 588 causa
1408 525 1493 610 fidei,
1507 541 1601 600 alas.

226 643 274 688 non
304 621 487 707 ignorasse
514 619 721 684 manifestum
748 620 807 704 sit,
837 622 870 684 et
898 621 1161 687 communicando
1187 622 1358 690 haereticis
1385 627 1495 693 subro-

232 720 300 808 gatis
324 723 422 788 facto
449 722 510 787 tali
538 723 747 786 consensisse.
792 721 867 788 Non
889 722 1019 787 dubium
1042 726 1090 788 est
1112 725 1210 789 etiam
1232 730 1383 794 externae
1412 752 1495 796 com·

234 822 389 891 nunionis
410 825 549 909 effectos,
574 827 669 910 atque
691 825 762 889 ideo
778 846 849 890 cum
869 826 915 890 eis
931 826 1001 910 jam
1022 846 1084 891 nec
1104 827 1245 910 potuisse
1266 850 1328 894 nec
1349 831 1494 898 debuisse

239 923 306 988 sodis
331 928 527 1013 apostolieae
555 927 637 992 scita
664 928 807 992 tractari.
852 927 937 993 Ecce
964 931 1166 1013 agnoverunt
1187 928 1223 994 in
1245 951 1353 996 eorum
1374 935 1494 1017 profes-

240 1025 316 1090 sione
352 1031 403 1116 qui
436 1030 693 1097 constantissime
725 1030 954 1115 perdurarunt,
994 1030 1070 1114 quid
1106 1029 1180 1095 fidei
1219 1035 1494 1122 communionique

241 1126 404 1198 catholicae
425 1133 602 1198 deberetur.

313 1232 396 1301 Eece
411 1240 622 1322 agnoremnt,
640 1235 904 1321 quemadmodum
921 1258 941 1298 a
958 1234 1076 1300 talibus
1099 1236 1285 1322 recedenda,
1310 1239 1407 1304 immo
1421 1241 1494 1306 tali-

238 1332 287 1398 bus
324 1338 482 1406 corbaria
508 1338 668 1402 moliendo
707 1361 726 1402 a
760 1338 821 1402 fide
856 1342 888 1402 et
924 1339 1146 1403 communione
1174 1338 1333 1405 catholica
1358 1342 1494 1408 deviarit

235 1435 376 1526 boecius,
399 1462 494 1526 seque
516 1441 637 1525 pariter
666 1461 737 1505 cum
764 1440 875 1505 eodem
902 1440 1001 1504 errori
1024 1441 1234 1507 subdiderint.
1278 1442 1364 1509 Eece
1395 1467 1494 1531 agno-

235 1547 355 1628 verunt,
376 1565 471 1629 quam
489 1542 585 1628 justis
608 1564 646 1607 ex
670 1543 773 1607 causis
795 1564 854 1627 pro
875 1542 937 1607 fide
960 1547 993 1607 et
1016 1543 1237 1608 communione
1261 1544 1418 1612 catholica
1447 1551 1493 1613 at

235 1663 287 1727 que
312 1645 496 1730 apostoliea,
521 1646 571 1710 eui
594 1648 627 1710 et
647 1645 695 1709 illi
718 1645 772 1730 qui
793 1645 829 1709 in
851 1667 889 1710 ea
904 1646 1114 1730 perstiterant
1137 1647 1368 1732 congruebant,
1392 1650 1493 1715 atilli

236 1745 283 1829 qui
304 1749 521 1834 perstantibus
543 1747 728 1831 obviabant,
759 1748 799 1811 ab
822 1747 934 1812 eadem
956 1747 1153 1812 docebantur
1176 1748 1283 1834 alieni,
1313 1751 1396 1815 sedis
1419 1775 1493 1837 apo-

237 1849 360 1918 stolieae
380 1850 570 1916 auctoritate
599 1851 641 1914 sit
668 1852 808 1914 remotus
830 1849 979 1930 Aeacius,
1009 1849 1137 1934 ejusque
1165 1853 1288 1935 pariter
1314 1854 1493 1939 quicunque
1574 1840 1579 1850 ’

240 1954 396 2038 complices
424 1953 630 2036 exstiterrmt3
664 1951 759 2037 atque
792 1951 833 2017 ab
864 1952 921 2016 illa
948 1952 1063 2017 merito
1091 1953 1312 2019 communione
1344 1977 1416 2020 cum
1442 1955 1493 2022 his

244 2047 391 2140 Metu,
415 2078 434 2120 a
456 2078 519 2141 qua
542 2076 576 2120 se
590 2055 659 2139 ipse
681 2054 820 2139 primum
843 2077 915 2119 cum
937 2055 1002 2119 suis
1024 2054 1223 2121 consortibus
1246 2079 1265 2120 a
1285 2057 1491 2141 pontificibus

246 2152 392 2224 ntbolicis
413 2156 624 2243 discrepando
655 2156 859 2242 cognoscitur
880 2178 1055 2241 separasse,
1075 2157 1210 2243 jureque
1227 2160 1423 2225 sententiam
1437 2161 1492 2226 illc

245 2248 440 2326 matianis
469 2260 605 2344 excepit,
637 2260 751 2324 cetems
780 2260 979 2324 consortibus
1006 2261 1293 2346 promulgandam,
1324 2263 1378 2347 qui
1406 2264 1492 2329 solus

244 2370 298 2432 lm
315 2364 452 2428 omnibus
474 2362 539 2428 suis
563 2362 762 2427 consortibus
784 2362 820 2426 in
843 2363 1097 2427 communionem
1119 2384 1153 2427 sc
1174 2362 1325 2428 recidisse
1339 2365 1491 2449 perfidiae

245 2451 281 2518 “l
303 2466 497 2548 apostolicam
525 2464 631 2529 sedem
658 2464 763 2529 missis
786 2464 902 2529 litteris
925 2469 974 2530 est
994 2466 1166 2550 professus.
1212 2464 1271 2531 Cui
1299 2466 1326 2530 si
1354 2489 1492 2533 commu·

241 2552 413 2634 ¹1icaverunt
435 2566 616 2634 Orientales
644 2567 801 2652 episcopi,
832 2570 1005 2652 antequam
1031 2566 1093 2632 huc
1114 2568 1259 2651 referret,
1288 2569 1359 2653 pari
1381 2571 1491 2656 utique

239 2652 310 2730 ‘ine
326 2670 412 2737 dubio
433 2673 525 2735 reatu
546 2669 766 2755 probabantur
788 2669 923 2753 involvi,
954 2670 1089 2754 jureque
1111 2691 1168 2754 per
1196 2691 1267 2734 eum
1296 2673 1491 2738 sententiam

235 2750 490 2859 homoeosis
512 2775 730 2857 susceperunt,
754 2776 919 2857 tamquam
940 2771 1020 2836 faeti
1037 2794 1108 2836 eum
1130 2772 1240 2837 eodem
1256 2775 1489 2840 communionis

232 2866 386 2942 ⁸¹ternae.
431 2875 491 2952 Qui
523 2875 632 2960 utique
660 2897 726 2939 non
756 2874 877 2939 consuli
905 2877 1070 2959 tamquam
1102 2878 1231 2939 nostrae
1259 2877 1490 2943 communionis

224 2947 370 3044 ¹¹01sincs
393 2979 462 3064 jam
485 2979 654 3062 deberent,
683 2977 739 3041 sed
765 2979 930 3062 tamquam
958 2977 993 3042 in
1022 2976 1182 3042 centrario
1210 2977 1307 3063 positi
1330 2979 1490 3044 consortio

220 3068 369 3146 W.
414 3081 448 3147 si
475 3101 550 3144 vcro
580 3102 646 3144 non
669 3079 984 3145 communicaverant
1006 3082 1177 3164 antequam
1199 3079 1336 3145 Aeacius
1358 3079 1421 3145 huc
1442 3103 1489 3146 re-

213 3151 336 3267 ferrot,
359 3187 391 3248 et
412 3183 702 3249 communicantem
723 3185 838 3247 notare
857 3183 1043 3266 debuerant,
1068 3186 1100 3246 et
1120 3182 1183 3267 ipsi
1205 3182 1310 3267 potius
1326 3182 1365 3246 de
1380 3183 1490 3249 eodem

238 3282 300 3347 ¹10
315 3286 441 3370 referre,
472 3289 567 3370 atque
593 3285 892 3369 apostolicaesedis
921 3285 1031 3370 rigore
1058 3285 1238 3368 perculsum
1264 3285 1379 3350 merito
1407 3308 1489 3351 com-

202 3374 370 3473 ¹’¹⁹12brrre,
394 3410 527 3474 cumque
550 3388 623 3452 sede
639 3388 815 3472 apostolica
835 3387 999 3472 tantisque
1021 3385 1084 3450 illis
1103 3385 1268 3453 catholicis
1283 3388 1489 3473 pontificibus

200 3476 331 3576 'naga
350 3495 459 3557 tenere
483 3489 695 3555 concordiam.
731 3489 791 3555 Sed
814 3491 889 3576 quia
911 3491 952 3554 ab
968 3489 1093 3554 illorum
1109 3489 1261 3555 socictate
1276 3490 1487 3576 desciverant,

195 3572 246 3634 ‘t
286 3612 387 3658 eorum
408 3592 641 3658 suecessoribus
665 3593 899 3658 communicare
921 3592 1118 3678 delegerant,
1141 3592 1212 3656 ideo
1235 3615 1306 3656 eum
1325 3593 1398 3657 sede
1415 3616 1488 3680 apo-

192 3672 338 3760 ssolus
358 3696 489 3761 minime
513 3695 743 3781 congruebant,
773 3694 848 3780 quia
875 3696 910 3759 in
935 3697 1053 3759 sortem
1080 3694 1262 3759 reciderant
1288 3695 1488 3778 praevarica-

191 3764 309 3859 tofi,
331 3799 456 3881 Aeacii,
493 3802 526 3862 et
553 3797 638 3862 illius
667 3820 701 3862 se
732 3797 802 3861 sinc
828 3796 924 3861 dubio
951 3796 1162 3882 pervidebant
1189 3797 1351 3861 sententia
1380 3821 1487 3864 conse-

191 3886 358 3965 queror
379 3900 548 3986 addringi.
579 3899 629 3965 Ob
650 3899 712 3966 hoe
727 3921 799 3964 eum
814 3899 913 3964 videri
928 3899 1083 3963 nolebant
1104 3920 1172 3963 esse
1194 3898 1390 3982 damnatum,
1414 3901 1488 3985 quia

191 3987 246 4044 Ἐ
289 4002 519 4089 cognoscebant
539 4002 575 4066 in
598 4001 707 4067 eadem
729 4001 1003 4087 praevaricatione
1026 4000 1204 4085 damnatos,
1233 4001 1268 4065 in
1296 4024 1358 4086 qua
1380 4001 1487 4068 bodie-

191 4091 296 4163 que
317 4125 443 4170 manere
469 4103 656 4189 persistunt.
702 4104 763 4170 Sed
791 4104 874 4168 sieut
895 4103 940 4186 bi,
974 4103 1069 4167 simili
1099 4103 1281 4167 conditione
1309 4104 1485 4187 constricti,

196 4196 409 4291 Qmplisem
432 4229 524 4271 suum
551 4229 617 4271 non
643 4209 778 4291 possunt
796 4205 940 4291 judicare
963 4226 1028 4269 non
1051 4205 1123 4289 jure
1152 4204 1355 4289 damnatum,
1384 4228 1486 4290 neque

201 4293 274 4359 ¹⁸5
301 4328 379 4385 uum
400 4312 536 4395 possunt
558 4313 775 4394 competenter
797 4308 975 4391 absolvere,
998 4307 1044 4372 sie
1058 4306 1114 4370 illo
1133 4307 1388 4391 praevaricatore
1399 4307 1486 4391 juste

205 4380 385 4495 (lamnae,
414 4412 467 4476 isti
492 4434 615 4497 quoque
637 4412 708 4496 pari
726 4412 838 4496 jacent
859 4410 1065 4474 damnatione
1092 4410 1266 4494 prostrati,
1295 4431 1397 4494 neque
1424 4411 1485 4473 nisi

211 4503 445 4594 wascum
473 4513 549 4577 inde
576 4517 728 4596 poterunt
753 4535 882 4598 prorsus
911 4511 1047 4577 absolvi:
1081 4512 1155 4596 quia
1187 4512 1271 4576 sieut
1303 4532 1360 4596 per
1387 4534 1486 4575 unum

216 4606 415 4681 uerubentem
437 4637 545 4680 eorum
567 4616 709 4679 omnium
732 4615 864 4700 vulgata
885 4613 1098 4701 transgressio
1120 4617 1179 4697 est,
1209 4614 1262 4699 qui
1284 4614 1320 4677 in
1342 4612 1486 4678 eamdem

221 4709 375 4782 remoue
389 4717 572 4783 reciderant
586 4718 760 4801 actionem,
784 4718 831 4782 sic
852 4717 886 4781 in
902 4739 965 4780 uuo
980 4715 1162 4800 eodemque,
1187 4716 1240 4801 qui
1262 4737 1321 4800 pro
1338 4715 1485 4780 omnibus

223 4810 394 4898 scriecerat
421 4818 472 4884 vel
495 4818 662 4884 scribendo
684 4821 825 4885 omnium
848 4818 1031 4904 prodiderat
1052 4818 1246 4902 voluntates,
1271 4817 1484 4903 transgressio

225 4907 280 4970 ⁸⁸¹⁵
307 4924 406 5002 punita
429 4924 626 4988 cunctorum.
