3450 5678
731 353 928 404 assarones
950 344 979 402 3.
994 342 1025 402 4.
1452 341 1511 407 13Ί

326 507 382 576 n.
421 509 506 575 IIIud
532 511 700 594 praeterea
730 508 897 572 insinuare
923 529 991 572 non
1019 507 1128 572 distuli
1157 511 1288 592 propter
1316 509 1620 576 diversorumalsr.

270 606 440 698 paschalium
468 611 662 694 conditores,
690 611 745 676 ubi
766 611 802 676 iu
828 610 891 675 hoc
913 609 1024 674 eodem
1046 609 1135 694 cyclo
1157 609 1225 675 dies
1238 610 1391 677 Paschae
1413 613 1512 697 gemi-

275 716 333 777 nata
350 712 565 801 designatione
586 714 708 798 positus
729 712 904 794 invenitur,
925 713 958 776 id
981 715 1040 793 est,
1063 712 1118 776 ubi
1139 712 1217 777 luna
1231 712 1293 778 XV
1315 717 1349 778 et
1370 713 1437 779 dies
1459 716 1512 780 do·

278 811 379 898 umiae,
397 820 427 881 et
446 819 522 901 pest
537 814 605 884 VII
627 815 695 880 dies
722 814 818 879 XXII
840 813 1063 897 conscribitur,
1086 836 1153 879 non
1174 836 1246 880 meo
1256 814 1378 898 judicio
1393 815 1512 900 aliquid

278 914 423 1001 binium,
457 918 515 983 sed
546 939 606 1003 pro
633 917 839 983 ecclesiarum
867 938 946 1001 pace
979 916 1146 1000 apostolici
1172 916 1334 1001 pontificis
1363 918 1512 985 electioni

276 1022 417 1086 meatum:
438 1024 597 1106 quatenus
618 1041 680 1084 uec
701 1040 762 1104 ego
784 1019 868 1103 quod
890 1019 930 1082 ad
945 1040 1052 1083 meum
1066 1017 1251 1102 pertinebat
1265 1018 1408 1087 officium
1422 1043 1512 1105 prae·

272 1120 389 1205 buren,
415 1126 448 1188 et
468 1123 504 1187 in
532 1123 601 1206 ejus
629 1121 878 1186 constitueretur
906 1120 1051 1202 arbitrio,
1075 1120 1129 1204 qui
1151 1117 1333 1185 universali
1346 1121 1517 1190 Ecclesiae

266 1224 445 1309 pnesidmet,
468 1245 627 1310 quaenam
648 1222 850 1308 potissimum
873 1222 940 1286 dies
962 1223 997 1286 in
1019 1223 1078 1286 taIi
1104 1221 1286 1287 conditione
1303 1223 1512 1290 sollemnitati

262 1329 429 1412 praecipuae
451 1327 633 1411 deputetur.
678 1322 764 1388 Nam
787 1323 911 1407 ceteris,
941 1346 1022 1408 quae
1051 1347 1070 1387 a
1094 1323 1195 1388 latere
1216 1323 1365 1391 similiter
1386 1327 1512 1411 adjecta

258 1432 414 1512 suntuna
435 1429 582 1493 firmatim
604 1428 778 1491 auctoritas
804 1427 860 1490 sed
881 1427 971 1490 varia
993 1426 1195 1510 significatur
1216 1426 1334 1509 opimo.

296 1612 300 1621 Ι
338 1531 378 1596 12.
413 1529 518 1607 Quum
544 1551 621 1615 ergo
650 1530 824 1614 contigerit
849 1528 960 1593 lunam
988 1527 1114 1592 XXVII
1142 1528 1277 1592 sabbato
1302 1530 1351 1594 vel
1373 1530 1510 1597 mamma

256 1635 304 1700 die
319 1632 526 1699 Kalendarum
541 1632 770 1698 Ianuariarum
791 1631 960 1715 provenire
982 1630 1101 1715 absque
1123 1630 1274 1712 bissexte,
1297 1633 1424 1697 noverit
1437 1655 1511 1699 ean·

258 1737 347 1803 etitas
367 1740 486 1818 vestm,
520 1733 694 1819 Pascha²⁷)
722 1733 786 1797 nisi
816 1734 872 1807 aut
894 1731 974 1797 XIII
996 1732 1160 1797 Kalendas
1188 1733 1310 1816 Aprilis
1337 1735 1510 1823 secundum

260 1836 374 1904 tamn
394 1837 490 1922 (quod
512 1857 678 1920 uunquam
699 1835 904 1919 celebratum,
929 1834 1055 1899 etiamsi
1077 1835 1155 1899 luna
1177 1835 1358 1919 conveniat,
1381 1836 1510 1920 penitus

263 1939 427 2026 miscitur),
457 1941 515 2003 aut
535 1936 616 2002 VIII
637 1936 800 2001 Kalendas
822 1936 903 2021 Maji
930 1937 1104 2001 secuudum
1126 1936 1316 2022 Aegyptios,
1348 1938 1432 2022 quod
1453 1939 1509 2003 ali-

268 2041 370 2125 quoties
388 2041 590 2107 obseruatum
611 2042 671 2122 est,
694 2038 828 2123 reperiri
849 2060 916 2103 non
937 2060 1040 2122 posse.

752 2224 934 2329 Epistola
959 2224 994 2309 l.

1522 2355 1603 2405 aldi
1616 2350 1642 2404 d.

360 2380 472 2448 Iillarl
494 2396 606 2465 papae
628 2377 672 2445 ad
694 2379 887 2449 Leontium
910 2355 1114 2462 episcopum
1136 2375 1398 2447 Arelatensem.
1527 2422 1628 2473 25„st

212 2537 241 2587 p.
253 2525 270 2567 t.
307 2515 437 2582 balbam
453 2523 494 2572 eci
509 2521 654 2587 primordiis
676 2521 701 2571 ei
716 2521 828 2577 indicat,
850 2533 900 2584 per
917 2520 997 2585 ipsum
1018 2521 1045 2568 in
1062 2520 1166 2569 omnisne
1184 2521 1359 2585 epIscoporum
1379 2522 1475 2575 Gallice

738 2593 860 2654 'aolidem
875 2603 994 2666 serenda.

393 2738 666 2806 Dilectissimo
688 2736 811 2803 fratri
833 2734 1032 2822 Leonti0¹)
1055 2735 1221 2803 Hilarus
1243 2758 1353 2821 papa.

343 2855 365 2918 l.
395 2858 556 2934 Quantum
583 2856 783 2922 reverentiae
810 2856 845 2920 in
872 2855 988 2940 spiriIu
1016 2855 1092 2939 Dei,
1125 2855 1180 2940 qui
1201 2855 1345 2922 subditos
1373 2857 1434 2921 sibi
1461 2860 1509 2924 in-

281 2948 375 3021 blbilat
395 2961 589 3043 sacerdotes,
623 2960 719 3024 beato
752 2957 849 3022 Petro
882 2942 1025 3042 apostolo
1053 2961 1086 3021 et
1113 2957 1181 3047 sedi
1208 2957 1308 3040 ipsius
1335 2958 1507 3044 deferatur,

281 3054 392 3125 ⁰ll111bus
415 3064 554 3129 arbitror
581 3083 650 3127 esse
679 3064 892 3144 compertum,
926 3059 1041 3143 quibus
1066 3062 1273 3143 paternarum
1300 3061 1509 3127 traditionum

282 3151 426 3247 compa
452 3164 597 3230 custodia
624 3166 683 3228 est.
732 3162 817 3238 Quos
852 3183 949 3246 quum
982 3161 1125 3225 volumus
1159 3162 1197 3227 de
1227 3165 1356 3227 nostrae
1382 3163 1507 3229 ordina-

282 3251 354 3322 fiiflit
369 3267 539 3348 primordiis
565 3264 738 3352 gratulari,
766 3286 863 3348 opera
886 3284 966 3347 quae
989 3262 1058 3347 in²)
1080 3262 1288 3329 nos‘dirinae
1310 3264 1440 3348 pietatis
1463 3267 1508 3332 di-

331 3528 354 3596 ”l
367 3535 433 3604 Beda
450 3539 485 3594 de
504 3539 557 3594 rat.
575 3539 662 3607 temp.
676 3555 698 3591 c.
712 3543 746 3593 49
764 3536 846 3606 legit:
866 3541 935 3606 quod
946 3539 1047 3589 Pascite
1059 3539 1137 3588 XIII
1150 3539 1285 3590 Kalendas
1297 3541 1404 3607 Apriles
1420 3558 1508 3594 secun·

284 3612 416 3677 duldeliaca
432 3627 625 3694 hocnunquam
642 3626 826 3687 celebrandum,
844 3627 943 3675 ellanesi
960 3627 1019 3675 luca
1037 3626 1176 3684 convenias,
1195 3627 1296 3688 perlitus
1313 3628 1446 3685 inuenitur,
1464 3636 1507 3678 aut

286 3693 340 3748 VIII
349 3704 465 3762 Kalendas
477 3711 570 3775 Major
587 3713 721 3761 secundam
735 3710 886 3775 Aeppplioa
905 3711 974 3775 quod
990 3711 1125 3774 aliquoties
1137 3710 1319 3760 obseruandum
1331 3719 1377 3772 est,
1396 3717 1509 3777 reperiri

283 3794 398 3851 mm:
420 3795 506 3862 Qus
524 3809 557 3847 ex
575 3792 628 3847 hae
644 3790 764 3846 lectione
783 3789 957 3846 occasionem
975 3789 1074 3860 arripit
1090 3789 1208 3845 Victorii
1225 3791 1346 3859 systema
1363 3792 1508 3849 vehemen-

284 3860 314 3914 Ἢ
324 3863 483 3941 barabanes

331 3970 344 4034 'l
356 3973 399 4032 Hic
413 3979 543 4035 leontius
561 3996 616 4048 quo
634 3995 707 4033 anno
725 3977 895 4033 Arelatensis
917 3977 1049 4032 ccclesiae
1071 3976 1198 4045 regimen
1215 3977 1381 4047 susceperit,
1408 3980 1507 4037 deiude

283 4060 329 4142 Ψ
340 4054 466 4119 barennis
483 4082 521 4121 an
537 4063 684 4135 Augustali
701 4062 863 4118 inimediate
879 4062 1051 4128 successerit,
1069 4061 1292 4117 contravertatur.
1316 4064 1508 4135 Augustalem

282 4144 336 4200 “llll
348 4160 434 4204 nomen
451 4149 481 4205 in
498 4148 621 4218 antiquis
639 4148 699 4218 ejus
717 4148 849 4203 ecclcsiae
867 4147 1005 4218 diptychis
1024 4146 1206 4214 desideratur,
1224 4147 1338 4216 quidam
1356 4149 1507 4204 admittunt

281 4229 306 4269 ‘¹
316 4237 347 4291 eo,
360 4234 427 4299 quod
444 4234 504 4288 dies
515 4233 617 4288 natalis
629 4233 689 4302 ejus
700 4233 814 4288 Arelate
826 4234 939 4286 notetur
950 4231 978 4286 iu
991 4232 1193 4300 martyrologio
1205 4232 1311 4298 Bedae3
1330 4234 1401 4290 hauc
1413 4235 1506 4288 autern

281 4302 379 4370 “fillum
387 4317 486 4388 Pagius
504 4318 541 4373 ad
559 4335 622 4372 ann.
636 4322 685 4371 462
703 4325 755 4371 n.1
775 4317 913 4371 convellit.
933 4347 966 4356 -
983 4315 1114 4371 Leontius
1132 4332 1187 4370 uon
1205 4317 1294 4371 solum
1306 4318 1403 4376 Hilaro
1414 4335 1506 4388 papae

279 4389 397 4479 Qus
412 4402 473 4469 fuis,
490 4403 561 4457 ucat
580 4404 727 4471 sequentes
745 4402 879 4473 epistolae
897 4403 1088 4467 declarabunt,
1104 4417 1157 4456 nec
1174 4403 1284 4456 tautum
1301 4401 1507 4470 SidonioApol-

278 4468 340 4545 buci
353 4489 380 4539 ut
395 4504 428 4541 ex
445 4487 524 4541 iatius
543 4487 621 4556 epist.
640 4487 714 4554 Vl,3
733 4487 958 4556 deprehenditur,
976 4504 1073 4541 vorum
1091 4483 1176 4541 etiam
1192 4487 1326 4544 Faustum
1341 4485 1507 4554 Regiensem

276 4561 433 4650 &dedalum
451 4571 559 4637 habuit,
577 4572 625 4641 qui
643 4573 703 4642 ejus
721 4573 835 4626 hortatu
848 4573 876 4626 at
889 4571 1002 4626 consilio
1014 4571 1100 4625 libros
1113 4572 1147 4627 de
1159 4572 1249 4626 libero
1262 4570 1378 4625 arbitrio
1390 4569 1507 4639 scripsit,

274 4659 294 4698 ’Δ
306 4652 385 4717 qubus
400 4659 437 4712 ab
449 4655 589 4711 Ecclesiae
607 4657 735 4712 doctius
752 4658 836 4725 longe
854 4657 974 4711 aberrat.
998 4656 1070 4710 Hinc
1081 4656 1204 4711 adltores
1215 4655 1323 4712 Galbae
1340 4653 1506 4709 christianae

272 4746 294 4785 ’θ
304 4731 370 4795 tels
386 4741 486 4796 adduci
502 4743 654 4808 testantur,
680 4744 712 4796 ut
734 4741 861 4807 credant,
884 4741 1031 4799 Leontium
1054 4741 1194 4800 amoribus
1212 4739 1422 4797 Massiliensium
1445 4756 1507 4795 con-

268 4833 365 4880 mne.

318 4908 335 4976 ²)
349 4913 392 4982 αβ
409 4919 435 4966 ia
453 4917 525 4968 nobit
542 4918 642 4968 diuinae
658 4918 744 4984 pietas
762 4917 925 4981 dipositionis.
