3412 5664
517 126 712 175 nmsrotns
735 116 883 175 52-55.

563 315 829 420 Epistolabt.

63 464 278 532 Itonnisdae
293 484 404 550 papae
426 466 469 532 ad
487 468 647 534 delorem
671 469 708 535 et
722 467 926 533 Patricium
948 467 1165 566 clarissimos
1185 468 1331 535 aulicos.
1345 469 1436 535 (asro
1446 486 1480 522 111-

423 608 456 658 Ut
468 610 606 672 lepatorum
624 624 728 673 operam
747 610 875 671 adjuvent,
893 615 976 672 rapot.
1374 535 1448 604 Jau.)

217 738 426 805 Hormisda
450 740 581 808 Celeri
603 746 643 806 et
669 741 846 805 Patricio
870 763 889 803 a
910 740 1008 823 pari.

150 857 302 934 Quamvis
316 883 375 945 pro
390 860 452 926 loci
473 863 576 925 nostri
600 860 852 925 consideratione
875 861 913 923 de
937 881 1032 923 causa
1055 859 1128 924 fidei
1153 859 1329 926 catholicae

67 959 201 1025 minime
223 965 331 1027 tacere
352 963 525 1047 possimus,
555 967 665 1027 tamen
688 964 729 1026 ad
749 962 834 1026 hanc
855 965 979 1046 partem
1002 961 1221 1026 serenissimus
1243 964 1330 1047 prin-

67 1083 143 1147 ceps
169 1085 365 1149 magnopere
394 1065 523 1129 directis
552 1065 701 1130 affatibus
729 1069 875 1129 nostrmn
902 1063 1050 1127 incitavit
1083 1064 1239 1149 studium,
1272 1087 1330 1149 pro

67 1164 158 1248 cujus
180 1164 304 1251 legatos
327 1167 492 1232 voluntate
515 1167 695 1232 direximus.
726 1167 771 1230 nt
784 1166 858 1250 quia
873 1165 1055 1249 hujusmodi
1077 1186 1171 1229 causa
1194 1167 1330 1231 filiorum

67 1264 233 1333 Ecclesiae
254 1268 412 1333 sublevari
435 1270 530 1335 debet
547 1270 673 1353 auxilio,
697 1269 876 1332 salutantes
900 1268 986 1331 cultu
1003 1270 1098 1351 atque
1120 1268 1330 1334 honorificen-

65 1368 114 1432 tia
136 1371 346 1454 competenti,
370 1373 547 1456 poscimus,
571 1376 608 1436 ut
630 1394 687 1455 pro
711 1371 926 1435 ecclesiastica
947 1392 1027 1454 pace
1050 1369 1258 1455 allegationes
1281 1394 1329 1436 eo·

67 1490 157 1554 rum,
180 1472 234 1556 qui
257 1473 370 1537 directi
393 1478 484 1559 sunt,
508 1474 592 1558 apud
616 1475 739 1538 animos
761 1473 956 1536 serenissimi
978 1472 1133 1556 principis
1156 1474 1328 1558 adjuvetis:

68 1571 223 1657 siquidem
244 1577 369 1639 vestrae
392 1576 589 1640 celsitudinis
612 1575 753 1640 laborem
770 1597 836 1639 non
857 1596 957 1659 parva
979 1575 1146 1639 retributio
1168 1576 1329 1661 subsequi·

67 1676 135 1758 tur,
163 1697 261 1760 quum
281 1678 495 1763 omnipotenti
516 1677 584 1745 Deo
606 1701 664 1744 nos
686 1679 809 1763 gratias
832 1676 1010 1763 persolvere
1033 1677 1071 1743 de
1092 1677 1206 1742 vestris
1228 1678 1329 1763 operi-

67 1774 124 1840 bus
146 1776 298 1845 feceritis.

569 1968 750 2074 upston
777 1969 834 2052 55.

81 2116 290 2187 Hormisdae
313 2140 423 2205 papae
446 2123 489 2188 ad
511 2124 736 2206 praefectum
761 2121 944 2205 praetorio
966 2107 1478 2248 Thessalonicensemtafflpt

457 2225 619 2307 aliosque
641 2224 809 2291 illustros
832 2225 939 2291 viros.
1428 2227 1433 2237 '

240 2363 274 2415 tlt
288 2380 340 2429 pro
354 2367 418 2428 flder'
434 2368 652 2431 redinteprutioue
670 2367 777 2415 studium
794 2381 863 2415 suum
881 2365 1047 2424 eornmodent,
1064 2368 1156 2428 poscit.

216 2495 425 2563 Hormisda
452 2498 659 2583 praefecto
686 2499 890 2582 praetorio
912 2496 1266 2562 Thessalonicensi
1290 2501 1327 2562 et

266 2602 411 2665 ceteris
433 2601 663 2665 illustribus
686 2623 705 2663 a
727 2601 823 2684 pari.

149 2717 241 2782 Licet
261 2741 319 2802 pro
343 2741 438 2784 causa
460 2719 676 2785 ecclesiastica
698 2741 862 2804 nunquam
885 2719 1063 2784 sollicitudo
1091 2723 1202 2784 nostra
1225 2741 1325 2785 cessa·

65 2819 299 2902 verit,¹tomen
327 2822 529 2907 imperatoris
559 2823 752 2886 serenissimi
780 2823 878 2885 sacris
908 2822 1057 2886 affatibus
1079 2822 1256 2906 promptius
1278 2823 1325 2885 in-

65 2919 168 3004 citati,
191 2922 316 3008 legatos
339 2946 410 2988 cum
434 2924 577 2989 coelestis
600 2925 834 2988 misericordiae
856 2926 964 2988 favore
987 2924 1169 3007 direximus,
1193 2946 1326 3009 quorum

63 3021 170 3087 officio
192 3023 286 3107 bona,
311 3046 391 3108 quae
414 3026 452 3089 de
474 3026 628 3111 principis
651 3030 758 3089 mente
779 3026 1019 3110 praesumimus,
1043 3026 1248 3109 impleantur.
1282 3026 1326 3090 Et

61 3122 133 3188 ideo
161 3124 339 3191 salutantes
367 3129 610 3213 amplitudinem
638 3132 775 3191 vestram
803 3129 890 3191 cultu
912 3127 1086 3192 ethonore
1108 3149 1169 3213 quo
1192 3129 1325 3213 dignum

62 3229 121 3310 est,
145 3228 320 3313 poscimus,
343 3232 380 3294 ut
402 3252 459 3313 pro
481 3231 753 3315 redintegratione
775 3230 849 3295 fidei
871 3234 1012 3294 vestrum
1034 3230 1239 3295 commodetis
1260 3235 1324 3293 stu·

62 3327 159 3412 diurn,
183 3352 244 3395 nec
265 3332 367 3397 tantis
389 3333 529 3397 fidelium
552 3333 673 3396 tardari
695 3336 770 3396 vota
792 3333 988 3417 temporibus
1010 3333 1220 3417 permittatis:
1249 3333 1323 3416 quia

61 3451 127 3494 non
150 3435 200 3495 est
221 3433 362 3519 dubium,
392 3436 611 3500 celsitudinem
632 3440 771 3499 vestram
796 3436 937 3500 fructum
959 3440 1069 3499 tantae
1093 3435 1195 3498 laudis
1218 3436 1323 3520 acqui·

62 3553 143 3616 rere,
167 3534 195 3597 si
216 3557 275 3619 per
296 3558 367 3600 eam
388 3559 470 3621 quae
485 3538 525 3602 ab
540 3539 686 3602 omnibus
701 3538 793 3602 bonis
808 3543 971 3622 optantur,
995 3536 1056 3601 Dei
1078 3538 1180 3602 nostri
1201 3538 1323 3602 miseri-

62 3635 169 3700 cordia
190 3642 355 3724 operante,
378 3641 579 3725 proveniant.

61 3881 92 3929 ot
127 3878 148 3944 ¹)
166 3877 193 3930 ls
214 3876 325 3932 videtur
347 3885 476 3933 Patricius
497 3882 620 3946 senator,
648 3895 730 3948 quem
752 3879 840 3949 legati
862 3879 1026 3934 Hormisdae
1048 3879 1121 3935 infra
1144 3897 1186 3951 ep.
1206 3887 1238 3935 to
1262 3900 1286 3934 n.
1307 3888 1322 3936 3

61 3961 246 4031 proscriptum
262 3964 431 4018 renuntiant.
466 3965 503 4019 Et
520 3965 633 4035 quidem
651 3982 734 4032 quum
752 3965 877 4034 plerique
896 3981 1003 4031 omnes,
1026 3965 1063 4020 cd
1081 3982 1150 4034 quos
1168 3983 1241 4020 nunc
1258 3966 1322 4020 scri·

62 4045 101 4099 bit
117 4045 278 4109 Hormisda,
296 4048 350 4118 ipsi
366 4051 466 4120 postea
483 4049 685 4120 rescripserint,
704 4051 809 4104 nullum
826 4052 921 4104 tamen
939 4053 1029 4105 exstat
1051 4051 1133 4119 hujus
1150 4051 1264 4105 Patririi
1280 4068 1322 4106 rc·

59 4131 200 4201 scriptum.
238 4133 340 4188 Celeris
357 4150 423 4189 vero
441 4142 556 4203 inopiam
577 4142 717 4203 officiorum
734 4135 861 4189 meminit
877 4136 977 4205 Evagr.
996 4143 1024 4202 3,
1043 4143 1083 4189 32.
1123 4136 1206 4206 Apud
1222 4137 1321 4190 Proco-

59 4215 136 4286 pium
153 4220 250 4273 autem
272 4218 306 4273 de
328 4220 402 4273 bello
425 4221 501 4274 Pers.
526 4229 552 4287 l,
575 4227 590 4274 8
613 4220 686 4274 inter
708 4221 802 4288 duca,
825 4220 873 4289 qui
895 4221 945 4274 sub
968 4222 1113 4275 Anastasio
1136 4221 1320 4290 imperabant,

59 4306 185 4380 notatur?
225 4309 300 4358 Celer
321 4312 436 4358 ordinum
457 4312 626 4374 pedaticorum
653 4312 708 4360 (lux
730 4312 884 4376 (irrupistrum
907 4310 1024 4365 Rotnani,
1050 4305 1141 4375 inquit
1161 4305 1320 4376 Procopius,

58 4392 157 4458 mant)
176 4397 201 4442 et
219 4393 348 4443 Patricius
366 4395 458 4460 Pbrpx
473 4397 623 4461 praefectus
640 4397 752 4458 militum,
771 4398 814 4462 qui
831 4403 905 4446 erunt
922 4394 1052 4460 Byzantii.
