3412 5664
708 338 903 387 seraranan
927 330 975 387 13.
1002 330 1051 386 14.
1451 329 1513 393 aar

204 497 384 593 speeiem
409 494 601 559 voluntatis:
631 493 708 558 dum
733 492 856 557 scilicet
885 494 924 558 ad
953 493 1162 577 apostolicam
1189 495 1296 560 sedem
1325 498 1515 583 regulariter
1528 508 1639 583 (uaso.)

212 600 438 680 pastinatur,
467 594 526 681 pei·
552 617 649 681 quam
675 595 834 680 largiente
861 595 989 661 Christo
1015 597 1158 660 omnium
1175 598 1341 663 solidatur
1371 600 1513 685 dignitas

219 699 460 784 „serdotum3
500 699 585 784 quod
618 699 708 784 ipsae
737 698 919 762 dilectionis
946 701 1020 763 tuae
1047 699 1174 764 litterae
1207 709 1410 782 apostolorum
1437 723 1514 767 sum·

226 827 324 878 Μ
350 813 525 882 mumque
547 808 624 879 fidei
656 813 686 866 et
713 808 850 866 coelestis
877 807 1115 882 dispensatorem
1147 811 1283 886 mysterii
1307 810 1431 869 creditis
1458 811 1517 870 sibi

233 910 381 981 davides
407 903 537 968 beatum
564 903 696 968 Petrum
725 903 906 988 apostolum
937 905 1145 988 confitentur,
1182 904 1265 989 quod
1291 905 1444 990 denique,
1479 911 1515 971 ut

242 1005 385 1096 amplius
405 1026 475 1071 esse
495 1006 666 1071 unanimes
688 1006 861 1090 valeamus,
885 1007 1051 1071 nobiscum
1074 1006 1276 1071 dilectionem
1298 1011 1387 1072 tuam
1409 1009 1514 1075 ortho

247 1117 353 1182 doxae
368 1108 439 1173 fidei
461 1107 581 1173 habere
602 1108 684 1173 velle
705 1109 902 1194 testantur3)
926 1130 1101 1173 assensum.

335 1211 365 1275 2.
396 1209 485 1287 Quae
506 1232 605 1296 quum
625 1233 692 1275 non
721 1211 894 1276 mediocria
915 1210 1086 1276 videantur
1107 1211 1237 1295 indicia,
1261 1213 1375 1297 quibus
1398 1214 1515 1305 dctus

256 1318 362 1385 memb
381 1313 474 1378 uobis
501 1315 672 1399 procedere
693 1314 801 1378 votiva
825 1313 1000 1397 credamus,
1029 1315 1069 1378 ad
1096 1315 1316 1378 testimouium
1337 1315 1441 1399 rnajus
1464 1338 1514 1382 ac·

257 1419 359 1499 cessit,
381 1420 417 1481 ut
436 1415 497 1481 filii
518 1416 621 1481 nostri
643 1416 785 1501 religiosi
808 1416 968 1499 monachi,
998 1420 1105 1482 rectae
1130 1417 1203 1481 fidei
1227 1418 1426 1482 confessione
1449 1420 1514 1503 pol-

256 1523 368 1602 lentes,
398 1519 520 1604 pariter
552 1517 616 1583 huc
643 1519 799 1583 venirent.
851 1518 972 1594 Quibus
1001 1520 1111 1604 utique
1138 1520 1214 1584 visis
1222 1520 1248 1607 ⁴)
1277 1521 1514 1586 aestimavimus

259 1645 317 1690 ron
351 1620 431 1686 aliter
458 1621 652 1702 destinatos,
683 1621 746 1686 nisi
772 1621 957 1686 nominibus
984 1623 1218 1705 damnatorum,
1252 1645 1271 1686 a
1298 1645 1432 1708 quorum
1459 1625 1514 1689 isti

261 1725 466 1790 commuuione
489 1722 664 1807 distabant,
688 1722 727 1787 de
742 1710 1101 1808 (bustantinopolitana
1124 1725 1259 1789 ecclesia
1277 1726 1347 1809 jam
1366 1728 1512 1811 repulsis.

191 1802 220 1851 ⁰
261 1827 365 1909 tuque
387 1826 467 1891 nihil
496 1847 662 1910 superesse
684 1827 914 1910 perspeximus,
945 1827 1007 1890 uisi
1030 1830 1067 1890 ut
1089 1827 1134 1910 hi,
1161 1828 1214 1910 qui
1238 1827 1417 1894 dilectionis
1436 1833 1514 1895 tuae

266 1927 398 2012 synodice
423 1927 629 2013 bajulabant,
668 1929 901 1994 communionis
935 1930 1129 2014 apostolicae
1155 1931 1403 2014 participatione
1430 1931 1514 1996 frue-

267 2030 372 2094 rentur.
411 2028 472 2096 sed
494 2031 570 2096 dum
593 2052 665 2095 cum
687 2031 766 2115 ipsis
788 2030 956 2096 sollicitius
979 2036 1138 2117 ageretur,
1163 2034 1199 2095 ut
1221 2032 1247 2096 si
1270 2032 1405 2097 mallent
1426 2034 1515 2100 beati

272 2128 347 2195 Petri
365 2132 492 2218 apostoli
515 2133 771 2198 communionem
792 2133 879 2225 fideli
898 2134 990 2198 corde
1006 2135 1177 2219 suscipere,
1200 2135 1441 2220 responderent,
1465 2136 1515 2201 vel

275 2250 303 2297 se
327 2233 365 2298 vel
388 2235 589 2300 dilectionem
616 2239 706 2300 tuam
735 2237 774 2301 ab
803 2236 1015 2301 Alexandrini
1044 2237 1133 2302 Petri
1160 2238 1335 2323 Acaciique
1363 2238 1513 2324 deinceps

279 2332 597 2403 sauromatarum
619 2338 720 2403 modis
743 2339 891 2403 omnibus
914 2339 1068 2404 alienam:
1091 2340 1137 2404 illi
1160 2340 1242 2404 nihil
1265 2340 1326 2404 sibi
1342 2340 1408 2405 tals
1425 2364 1513 2406 man-
1604 2355 1610 2365 ’

279 2434 365 2501 dutum
381 2440 474 2506 luisse
495 2439 713 2525 perhibentes,
737 2442 864 2506 oblatae
889 2442 1060 2507 salubriter
1082 2443 1207 2528 gratiae
1230 2446 1358 2508 nostrae
1382 2465 1513 2508 consen·

281 2535 331 2602 tiu
351 2541 516 2608 noluerunt.
561 2541 631 2619 Qua
659 2538 768 2608 eorum
791 2544 996 2609 cunctatione
1018 2547 1165 2630 permoti,
1195 2569 1292 2631 quum
1315 2545 1441 2611 litterae
1463 2569 1514 2611 ve-

279 2636 380 2707 nientes
396 2644 443 2710 vel
464 2646 536 2730 ipsa
550 2666 658 2710 rerum
673 2647 839 2731 dispositio
855 2647 941 2711 aliud
956 2649 1142 2731 promittere
1160 2649 1329 2731 videretur,
1354 2651 1386 2712 et
1400 2648 1514 2713 relatio

275 2741 480 2829 pressurum
507 2747 603 2834 longe
632 2748 726 2813 aliter
753 2771 848 2834 quam
876 2751 1066 2835 sperabatur
1094 2751 1230 2834 efferret,
1259 2751 1514 2817 communionem

273 2841 380 2931 quiden
402 2853 544 2915 nostram
572 2850 755 2916 contristati
783 2852 980 2936 distulimus,
1016 2875 1111 2936 quam
1139 2853 1269 2916 remotis
1298 2853 1514 2917 dubietatibus

267 2944 432 3034 themus
463 2953 593 3037 plenam
622 2952 798 3018 catholicae
821 2954 905 3037 fidei,
934 2958 967 3018 et
989 2953 1060 3036 hoc,
1089 2955 1172 3038 quod
1200 2955 1284 3018 circa
1306 2954 1513 3018 orthodoxam

267 3049 355 3118 fidem
371 3072 552 3121 eonsensum
573 3056 740 3121 nobiscum
762 3078 796 3120 se
819 3056 937 3121 habere
959 3056 1116 3141 promisit,
1141 3057 1334 3120 arbitramur
1356 3077 1424 3120 esse
1440 3078 1513 3120 ven-

263 3158 370 3221 unu
410 3157 537 3244 Alioqui
571 3159 654 3223 nihil
686 3159 780 3224 nobis
812 3160 932 3244 poterit
965 3159 1132 3242 imputari,
1168 3158 1193 3222 si
1228 3159 1514 3242 complectentibus
1544 3156 1552 3175 ’

264 3252 381 3324 foedera
407 3260 550 3326 cantatis
591 3261 677 3327 beati
710 3261 845 3347 apostoli
873 3261 963 3331 Petri
998 3261 1157 3325 consortio
1186 3260 1397 3326 Alexandrini
1425 3261 1514 3328 Petri

260 3357 385 3427 societm
402 3363 612 3449 praelerahn.
652 3363 735 3429 Erit·
747 3365 833 3429 enim
848 3364 933 3450 apud
948 3354 1060 3428 Deum'
1074 3363 1280 3447 hominesque
1295 3364 1512 3449 manifestum,

256 3460 340 3530 talis
354 3469 567 3550 perpetrantes
588 3488 655 3532 non
676 3470 787 3531 nostro
809 3467 887 3530 vitio
910 3466 964 3532 sed
986 3488 1042 3531 suo
1064 3481 1193 3551 prorsus
1213 3466 1345 3531 arbitrio
1360 3452 1512 3552 separari,

252 3564 394 3650 idemque
414 3572 489 3633 ente
510 3569 653 3634 tribunal
669 3568 789 3634 Christi
811 3569 913 3633 modis
935 3569 1082 3633 omuibus
1097 3568 1285 3633 terribiliter
1291 3569 1511 3652 judicandum.

339 3666 367 3733 3.
404 3669 478 3736 Non
511 3694 620 3736 sumus
648 3672 840 3757 pertinaces,
871 3672 926 3735 sed
955 3672 1106 3757 dogmata
1134 3675 1270 3755 paterna
1298 3671 1512 3737 defendimus:

244 3771 508 3862 quemadmodum
536 3774 635 3838 etiam
661 3778 736 3839 tuae
764 3774 944 3839 dilectionis
967 3775 1087 3860 pagina
1108 3772 1301 3859 designavit,
1331 3774 1433 3840 zelum
1455 3798 1513 3861 pro

317 3974 423 4043 ¹)Durn
443 3977 515 4032 haec
538 3978 573 4033 ad
591 3978 711 4034 Felicem
728 3978 863 4034 scriberet
881 3980 964 4033 homo
982 3978 1148 4048 versipellis,
1172 3978 1327 4034 contrarias
1345 3979 1381 4033 ad
1399 3979 1512 4034 Petrum

237 4062 379 4131 licum
400 4061 531 4118 mittebat
552 4063 673 4130 litteras,
696 4082 765 4133 ques
788 4063 925 4133 Euagrius
947 4066 998 4130 lll,
1022 4071 1055 4120 ‘23
1078 4066 1114 4119 ob
1137 4064 1252 4119 nimiam
1275 4063 1465 4134 prolixitatem
1483 4083 1512 4119 sc

238 4144 370 4205 omin'ne
384 4149 511 4203 testatur.
541 4147 582 4203 De
600 4147 642 4202 his
659 4148 759 4203 htteris
776 4149 897 4204 Felicem
914 4150 991 4218 prius
1008 4150 1045 4204 ab
1064 4149 1224 4203 orthodoxis
1243 4149 1389 4204 certiorem
1408 4152 1513 4204 factum

237 4247 307 4290 este
324 4247 408 4300 quum
423 4231 464 4286 illi
483 4232 660 4301 rescriberet,
679 4237 776 4289 auctor
794 4237 837 4289 est
852 4234 1037 4306 Theophanes
1058 4233 1261 4305 chronograph.
1280 4253 1345 4305 pag.
1359 4241 1408 4290 206
1427 4237 1455 4289 et
1467 4235 1512 4288 Ni-

235 4315 383 4386 sephoris
398 4315 504 4372 Callisti
519 4318 547 4372 h.
561 4336 585 4373 e.
598 4319 674 4385 XVI,
690 4326 728 4374 19.
766 4319 845 4385 Quod
863 4323 968 4375 tamem
986 4320 1107 4389 prudeus
1124 4320 1250 4390 pontifex
1268 4319 1313 4373 hic
1331 4306 1492 4374 dissimulat.
1591 4388 1592 4392 Ἰ

311 4402 334 4467 ⁸)
354 4399 370 4454 i.
389 4418 412 4455 e.
430 4419 549 4475 quorum
566 4402 663 4458 audito
681 4405 815 4467 adventu,
834 4407 862 4459 ct
879 4406 1030 4473 antequam
1047 4404 1085 4458 ad
1103 4405 1271 4475 colloquium
1289 4405 1512 4481 admitterentur,

234 4504 299 4543 non
317 4484 375 4539 sliu
391 4485 425 4541 de
441 4504 526 4543 causa
543 4504 590 4543 eos
607 4489 714 4543 vennae
733 4489 963 4556 existimavimus,
981 4490 1033 4543 nisi
1052 4492 1082 4543 ut
1099 4492 1213 4545 nomina
1230 4480 1426 4545 damnatorum
1440 4495 1513 4544 Petri

235 4576 420 4629 Alexandrini
436 4584 462 4626 et
478 4578 588 4641 infelicis
607 4568 711 4643 Acrisii,
731 4578 762 4630 ut
779 4575 896 4647 epistola
916 4582 947 4629 lb
966 4576 1126 4646 exponitur,
1145 4594 1160 4629 c
1178 4576 1264 4630 sacris
1276 4575 1408 4630 ccclesiae
1421 4574 1512 4644 dipty-

233 4655 301 4713 chis
319 4658 428 4710 remota
445 4674 504 4712 esse
521 4660 698 4715 testarentur.
735 4660 843 4731 Qmppc
861 4662 976 4716 verbum
994 4669 1080 4717 oiim
1098 4663 1133 4716 dc
1151 4661 1277 4730 quolibet
1294 4678 1373 4715 sensu
1393 4659 1446 4713 dici
1465 4678 1512 4713 no·

231 4748 301 4797 tum
321 4742 373 4793 cst.
402 4741 478 4796 llisru
495 4745 590 4798 autem
607 4744 718 4800 fuerant
734 4746 774 4800 illi
792 4746 932 4812 monachi,
952 4748 1119 4804 utl'luvitac
1132 4747 1313 4815 adMougum
1332 4745 1432 4800 litteris
1450 4762 1511 4814 pro-

231 4826 307 4967 ff
327 4824 452 4966 srqupleru
470 4829 531 4898 ejus
548 4829 725 4886 manifestam
743 4833 878 4900 facerent,
897 4833 972 4901 quod
990 4835 1085 4889 temen
1097 4832 1174 4888 Felix
1193 4831 1245 4887 sibi
1259 4832 1398 4886 detectum
1412 4829 1512 4887 callide

297 4928 344 4965 un
402 4954 409 4966 .
