3450 5678
615 355 809 404 nmsronau
834 346 980 404 10-12.
1372 343 1434 408 ios

158 512 262 577 filium
283 513 429 575 nostrum
443 509 522 594 Hs)
546 509 714 574 diaconum
736 508 854 574 litteris
876 512 1040 596 sperastis,
1064 512 1232 577 beatorum
1246 514 1377 580 Nazarii
1400 521 1433 581 et
1445 542 1480 591 aa.
1493 533 1542 581 507

157 615 299 681 Romani
320 613 578 679 benedictionem
600 616 780 695 poscentes,
811 612 958 677 fidelibus
981 635 1048 677 non
1069 635 1236 700 negamus.
1283 617 1431 703 Accipite
1445 599 1549 662 ‘⁵⁰⁸·)
1626 642 1631 657 ⁸

157 717 342 784 veneranda
368 715 549 800 patrocinia
576 715 769 779 invictorum
802 715 957 799 militum,
992 716 1058 800 eti)
1087 716 1162 800 quia
1196 721 1337 783 vestram
1362 720 1432 805 jam

157 821 246 906 piam
272 819 368 883 fidem
389 818 424 882 in
447 816 576 902 praeliis
598 817 773 901 imperator
796 817 945 902 agnovit,
973 818 1112 883 feliciter
1135 820 1345 885 confessionis
1365 844 1432 886 mu-

157 944 237 988 nera
260 922 478 987 consummate
487 920 524 1005 5).
559 918 659 983 Dabit
681 919 784 1002 Deus,
808 941 906 1004 quum
927 919 989 1005 ipsi
1012 921 1186 1005 placuerit,
1210 922 1360 987 reducem
1382 947 1432 989 ec-

158 1024 265 1090 clesiis
293 1024 449 1108 quietem,
484 1026 517 1086 et
538 1024 575 1086 ut
601 1043 794 1103 moerorem,
828 1043 922 1106 quem
954 1022 1083 1089 induxit
1110 1024 1303 1109 adversitas,
1341 1027 1431 1111 pacis

156 1127 327 1192 dulcedine
351 1124 542 1190 consoletur.

664 1310 847 1413 Epistola
874 1312 926 1395 12.

358 1465 602 1532 Orientalium
625 1465 871 1547 cpiscoporum
893 1464 937 1531 ad
961 1462 1226 1545 Symmachum.
1443 1498 1466 1533 a.
1480 1487 1537 1532 an.

138 1658 140 1667 ,
194 1608 282 1659 antae
298 1612 400 1672 petunt,
423 1612 450 1654 ut
469 1604 639 1655 Orientalibus
657 1606 770 1653 ecclesiis
787 1605 921 1654 schismate
939 1605 1114 1655 laberantibus
1131 1623 1203 1672 qaam
1220 1610 1324 1671 primum
1342 1609 1398 1658 srib-

189 1695 286 1751 vem'at,
309 1692 406 1757 sibique
429 1691 620 1741 communionem
643 1691 784 1752 impertiat,
812 1696 839 1737 ιιι
857 1691 901 1754 qui
913 1691 990 1752 fidem
1012 1692 1162 1742 catholicam
1177 1696 1350 1757 profiteantur
1367 1710 1398 1743 ac

189 1779 334 1829 nominatim
352 1776 467 1825 Nestorii
484 1781 510 1824 et
527 1774 677 1839 Eutychetic
694 1773 815 1822 haereses
832 1775 964 1831 damnent,
989 1779 1100 1840 pacincis
1117 1776 1149 1825 ab
1168 1777 1213 1834 iis,
1232 1779 1275 1843 qni
1292 1780 1318 1828 in
1335 1794 1397 1844 qao·

189 1864 304 1913 carmeiam
321 1862 480 1911 addictorum
498 1861 659 1909 damnatione
682 1875 732 1908 non
750 1860 925 1924 acquiescant,
954 1861 1057 1909 reccdam
1074 1860 1124 1910 cidi
1141 1862 1319 1912 discedendum
1335 1880 1397 1928 pro·

557 1951 617 2008 pter
635 1945 765 1994 utilitatem
783 1944 915 1993 Ecclesiae
931 1950 1030 2008 putent.

308 2079 493 2144 Ecclesia
531 2075 757 2142 Orientalis
801 2076 846 2140 ad
884 2076 1160 2161 Symmachum
1200 2080 1431 2165 episcopum

403 2180 631 2244 Romanum.

243 2306 272 2367 1.
310 2300 419 2364 Bonus
441 2299 495 2363 ille
517 2302 550 2362 ct
573 2301 696 2362 amator
718 2298 884 2363 hominum
906 2297 1063 2363 Dominus
1090 2286 1201 2364 noster
1222 2301 1318 2367 lesus
1341 2301 1430 2369 Chri-

153 2410 235 2487 stus,
260 2404 314 2489 qui
336 2405 467 2486 propter
489 2401 667 2464 bonitatem
690 2422 780 2463 suam
801 2400 836 2463 in
859 2423 918 2464 nos
940 2401 1102 2465 inclinans
1126 2403 1229 2467 coelos
1252 2407 1286 2467 et
1300 2404 1430 2470 descen-

154 2509 236 2573 dens
257 2505 298 2570 ad
320 2510 437 2587 terras,
471 2502 686 2566 immaculatis
715 2502 892 2587 evangeliis
921 2502 1060 2587 quotidie
1091 2503 1171 2567 illud
1188 2496 1333 2603 'plemam
1365 2512 1430 2572 Nan
1443 2499 1574 2592 Martha,

154 2623 198 2676 cst
220 2630 296 2690 opus
317 2612 483 2671 valentibus
505 2611 630 2682 medica,
654 2610 710 2668 sect
729 2611 809 2667 male
823 2610 1016 2677 habenulam
1040 2628 1100 2670 non
1116 2615 1186 2670 veni
1198 2628 1308 2672 vacare
1319 2615 1428 2688 justos,
1451 2570 1570 2623 mem

154 2718 209 2778 sed
225 2720 404 2792 peccateres
426 2714 470 2771 act
485 2714 714 2787 poenitentiam.
748 2705 825 2771 Plus
848 2710 955 2771 autem
976 2707 1087 2771 volens
1103 2709 1226 2793 aperire
1242 2730 1339 2793 opera
1354 2731 1430 2774 suae

157 2813 357 2895 clementiae,
381 2810 500 2894 adjecit
521 2811 557 2873 in
577 2808 785 2894 sequentibus
800 2809 926 2873 dicens:
952 2813 1022 2884 (inis
1044 2823 1143 2874 autern
1165 2823 1295 2877 vestrum
1317 2817 1431 2877 habens
1465 2807 1530 2861 1³⁰⁰·

155 2928 275 2982 centum
291 2936 368 2991 oues,
392 2921 419 2978 si
434 2918 608 2993 perdiderit
631 2934 712 2976 ovem
735 2933 828 2974 unam
850 2932 890 2975 ex
912 2918 958 2988 iis,
983 2933 1083 2976 rronne
1104 2919 1248 2991 relinquit
1262 2923 1430 2993 nonapinta
1444 2882 1505 2944 14,4
1518 2896 1552 2931 ⁸⁸‘

157 3040 259 3085 noran
282 3024 313 3082 in
336 3023 469 3092 deserto,
499 3026 527 3077 ct
551 3020 634 3078 uadit
661 3019 704 3076 ad
722 3018 894 3093 perditam,
925 3018 1069 3092 quamdiu
1091 3021 1225 3079 inveniat
1246 3022 1354 3080 iiiam?
1391 3022 1431 3081 Et

158 3129 310 3187 aventem
337 3125 464 3198 imponit
495 3123 579 3180 illam
606 3121 744 3194 pandens
772 3123 803 3180 in
831 3120 964 3179 humeris
990 3123 1066 3193 aare,
1106 3128 1136 3180 ct
1163 3125 1284 3182 ueniens
1311 3125 1429 3183 domurn

156 3246 257 3300 snam,
282 3232 429 3287 conuocat
447 3227 559 3283 amicos
579 3240 649 3282 snos
670 3230 699 3280 et
720 3225 843 3294 uicinos,
869 3224 989 3282 dicens:
1010 3225 1226 3297 „concauitate
1246 3225 1333 3297 milii,
1359 3229 1430 3300 quia

159 3333 258 3393 inveni
277 3345 358 3390 ovem
381 3343 477 3386 mecam
498 3328 683 3402 partirent
718 3320 762 3384 Et
785 3324 821 3384 ut
844 3319 960 3384 clarius
982 3320 1073 3383 fieret
1095 3320 1178 3405 quod
1201 3322 1333 3404 dicitur,
1357 3345 1430 3386 mox

160 3428 276 3514 adjecit
307 3424 494 3511 parabolam
525 3423 685 3505 mulieris,
721 3444 802 3506 quae
834 3421 995 3507 perditam
1027 3422 1196 3487 invenerat
1232 3423 1429 3508 drachmam,

159 3532 300 3615 utrisque
323 3527 503 3611 adjungens
527 3530 560 3590 et
582 3526 707 3590 dicens:
732 3531 826 3589 Amen
849 3531 1026 3601 diaconilia,
1051 3533 1124 3604 quia
1146 3516 1190 3591 sic
1209 3533 1262 3603 fiet
1282 3533 1430 3606 paediam

160 3640 188 3699 in
209 3638 301 3699 coelis
323 3637 362 3711 de
383 3651 444 3695 ano
464 3641 627 3709 peccatore
646 3627 864 3708 poenitentiam
887 3640 1006 3706 apeme.

240 3733 331 3798 Haec
354 3731 420 3795 dixi
429 3732 464 3815 ¹),
489 3730 701 3813 sanctissime,
733 3730 854 3794 audens
877 3728 1057 3813 supplicare
1079 3752 1146 3795 non
1168 3753 1226 3814 pro
1248 3731 1429 3815 perditione

160 3835 252 3902 unius
284 3835 351 3900 ovis
384 3855 487 3917 neque
514 3854 572 3916 pro
600 3832 780 3917 perditione
808 3831 902 3895 unius
931 3832 1119 3916 drachmae,
1158 3832 1213 3896 scd
1240 3854 1298 3917 pro
1327 3835 1430 3899 amica

223 4076 246 4143 ⁸)
264 4046 319 4127 Pio
341 4071 437 4126 littera
461 4075 490 4123 Il
511 4069 646 4125 Batonius
669 4069 815 4124 substituit
837 4075 874 4137 Ν,
898 4085 987 4139 eoquo
1009 4071 1250 4141 monogrammate
1273 4070 1449 4143 Eunodium.

159 4158 369 4229 intelligendum
387 4155 548 4211 arbitratur.
583 4154 688 4208 Verum
706 4155 729 4207 is
750 4156 874 4293 saffram
892 4170 952 4208 mos
969 4157 1044 4219 erat,
1068 4155 1116 4225 qui
1136 4155 1246 4210 nonnisi
1263 4156 1346 4224 longe
1365 4160 1430 4226 post

159 4243 317 4315 Symmachi
333 4244 463 4312 tempora
479 4239 584 4317 mutari
596 4240 700 4309 coepit,
720 4240 751 4292 ut
763 4257 781 4307 q
802 4257 848 4293 um
861 4256 964 4309 vagum
976 4239 1091 4307 aliquod
1102 4258 1204 4295 nomen
1216 4242 1371 4310 exprimere
1383 4259 1429 4294 vo-

157 4329 264 4395 lebant,
285 4327 353 4381 illud
375 4342 431 4380 non
452 4326 513 4379 sola
533 4325 629 4378 littera
649 4329 680 4385 ιι,
697 4314 833 4399 seducta
851 4331 886 4381 m.
906 4323 1093 4393 designarent.
1136 4326 1312 4396 Quapropter
1339 4325 1429 4395 magis

157 4431 219 4469 cum
237 4412 384 4467 Sinnondo
403 4410 527 4465 retinere¹
540 4409 634 4479 placet
648 4406 774 4547 illiteram
792 4413 819 4462 H
825 4451 831 4469 ,
850 4425 939 4477 caque
951 4408 1129 4464 Hormisdam
1148 4413 1213 4465 tunc
1231 4408 1378 4464 diaconum
1396 4426 1429 4463 ac

156 4499 255 4569 postca
272 4495 431 4568 Symmachi
449 4511 635 4549 successorem
674 4493 832 4562 resignatum
849 4494 1038 4564 interpretari.
1373 4494 1375 4498 ’

223 4586 244 4652 ⁴)
263 4587 289 4637 c'
307 4589 368 4653 qnia
385 4593 410 4635 ct
423 4587 489 4648 jaun
525 4581 596 4633 Turn
615 4579 695 4633 Sirm.
716 4590 824 4633 vestram
839 4585 916 4647 sidem
935 4578 1036 4634 onrisso
1053 4586 1129 4648 piam,

224 4672 244 4737 ⁵)
263 4671 289 4722 ο7
306 4687 491 4726 consummare;
514 4668 543 4720 ct
559 4683 624 4719 mon
642 4670 767 4718 reducere
789 4681 841 4734 pro
858 4671 983 4718 redrcccm.
1020 4664 1142 4720 Subinde
1161 4665 1241 4718 Sirm.
1261 4670 1355 4717 indicit
1376 4680 1428 4734 pro

155 4759 265 4809 induxit.

226 4840 246 4907 ¹)
263 4841 291 4892 al
311 4842 369 4893 disi
439 4843 595 4891 sanctarena
670 4841 767 4890 auriens
789 4834 904 4905 (scilicet
926 4835 1044 4890 ecclesia
1067 4835 1227 4901 Orientalis,
1255 4851 1326 4901 quac
1349 4835 1428 4903 quasi

155 4924 273 4992 loquens
290 4923 457 4991 inducitur);
477 4923 534 4976 bc'i
552 4940 609 4990 seq.
629 4928 739 4977 dicimus
810 4926 966 4975 sanctissime
1037 4927 1100 4975 ausi.
