3412 5664
637 337 828 388 nersaouns
853 329 986 388 13-14.
1402 325 1442 390 31

225 500 392 559 manutersit
406 515 496 561 nosse.
514 507 605 555 utrum
620 497 652 554 ad
668 515 738 555 uanos
752 499 843 554 ltaliae
858 501 1011 573 episcopos.
1028 516 1060 554 an
1077 502 1156 556 etiam
1172 500 1204 555 ad
1220 501 1287 557 alios
1304 501 1370 557 baec
1385 503 1442 576 epi·

224 586 360 658 nolrndptn
374 586 419 640 sit.
442 583 531 659 lpsum
548 585 634 658 igitur
649 583 824 658 expendimus
840 584 1095 658 epistolae'corpus.
1117 585 1210 659 Neque
1221 602 1290 641 >vero
1306 585 1341 642 ibi
1357 588 1440 660 capl

223 680 242 728 et
252 670 279 726 li
295 670 382 725 desunt
397 678 540 732 momenta.
553 668 625 724 unde
637 670 848 742 inscriptionem,
867 686 935 742 quae
947 668 1060 732 obtinet,
1077 670 1279 743 praeferendam
1291 687 1351 727 csse
1364 670 1442 727 nobis

221 754 364 831 penmdetm.
399 754 489 810 Primo
510 756 581 809 enim
600 753 633 808 ad
654 770 712 809 eam
732 753 899 810 scribendam
920 771 981 810 sese
1002 754 1123 811 Gelasius
1144 763 1298 829 permotum
1320 772 1380 812 esse
1406 757 1443 811 ait

221 838 366 902 nbtionibus,
394 856 460 913 quas
480 856 563 912 quum
579 856 594 892 a
608 838 731 894 iohanne
746 837 898 895 Rauennate
919 841 1062 913 episcopo,
1091 848 1147 895 tum
1168 839 1200 895 ab
1221 840 1278 897 aliis
1300 840 1333 896 de
1353 841 1443 896 Piceni

220 924 303 999 parabus
315 933 459 998 acceperat.
491 924 566 979 Unde
580 923 652 978 illam
667 931 781 997 proptor
795 923 876 979 ltalos
892 925 1020 997 scriptam
1043 941 1103 980 esse
1118 923 1269 980 conficitur.
1301 924 1329 980 ld
1345 924 1443 981 confir-

220 1019 273 1072 nni,
285 1018 307 1065 et
319 1026 386 1084 quae
401 1008 434 1063 ab
448 1012 509 1084 ipso
521 1008 634 1064 exordio
649 1008 788 1081 praefatur
803 1008 872 1064 idem
889 1026 970 1082 papa:
986 1009 1089 1065 scilieet
1104 1026 1165 1065 sese
1181 1013 1358 1082 reparandis
1371 1014 1442 1072 miti-

219 1100 255 1151 tiu
265 1097 393 1151 clericulis
407 1094 515 1167 aspidis
526 1109 634 1166 operam
650 1091 722 1156 dare,
739 1110 815 1166 anne
828 1109 884 1164 per
894 1096 1026 1151 diuersas
1037 1095 1141 1150 ltaliae
1149 1103 1254 1166 partes
1266 1097 1332 1152 belii
1339 1095 1441 1168 sumis·

218 1184 419 1252 pccmsumpsit
429 1183 568 1235 incursio.
585 1177 726 1233 Praeterea
738 1178 774 1238 in.
791 1178 863 1252 qnod
876 1178 909 1233 de
925 1177 1041 1234 basilicis
1057 1181 1164 1235 noviter
1178 1182 1342 1236 constructis
1355 1180 1441 1253 capi

218 1266 339 1338 pnecipitnr
352 1266 540 1338 repetiturque
555 1262 672 1336 capis),
696 1279 740 1318 eas
755 1264 881 1318 nimirum
898 1281 954 1320 non
964 1268 1066 1336 petitis
1080 1280 1120 1320 esc
1135 1280 1213 1321 more
1235 1267 1311 1320 sedis
1326 1273 1440 1337 apostu-

216 1352 266 1405 ticue
274 1352 519 1421 praeceptionibus
534 1350 672 1405 dedicare
694 1352 801 1403 nemiiti
818 1351 918 1418 licere,
941 1349 975 1404 tle
991 1350 1123 1406 universis
1140 1351 1225 1404 totius
1241 1349 1370 1405 ecclesiae
1385 1352 1442 1424 epi·

217 1436 276 1507 napis
287 1433 382 1490 dictum
396 1434 513 1508 intelligi
528 1440 673 1507 repugnat.
699 1431 803 1506 Quippe
816 1433 843 1488 in
858 1441 916 1489 toto
929 1432 993 1489 orbe
1006 1433 1074 1490 nulli
1087 1435 1138 1489 nisi
1149 1451 1181 1488 en
1193 1436 1353 1490 auctoritate
1368 1435 1440 1491 sedis

217 1519 341 1592 apostolicae
357 1536 440 1576 novas
455 1518 582 1575 ecclesias
598 1534 757 1574 consecrare
773 1524 838 1574 tunc
853 1519 976 1582 licuisse,
999 1520 1058 1592 quis
1080 1520 1216 1574 assentiat.
1255 1519 1332 1575 llune
1351 1528 1441 1576 autem

217 1604 302 1659 uuniu
317 1604 405 1660 ltaliae
420 1605 567 1678 provinciis
583 1601 742 1665 obtinuisse,
759 1611 825 1658 tunc
835 1604 887 1658 ista
897 1603 995 1659 Gelasii
1007 1605 1107 1677 scripta
1120 1612 1184 1659 tunc
1195 1603 1288 1678 plures
1301 1604 1442 1679 Gregoriil

217 1688 310 1762 epistulae
324 1688 403 1745 lidom
419 1689 530 1744 faciunt.
564 1686 646 1742 l'orte
666 1695 693 1742 et
713 1695 809 1761 postea
830 1687 901 1743 idom
923 1704 987 1744 usus
1003 1690 1031 1744 in
1046 1687 1104 1744 aliis
1121 1687 1281 1763 quibusdam
1296 1691 1440 1763 provinciis

217 1783 304 1847 rreum
321 1781 372 1830 est.
414 1776 493 1830 tlerte
514 1772 622 1828 saeculo
643 1789 716 1827 nono
738 1772 879 1828 desinente
898 1773 1048 1829 iohannem
1064 1773 1118 1828 Vlll
1147 1791 1170 1828 s.
1184 1773 1276 1830 iacobi
1302 1773 1439 1836 eeclesiae,

217 1873 268 1930 prm
278 1858 469 1933 Compostellae
484 1856 679 1931 lllpbonsuslll
696 1873 741 1913 rex
753 1865 951 1920 construxerat,
967 1858 1165 1915 consecrandae
1177 1866 1340 1932 potestatem
1353 1858 1441 1914 facere

218 1942 289 1997 trull
302 1943 398 2000 concil.
416 1944 458 1999 ed.
468 1942 530 1999 bob.
542 1960 606 2016 pag.
616 1941 676 1998 219
692 1942 819 2016 legimns.
852 1942 970 2016 lienique
985 1943 1126 2017 gerncralus
1142 1943 1201 1999 illas
1218 1943 1356 2017 querelas.
1374 1960 1440 2017 quas

217 2024 300 2084 bustu
313 2028 435 2103 eupli,
457 2035 596 2088 memorat.
617 2028 641 2082 si
656 2043 717 2082 cum
732 2026 862 2097 subjectis
878 2028 1052 2101 epistolarum
1067 2030 1153 2102 ipsius
1170 2028 1328 2102 fragmentis
1344 2036 1441 2085 contu·

218 2109 358 2176 tolomeus
373 2114 406 2169 ad
422 2113 554 2188 speciales
569 2111 659 2167 ltaliae
675 2113 825 2186 provincias
841 2114 978 2186 pertinere
1001 2113 1070 2169 baud
1087 2130 1168 2188 aegre
1184 2113 1339 2187 largiemur.

273 2216 296 2272 5.
323 2216 376 2271 Cur
392 2225 482 2272 autem
496 2217 633 2289 generate
655 2216 801 2270 decretum
817 2217 856 2271 ud
876 2231 973 2271 uenires
988 2220 1168 2287 episcopusin
1185 2215 1312 2288 liionysio
1328 2215 1440 2289 aliisque

217 2311 361 2374 aucupetur,
383 2303 406 2356 si
428 2301 489 2375 quis
511 2306 637 2373 quaerat,
659 2298 729 2354 lraetd
750 2317 831 2374 aegre
853 2299 932 2370 liujus
948 2302 986 2356 rei
1004 2301 1130 2356 afferatur
1144 2317 1232 2356 causa.
1263 2299 1353 2355 Primo
1369 2303 1440 2356 enim

217 2385 297 2457 nthnis
315 2386 340 2441 id
356 2388 517 2460 contingere
533 2386 636 2458 potuit.
658 2383 731 2458 qnod
753 2386 834 2439 etiam
852 2389 926 2440 'nunc
943 2384 1063 2458 pluribus
1079 2385 1184 2448 accidit,
1204 2394 1232 2441 ut
1249 2401 1332 2459 quum
1348 2402 1438 2459 opera,

217 2483 295 2539 pamm
310 2471 379 2526 tituli
394 2479 460 2526 sunt
475 2470 645 2544 prolixiores,
667 2470 749 2524 citare
764 2479 910 2544 eoguntur,
933 2470 1017 2544 prima
1033 2470 1188 2526 eorumdem
1205 2470 1346 2526 titulorum
1361 2468 1440 2525 verba

216 2552 284 2610 mene
297 2558 357 2611 satis
374 2555 498 2611 babeant.
524 2554 590 2610 llinc
605 2553 637 2608 ab
646 2554 771 2609 dnselmo
785 2553 898 2611 Lunensi
914 2555 978 2611 liaeo
994 2556 1051 2629 ipsa
1066 2554 1181 2629 epistola
1196 2572 1269 2611 nunc
1282 2554 1441 2629 simpliciter·

217 2643 350 2697 ttonnibus
365 2644 524 2712 episcopis,
546 2637 627 2694 morlo
651 2647 680 2693 ut
701 2641 830 2696 omnibus
851 2644 995 2711 episcopis
1010 2656 1065 2712 per
1080 2641 1254 2711 Laecanium,
1277 2640 1398 2696 Brutios
1413 2647 1440 2694 et

216 2720 305 2781 &dian
316 2727 444 2800 inscripta
457 2725 589 2780 laudatur.
621 2723 675 2779 Nec
690 2724 739 2778 alia
757 2724 807 2779 fnit
821 2741 917 2788 causa,
939 2728 1028 2780 curin
1044 2727 1129 2781 reteri
1150 2742 1283 2781 canonum
1299 2724 1391 2780 codice
1407 2724 1438 2778 ad

215 2821 266 2862 uun
278 2811 398 2867 ecelesiae
415 2810 547 2883 llispanae
563 2810 722 2865 coireinnato
739 2826 933 2883 nonnunquam
949 2809 1063 2883 epistula
1086 2813 1127 2866 ud
1139 2815 1292 2882 episcopos
1311 2825 1368 2882 per
1383 2810 1438 2865 Lu·

214 2896 293 2950 eeniun
307 2905 367 2966 etc,
385 2897 493 2970 saepius
507 2896 654 2968 quaerulis
669 2897 789 2966 epistota
805 2895 845 2950 vel
861 2898 998 2968 generate
1012 2897 1160 2952 decretum
1175 2894 1334 2969 appelletur.
1363 2894 1441 2949 Prae·

213 2982 364 3037 mumouito
380 2983 408 3036 in
421 2979 590 3054 epistolamf)
604 2978 690 3034 Siricii
707 2980 760 3034 nit
774 2978 984 3042 oliserrarimns,
1002 2979 1159 3035 idliomanis
1171 2977 1345 3053 pontificibus
1357 2981 1439 3034 neoris

213 3057 277 3125 idtio
290 3073 316 3120 ut
330 3083 399 3140 quae
414 3074 528 3139 propter
541 3063 671 3138 speciales
688 3063 815 3136 quasdam
831 3063 956 3119 eeclesias
973 3063 1111 3119 ediderant
1126 3063 1248 3126 decreta,
1265 3081 1296 3119 ea
1311 3065 1390 3118 etiam
1406 3063 1438 3118 ad

212 3144 256 3200 tin
266 3151 402 3206 mitterent.
433 3149 504 3205 llibil
520 3158 611 3204 autem
626 3148 731 3204 videtur
746 3149 919 3211 incommodi,
936 3151 959 3205 si
973 3148 1095 3204 Gelasius
1111 3149 1153 3205 bie
1168 3148 1291 3205 curiielcm
1309 3147 1438 3218 majorum

212 3237 413 3291 minitatus
430 3234 564 3291 credatur.

271 3336 294 3391 t.
321 3337 374 3392 llac
389 3338 469 3393 etiam
485 3339 513 3392 in
525 3353 554 3391 re
569 3335 679 3392 eosdem
695 3345 737 3391 est
751 3337 879 3400 imitatus,
897 3336 968 3410 quod
986 3354 1041 3393 non
1056 3338 1114 3392 sine
1129 3335 1235 3410 synodo
1251 3333 1356 3391 celebre
1372 3335 1438 3391 illud

212 3412 315 3476 lentum
325 3423 489 3496 composuit.
515 3420 581 3477 llinc
594 3420 663 3476 idem
676 3422 757 3495 epist.
766 3420 807 3478 20
822 3420 853 3476 ab
867 3423 926 3495 ipso
938 3420 1150 3486 commendatur,
1163 3430 1193 3478 ut
1206 3419 1278 3497 quod
1293 3427 1438 3477 tantorum

213 3501 344 3562 edictione
355 3510 526 3579 pontificum
540 3507 592 3563 sub
608 3510 729 3562 omnium
741 3509 949 3563 saluberrimae
955 3511 1132 3579 provisionis
1143 3523 1265 3563 assensu
1274 3505 1439 3578 perfectum

213 3582 255 3639 luit
276 3588 330 3661 Eius
345 3601 435 3648 autem
452 3591 518 3647 duas
533 3598 624 3665 partes
639 3590 844 3666 distinguendas
860 3608 920 3647 esse
934 3593 992 3666 ipse
1007 3609 1065 3667 cap.
1079 3591 1118 3647 24
1135 3592 1224 3655 docet,
1242 3590 1286 3647 ubi
1301 3592 1339 3646 sic
1351 3590 1439 3664 loqui·

212 3676 252 3723 tn:
264 3674 297 3731 lle
306 3678 451 3734 nonnuliis
465 3679 606 3749 laicisque
617 3679 761 3748 copiosius
772 3680 801 3732 in
811 3680 924 3748 pumue
936 3680 1153 3749 praeceptionis
1163 3678 1255 3749 liujus
1262 3683 1351 3748 purte
1361 3679 1438 3750 dipe-

211 3760 269 3812 dtn.
293 3759 403 3818 Rursum
419 3764 447 3818 in
462 3760 590 3836 epist.25
612 3752 725 3834 dbplicis
747 3760 827 3832 liujus
848 3763 930 3835 partis
952 3761 1153 3818 distinctionem
1175 3771 1267 3836 aperte
1281 3759 1381 3818 indicat
1397 3761 1438 3816 bis

212 3838 283 3898 tnb's:
293 3847 453 3920 Praecepta
465 3849 625 3921 synodalia,
642 3863 718 3919 quae
733 3854 801 3902 unte
813 3864 927 3918 paucus
942 3863 1053 3904 menses
1068 3848 1103 3903 de
1118 3848 1185 3903 sede
1200 3854 1302 3903 nostru
1317 3848 1357 3903 ud
1368 3865 1436 3919 pro·

212 3925 300 3986 maun
314 3942 380 3990 sunt
390 3934 513 4002 directa,
530 3938 557 3988 et
569 3934 695 4005 antiquis
708 3934 867 3988 canonibus
877 3936 1067 4001 consentiunt,
1081 3938 1109 3989 et
1124 3947 1169 4003 ea,
1186 3947 1261 4005 quue
1272 3935 1364 3989 minus
1375 3947 1438 3988 esse

209 4011 344 4087 illidantur,
361 4019 528 4086 addidimus,
546 4024 573 4073 et
588 4020 616 4072 in
633 4024 758 4090 utruque
777 4023 865 4088 purte
880 4023 995 4073 canstat
1010 4025 1061 4073 etc.
1089 4016 1182 4090 Neque
1196 4015 1285 4072 solum
1300 4015 1363 4072 inde
1378 4034 1438 4091 par·

210 4090 259 4150 ¹1⁸¹
268 4099 360 4158 illarum
372 4103 584 4164 distinctionem,
592 4100 639 4157 sed
650 4110 678 4157 et
690 4101 870 4158 distinctionis
882 4101 962 4172 bajus
975 4103 1106 4158 rationem
1118 4110 1282 4176 compertam
1298 4100 1437 4157 babemus.

210 4171 240 4230 ΙΝ
249 4195 324 4261 tempe
338 4187 461 4243 dolosius
476 4186 517 4248 id,
539 4185 612 4260 quod
628 4188 745 4260 antiquis
761 4185 907 4242 canonibus
922 4188 1054 4243 sancitum
1076 4195 1146 4249 erat.
1168 4189 1254 4262 primo
1271 4185 1385 4247 firmare,
1407 4204 1437 4240 ae

209 4256 281 4321 tam
292 4272 358 4346 quod
375 4271 477 4328 eisdem
492 4271 588 4326 deesse
604 4271 643 4326 vel
661 4273 748 4327 minus
763 4287 823 4326 esse
839 4270 984 4335 videbatur,
1001 4273 1128 4345 supplere
1143 4290 1173 4327 se
1184 4270 1323 4328 studuisse
1333 4281 1434 4327 metiret.

209 4339 250 4401 ,tu
260 4352 298 4410 dia
311 4355 461 4431 quaerenda
477 4364 519 4411 est
534 4357 612 4417 ratio.
629 4372 677 4411 cur
692 4355 800 4412 eaedem
816 4373 859 4412 res
875 4358 967 4431 primis
983 4359 1010 4412 in
1026 4355 1157 4430 capitibus
1166 4357 1221 4427 jam
1235 4364 1370 4420 tractatae,
1386 4357 1437 4411 ite·

208 4442 253 4487 Μ
264 4437 362 4498 route
377 4443 405 4498 in
427 4439 623 4516 posterioribus
639 4448 788 4496 tractentur
809 4450 836 4497 et
852 4441 1039 4516 explanentur.

271 4539 293 4596 l.
312 4543 407 4600 Totam
422 4542 563 4618 epistolam
576 4542 718 4616 Dionysius
731 4541 851 4618 Exiguus
867 4551 894 4599 et
909 4542 1059 4599 lladrianns
1071 4542 1090 4599 l.
1108 4544 1135 4600 in
1150 4543 1189 4601 28
1206 4543 1330 4618 capitula,
1344 4541 1436 4616 llispa·

208 4630 246 4673 Ν
259 4634 332 4684 antem
352 4628 522 4685 collectionis
543 4628 703 4702 compilator
723 4637 749 4683 et
765 4627 883 4685 isidorus
898 4629 925 4684 in
944 4627 985 4687 30
998 4627 1155 4685 ‹livisernnt
1186 4628 1245 4685 Non
1262 4627 1332 4684 aliud
1348 4637 1436 4685 umen

207 4700 260 4760 lflltt
270 4727 308 4767 eos
323 4722 362 4769 est
377 4713 535 4777 anserinam,
558 4715 609 4768 nisi
625 4713 697 4787 quod
715 4731 729 4768 e
745 4712 850 4769 duobus
866 4714 957 4787 periuris
974 4715 1000 4769 in
1017 4712 1132 4787 llispana
1147 4713 1307 4769 collectione
1323 4720 1351 4768 et
1366 4713 1436 4787 apud

208 4783 348 4854 Mutuum
369 4807 486 4874 quatuor
507 4798 631 4854 confecta
651 4807 724 4854 sunt.
767 4797 799 4853 Et
820 4818 869 4855 nos
891 4798 997 4872 quidem
1019 4797 1177 4855 divisionem
1199 4798 1385 4871 ltionysianam
1407 4808 1436 4854 ut

207 4876 361 4951 ’liquorem
384 4893 411 4941 ct
429 4901 509 4957 qnam
523 4883 700 4947 Cresconius,
717 4884 861 4963 coricilimn
876 4883 1026 4940 parisiense
1039 4884 1078 4949 Vl,
1095 4881 1340 4947 Suessionenselll,
1358 4883 1437 4940 lline·

210 5056 220 5093 l
