3450 5678
339 279 401 344 77ίὶ
779 292 806 339 s.
824 288 1030 337 uonnrsuau
1054 288 1167 336 rursu

230 478 253 514 a.
267 465 324 514 516.
339 451 396 512 aut
417 443 682 531 quemadmodum
705 444 773 508 odit
794 443 969 528 originem,
1003 443 1057 529 qui
1085 465 1151 508 non
1180 446 1364 508 exsecratur
1390 446 1424 509 ct
1444 444 1617 509 sobolem?

339 551 378 615 ln
401 547 565 632 discipulis
587 546 791 632 praedicatur
811 545 899 609 fama
922 546 1120 629 docentium,
1153 548 1185 610 et
1213 545 1313 610 donec
1341 545 1425 611 male
1448 547 1617 631 jactorum

340 652 497 717 seminum
526 650 615 714 radix
650 671 706 733 per
733 649 937 713 succedentes
972 647 1058 712 culta
1091 648 1252 731 floruerit,
1288 648 1411 712 tamdiu
1444 652 1617 714 suetorum

340 739 493 819 memoria
515 774 580 816 non
603 750 731 835 peribit.
771 750 918 815 Addatur
940 750 1073 834 perditis
1082 751 1109 838 8)
1124 750 1317 835 Eutychetis
1339 753 1372 814 et
1387 750 1528 815 Aeacius
1553 751 1618 815 dis·

342 854 466 942 cipulis,
490 855 549 918 sub
573 853 794 918 communione
815 851 905 916 Petri
935 852 1076 917 omnium
1098 874 1222 937 quoque
1245 853 1471 917 damnatorum
1493 853 1619 918 mixtus

341 957 454 1023 errori:
484 956 567 1041 quod
589 958 696 1019 restra
724 953 851 1018 dileetio
878 953 996 1018 litteris
1024 955 1105 1037 suis,
1140 953 1215 1018 dum
1243 955 1338 1019 fidem
1366 977 1457 1019 suam
1486 956 1619 1038 asserit,

341 1059 504 1125 evidenter
526 1057 693 1142 expressit.

425 1160 456 1225 5.
494 1159 546 1224 Ad
574 1157 820 1222 instructionem
848 1161 973 1221 vestrae
1000 1157 1074 1221 fidei
1103 1158 1296 1243 pleniorem,
1331 1181 1393 1244 quo
1426 1160 1542 1224 ordine
1578 1161 1620 1224 ad

344 1262 599 1328 communionem
621 1262 764 1323 nostram
786 1259 905 1344 suscipi
921 1261 1033 1324 deceat
1047 1264 1254 1344 revertentes,
1278 1261 1488 1348 indiculum⁴)
1505 1263 1622 1326 subter

263 1427 281 1462 n
344 1364 534 1449 adjecimus,
569 1364 736 1446 sperantes
764 1361 797 1424 in
820 1360 923 1425 Deum
945 1361 1101 1426 bonorum
1128 1363 1270 1427 omnium
1293 1364 1497 1448 largitorem,
1532 1365 1621 1449 quod

213 1485 242 1530 ol
264 1452 324 1530 nir]
345 1465 498 1531 laudabili
522 1465 605 1529 eirea
629 1464 723 1527 fidem
746 1467 871 1528 vestrae
893 1463 1110 1549 dilectionis-⁵)
1138 1465 1311 1550 instantia,
1340 1488 1405 1530 non
1428 1466 1534 1529 solinu
1558 1466 1621 1530 hoe

343 1591 452 1634 eorum
475 1566 529 1650 qui
551 1566 640 1631 vobis
663 1565 829 1629 vicinitate
848 1565 1031 1651 junguntur
1059 1566 1154 1629 saluti
1177 1567 1295 1651 prosit,
1319 1565 1384 1632 'sed
1407 1590 1518 1632 eorum
1541 1591 1622 1654 quo

343 1693 420 1756 que,
450 1669 489 1733 ad
512 1688 589 1752 quos
612 1666 686 1731 fidei
709 1671 833 1731 vestrae
862 1671 894 1731 et
921 1668 1090 1752 religiosae
1118 1668 1293 1732 voluntatis
1321 1668 1412 1733 velox
1433 1670 1523 1734 fama
1548 1692 1622 1755 per-

343 1771 477 1837 venerit.
515 1769 668 1832 Rufinum
690 1769 845 1853 siquidem
868 1769 1047 1853 diaconum,
1075 1771 1129 1854 qui
1152 1771 1245 1834 nobis
1267 1770 1393 1834 litteras
1415 1775 1542 1835 vestras
1566 1773 1622 1836 ob

343 1873 435 1954 tulit,
458 1873 492 1935 in
517 1870 636 1935 Christi
659 1870 794 1935 caritate
817 1872 1029 1954 suscepimus,
1062 1893 1156 1956 quem
1179 1871 1395 1956 apostolorum
1417 1873 1623 1938 orationibus

345 1973 604 2039 commendantes
627 1994 799 2057 cumpace
822 1974 1000 2037 remisimus
1022 1973 1204 2057 hortantes,
1234 1974 1359 2039 litteras
1388 1999 1407 2038 a
1433 1975 1528 2039 nobis
1552 1980 1621 2040 tam

345 2077 385 2140 ad
408 2077 575 2140 caritatem
596 2078 685 2138 tuum
708 2097 803 2159 quam
826 2075 865 2138 ad
881 2076 1037 2159 synodum
1052 2077 1189 2141 directas
1204 2076 1321 2161 populo
1336 2077 1508 2161 relegatis3
1534 2079 1621 2163 quod

346 2182 378 2243 et
392 2199 451 2241 nos
466 2198 524 2260 pro
538 2176 612 2240 fidei
628 2179 752 2240 vestrae
768 2176 1044 2242 commendatione
1057 2178 1173 2242 fecisse
1189 2199 1356 2263 cognosce.
1386 2178 1473 2244 Data
1488 2179 1621 2265 wi)

346 2278 504 2345 calendas
525 2277 723 2360 Decembris
750 2277 848 2342 Petro
871 2278 1010 2343 consule.

191 1348 255 1462 epp?
273 1347 330 1462 ni).

415 2587 435 2651 3)
453 2584 497 2638 lta
514 2584 605 2637 locum
622 2580 806 2647 restituimus,
826 2582 872 2650 qui
891 2582 920 2636 in
938 2582 971 2637 G¹
987 2586 1011 2636 a'
1032 2589 1142 2650 perditis
1157 2589 1305 2654 Euspeberr's
1323 2598 1348 2639 er
1367 2591 1460 2640 Aeacii
1476 2593 1618 2656 discipline

345 2673 493 2724 subeamus.
512 2673 587 2722 Petri
603 2673 707 2722 omnium
726 2688 823 2736 quoque
843 2674 1016 2722 damnatorum
1034 2690 1066 2721 ru.
1085 2689 1106 2722 e.
1126 2675 1195 2738 qual
1212 2673 1249 2736 (a.¹
1268 2674 1341 2740 quos)
1359 2683 1446 2725 uestra
1464 2674 1533 2737 0th
1552 2672 1617 2726 bec

345 2760 448 2824 perdito
468 2758 604 2821 Eutyedeti
626 2763 651 2805 et
669 2756 781 2805 Aeacius
803 2758 942 2821 discipulus·
963 2758 1008 2806 sud
1025 2760 1192 2807 commuuione
1212 2760 1286 2808 I’etrr'
1308 2762 1463 2824 omniurupue
1487 2762 1616 2811 densato·

346 2861 401 2892 rum
419 2861 451 2892 m.
469 2859 491 2892 e.
510 2858 572 2907 quos
590 2849 676 2891 vestre
694 2837 746 2890 ete.
782 2837 814 2890 ln
831 2837 885 2891 hae
902 2837 1014 2891 Batonii
1033 2838 1204 2893 correctione
1223 2838 1297 2892 enim
1314 2838 1344 2892 id
1362 2839 1505 2909 displicet:
1528 2841 1617 2911 primo

348 2922 423 2992 quod
440 2921 569 2976 licentior
586 2922 636 2987 sit,
656 2920 756 2976 deinde
775 2921 850 2990 quod
868 2937 923 2975 non
941 2922 977 2976 sit
995 2921 1063 2977 satis
1082 2926 1224 2989 accuratu,
1248 2925 1277 2977 et
1294 2923 1323 2976 id
1342 2924 1455 2991 quidem
1473 2926 1535 2979 tum
1553 2926 1617 2995 quis

347 3007 464 3062 Aeacius
480 3008 594 3077 praeter
612 3006 758 3060 veritatem
781 3005 889 3060 dicatur
906 3007 1068 3076 Eutychetis
1086 3007 1248 3077 discipulus,
1270 3012 1330 3062 tum
1349 3008 1415 3077 quia
1436 3010 1512 3065 idem
1530 3028 1617 3079 aeque

347 3092 472 3161 proxime
490 3094 645 3146 ceterorum
664 3091 858 3144 damnatorum
877 3094 962 3160 atque
980 3091 1057 3146 Petri
1074 3093 1170 3162 Mongi
1189 3093 1380 3148 communione
1399 3095 1525 3163 pollutus
1542 3095 1617 3150 indu·

348 3179 434 3231 eatur.
472 3178 515 3230 Ita
537 3192 602 3231 vero
625 3175 821 3244 intelligendus
844 3179 898 3242 est,
922 3176 1002 3245 quasi
1024 3175 1151 3232 dixisset:
1174 3182 1290 3232 Perditis
1314 3183 1464 3248 Euryebeu's
1487 3187 1618 3250 disdpslis

348 3269 460 3315 addetur
478 3274 503 3316 el
522 3267 662 3326 Arsacias,
682 3267 725 3330 qui
742 3280 796 3313 euru
815 3267 894 3315 Petro
907 3266 1003 3329 Monpo
1021 3268 1077 3315 dum
1095 3269 1294 3326 communicavit,
1314 3270 1420 3318 omnim
1437 3286 1538 3336 quoque
1550 3273 1618 3322 den·

350 3359 464 3401 iratorum
481 3353 575 3400 viriatus
593 3359 631 3399 est
649 3351 742 3399 errori.

416 3434 436 3498 ⁴)
455 3432 515 3485 Hoe
528 3433 570 3485 est
581 3431 707 3485 libellum
719 3429 755 3484 ab
768 3429 801 3484 iis
813 3431 1051 3499 subscribendum,
1068 3432 1114 3500 qui
1127 3432 1297 3502 apostolieae
1310 3431 1382 3488 sedis
1395 3434 1619 3490 communionem

349 3515 560 3582 desiderabant,
578 3524 610 3569 ut
626 3515 655 3569 in
673 3515 852 3582 sequentibus
868 3516 992 3585 epistolis
1009 3517 1174 3572 declaratur.
1204 3520 1231 3572 Is
1250 3519 1361 3586 quidem
1374 3519 1411 3573 ab
1423 3518 1477 3573 hae
1489 3520 1619 3590 epistola,

349 3602 393 3655 eui
405 3600 544 3657 subnexus
556 3601 661 3667 fuerat,
679 3600 789 3656 excidit.
826 3600 881 3655 Sed
900 3617 984 3667 quum
1002 3602 1123 3671 primum
1141 3620 1192 3671 per
1209 3603 1319 3672 legatos
1331 3603 1504 3670 Ennodium,
1523 3605 1618 3661 Fortu·

350 3689 459 3751 natum,
477 3685 654 3751 Venantiuru,
671 3685 793 3740 Vitalcm
812 3687 841 3740 et
858 3685 984 3740 Hilarum
1004 3686 1029 3740 d.
1051 3694 1089 3740 11.
1109 3689 1180 3755 Aug.
1200 3705 1225 3742 a.
1245 3694 1295 3743 516
1313 3690 1367 3757 (ep.
1384 3693 1410 3756 7)
1428 3687 1457 3742 in
1475 3689 1618 3745 Orientem

350 3770 470 3824 directus
493 3770 621 3825 videatur
643 3788 676 3824 ae
698 3769 798 3824 deiude
821 3771 915 3824 Horm.
941 3771 966 3824 d.
986 3778 1010 3823 2.
1030 3773 1096 3841 slpr.
1121 3790 1145 3826 a.
1167 3779 1215 3827 517
1238 3772 1275 3826 ad
1297 3773 1443 3842 episcopos
1468 3773 1619 3845 Hispaniae

350 3854 598 3920 transmitteretur,
627 3858 656 3909 et
677 3855 788 3908 illorum
810 3853 931 3909 indiculo
954 3859 983 3909 et
1007 3855 1141 3927 epistolae
1165 3857 1201 3912 ad
1223 3858 1273 3911 hos
1296 3856 1379 3912 datae
1403 3859 1432 3912 in
1455 3859 1618 3915 collectione

351 3939 485 3994 Avellana
496 3939 623 3993 subditus
641 3942 682 3994 est
701 3943 744 4007 (cf.
758 3941 853 3994 Herm.
872 3959 916 4010 ep.
930 3947 945 3994 7
963 3959 988 3995 n.
1002 3948 1030 4006 9,
1049 3947 1082 3994 26
1094 3960 1121 3995 n.
1135 3946 1170 4010 ⁸2).
1199 3942 1332 4012 Ejusdem
1344 3944 1375 3997 et
1384 3943 1539 4012 imaginem
1550 3945 1617 3999 Hor·

351 4025 456 4080 nrisdw
473 4042 516 4094 cp.
530 4032 560 4078 ol
581 4032 636 4078 Μ
653 4026 779 4095 praebet.
956 4093 959 4100 Ι

418 4113 439 4176 ⁵)
458 4109 524 4163 bec
542 4122 642 4164 uestrae
660 4117 801 4166 devotionis
874 4117 1028 4167 remittimus.

418 4199 438 4262 ⁶)
457 4195 608 4248 Numerum
628 4200 718 4249 XVI!
735 4196 806 4262 (loeo
827 4200 914 4264 XIII)
932 4195 1110 4250 librariorum
1123 4195 1270 4253 oscitantia
1286 4198 1342 4252 hue
1359 4199 1517 4269 irrepsisse,
1534 4201 1615 4269 atque

351 4280 423 4334 hane
440 4279 587 4352 epistolam
605 4300 637 4335 eo
657 4281 714 4347 dic,
737 4299 791 4350 quo
811 4281 882 4335 duae
900 4283 1061 4350 sequentes,
1085 4282 1181 4336 datam
1203 4300 1264 4337 esse
1283 4283 1358 4338 haud
1375 4286 1482 4339 temere
1501 4285 1614 4355 suspica-

352 4383 420 4420 mur.
456 4365 514 4419 Nec
533 4367 627 4419 tumen
645 4366 840 4421 auctoritatem
858 4384 908 4423 rus.
928 4366 1110 4421 deserendum
1127 4367 1261 4422 duximus.
