3450 5678
110 508 133 547 a.
146 496 204 547 1518.

64 2228 127 2284 Lau.
137 2235 205 2297 10,1.

81 3245 96 3292 2
107 3235 206 3290 Chron.

75 3311 200 3372 aaron.
246 3341 253 3363 ι

220 313 282 379 828
660 330 688 379 s.
705 329 911 379 uonnnsnnn
933 329 1047 377 aaran

259 484 290 549 8.
329 479 397 549 Διά
423 488 559 566 γενικῆς
592 483 828 567 σωτηριαίδους
920 485 951 548 8.
986 483 1153 549 Generalis
1181 484 1326 555 mandati
1355 486 1501 553 salubri·

218 587 356 670 ἐντολῆς
378 583 459 670 ὑμῖν
480 590 650 667 παραινῶ·
687 590 756 650 πάν
776 582 827 652 ὅτι
877 589 945 651 tate
980 608 1036 651 vos
1072 608 1201 651 moneo:
1246 588 1403 673 quidquid
1444 590 1500 655 ad-

216 678 281 752 ούν
318 687 509 765 ἐξεναντίας
550 692 619 752 τῶν
654 692 827 771 πατρικῶν
878 711 986 753 versus
1008 688 1136 773 regulas
1158 693 1287 773 patrum
1306 690 1346 755 de
1361 691 1500 776 quibas·

217 789 373 855 κανόνων
396 790 430 866 ἐξ
448 788 657 875 οίωνδήποτε
672 788 826 874 ύπομνη-
876 791 956 856 libet
979 791 1215 856 commentariis
1238 792 1415 876 profertur,
1442 794 1499 859 ab

215 893 330 977 μάτων
357 896 595 976 προενεχθείη,
629 890 823 958 άπάσασθε.
872 893 975 977 jicite.
1026 892 1141 958 Nullus
1164 916 1218 958 vos
1245 893 1498 979 incongruenti-

216 993 347 1078 Μηδεὶς
368 992 456 1079 ύμάς
472 992 703 1080 άπροσφόροις
718 1011 820 1078 προσ·
876 996 935 1059 bus
956 995 1136 1080 praeceptis
1166 998 1222 1059 aut
1247 997 1341 1061 novis
1362 1004 1499 1064 moreat

215 1097 382 1181 τάγμασιν
412 1091 434 1182 ἢ
466 1099 641 1180 νεωτέροις
668 1095 825 1183 ὁρίσμασι
876 1097 1053 1162 institutis:
1088 1097 1163 1183 εἰη)
1194 1098 1280 1162 enim
1313 1099 1370 1184 qui
1400 1122 1498 1166 mun·

217 1199 413 1264 καινισάτω·
451 1200 481 1264 εἰ
501 1198 564 1283 μὲν
591 1200 655 1282 γάρ
679 1201 744 1265 είσι
766 1224 821 1264 κο-
877 1199 952 1264 dani
983 1203 1073 1283 sunt,
1105 1199 1256 1265 ecclesias
1282 1203 1397 1266 tenere
1427 1225 1496 1269 non

216 1301 340 1387 σμικοί,
364 1301 419 1365 καὶ
441 1298 483 1365 ού
506 1298 670 1367 δύνανται
692 1298 751 1378 τάς
768 1303 825 1367 ἐκ·
876 1306 1027 1387 possunt,
1051 1302 1127 1387 quia
1149 1303 1194 1367 eis
1217 1304 1371 1367 convenit
1384 1306 1497 1391 magis

216 1407 355 1489 κλησίας
376 1403 538 1486 κατέχειν,
563 1401 677 1489 ἐπειδὴ
694 1404 825 1481 τούτοις
877 1403 997 1469 discere
1026 1427 1121 1489 qnam
1144 1405 1266 1470 docere.
1315 1405 1423 1471 Nefas
1447 1412 1497 1472 est

215 1505 348 1591 ἁρμόζει
376 1503 413 1570 τὸ
443 1505 664 1571 διδάσκεσθαι
696 1509 825 1590 μᾶλλον
877 1507 962 1571 enim
984 1508 1139 1572 altaribus
1161 1507 1224 1592 piis
1244 1508 1424 1593 peregrina
1446 1509 1496 1575 in-

215 1607 443 1694 ἢδιδάσκειν.
473 1606 646 1691 Ἀθέμιτον
668 1606 733 1691 γάρ
755 1619 825 1685 τοῖς
875 1609 959 1673 ferre
986 1610 1157 1693 libamina,
1186 1609 1261 1694 quia
1289 1614 1396 1676 certos
1421 1613 1495 1677 reli·

215 1712 409 1794 σεβασμίοις
440 1712 696 1793 θυσιαστηρίοις
729 1711 825 1788 ξένας
875 1711 974 1795 giosis
1006 1712 1184 1796 disciplinis
1217 1712 1375 1776 terminos
1404 1713 1495 1779 Deus

215 1811 423 1896 προσφέρειν
445 1810 604 1893 σπονδάς,
629 1810 744 1895 ἐπειδὴ
763 1829 824 1877 σα-
876 1812 961 1876 inter
1007 1813 1078 1897 ipsa
1119 1835 1242 1899 qnoque
1291 1814 1399 1879 cultus
1443 1817 1493 1881 sui

216 1925 291 1998 φεϊς
313 1909 488 1997 εύσεβέσιν
511 1913 706 1998 ἐπιστήμαις
723 1911 825 1995 ὅρους
875 1916 1083 2000 praescripsit
1109 1916 1219 1999 initia3
1250 1916 1338 1980 inter
1360 1916 1491 1982 [eritas

217 2016 256 2083 ἐν
278 2014 392 2093 αὐτοῖς
413 2014 536 2101 ὁμοίως
551 2021 609 2100 τῆς
629 2016 715 2092 ἰδίας
729 2021 825 2100 τιμῆς
876 2021 908 2082 et
930 2018 1080 2103 populum
1103 2041 1194 2082 suum
1209 2017 1319 2082 divisit
1333 2017 1489 2084 officium.

215 2130 285 2196 τοῖς
310 2122 498 2203 προοιμίοις
524 2117 732 2202 προέγραψε,
770 2142 824 2202 με·
877 2119 952 2184 Alia
974 2123 1023 2184 est
1044 2123 1186 2205 potest-as
1208 2120 1394 2203 hominum,
1427 2121 1490 2186 alia

217 2219 300 2299 ταξύ
312 2225 466 2286 Λευιτῶν
488 2220 544 2284 καί
559 2225 619 2284 τοῦ
635 2221 725 2286 ἰδίου
740 2225 825 2285 λαοῦ
875 2222 1054 2287 ministeria
1091 2222 1304 2287 sacerdotum.
1371 2222 1489 2288 Inrita·

216 2325 319 2389 διεῖλε
352 2320 416 2407 τήν
443 2325 667 2405 λειτουργίαν.
720 2321 823 2408 ’Ἁλλη
874 2325 968 2411 ritu)
1012 2324 1118 2409 potius
1160 2324 1336 2388 Dominum
1390 2348 1488 2411 qnam

217 2426 310 2491 ἐστὶν
332 2423 352 2510 ἡ
375 2429 444 2490 τῶν
465 2422 660 2508 άνθριάπων
677 2425 823 2507 ἐξουσία,
876 2426 1032 2512 placavit,
1074 2427 1128 2512 qui
1172 2429 1341 2491 externum
1377 2427 1486 2512 ignem

216 2628 394 2714 παρωξυνε
430 2631 560 2713 μᾶλλον
600 2627 661 2695 cdv
694 2631 824 2713 Κύριον
875 2634 926 2695 tor
952 2631 1084 2695 invexit.
1135 2630 1212 2706 Quis
1241 2633 1306 2712 est,
1342 2632 1398 2716 qui
1426 2632 1484 2697 sibi

216 2729 302 2816 ἥπερ
327 2730 542 2814 ἐξιλεεάσατο,
582 2729 618 2808 ὃς
646 2729 824 2813 άλλότριον
874 2735 908 2797 in
938 2733 1050 2797 alienis
1078 2733 1236 2796 institutis
1265 2733 1402 2816 jubendi
1432 2758 1482 2799 au·

216 2839 286 2917 πύρ
321 2834 359 2899 ἐν
391 2844 461 2910 τοῖς
486 2837 595 2910 θείοις
622 2831 757 2910 άδύτοις
783 2831 824 2898 τά
875 2835 1055 2900 ctoritatem
1076 2835 1178 2919 possit
1193 2857 1366 2920 assumere,
1389 2860 1481 2922 quum

215 2933 290 3019 ἱερά
317 2934 466 3020 μολύνας
493 2935 717 3021 έπεισήνεγκε.
768 2940 825 3014 Τίς
874 2960 940 3001 non
967 2938 1010 3002 sit
1032 2937 1218 3020 ambiguum
1239 2937 1405 3003 offerentis
1430 2939 1480 3004 ho

218 3040 327 3121 ἐστιν,
365 3035 401 3114 ὃς
434 3037 540 3124 ἑαυτῷ
570 3039 607 3105 έν
635 3033 823 3122 ἀλλοτρίοις
874 3061 984 3104 norem
1007 3039 1197 3125 debitum²⁵)
1219 3060 1278 3123 pro
1301 3039 1371 3104 sola
1387 3041 1479 3106 officii

215 3144 422 3224 &conlapsos
437 3145 498 3205 τοῦ
514 3141 666 3206 κελεύειν
683 3139 745 3226 τήν
760 3139 821 3206 αύ-
873 3143 1132 3226 praesumptione
1170 3141 1394 3228 punitum²⁸)?
1443 3143 1478 3208 In

215 3245 357 3308 θεντίαν
368 3243 510 3307 δύναται
522 3246 745 3327 προσλαβεῑν;
758 3244 823 3308 Καὶ
875 3245 964 3329 regia
993 3243 1087 3307 Ozias
1115 3243 1297 3308 reverentia
1324 3249 1359 3310 et
1386 3245 1478 3311 admi·

215 3368 279 3427 γαρ
291 3342 355 3408 οὐκ
367 3347 459 3410 ἔστιν
471 3342 661 3430 ἀμφίβολόν
674 3371 705 3410 τι
716 3364 821 3430 προσ·
874 3346 1065 3411 nistratione
1092 3345 1336 3431 permansisset,
1366 3348 1393 3412 si
1420 3370 1478 3412 mo

215 3446 363 3530 φέροντα
398 3446 499 3532 τιμὴν
531 3449 824 3533 κεχρεωστημέυην
874 3449 961 3512 nitus
976 3450 1087 3512 tantae
1102 3448 1361 3536 districtionis²')
1382 3456 1484 3515 exem'

281 3619 314 3686 ²³)
333 3617 367 3670 G¹
386 3621 412 3673 δ’
437 3622 467 3672 Si
488 3624 551 3673 enin
574 3625 617 3688 qui
639 3618 666 3686 (i.
687 3637 712 3687 q.
737 3621 839 3688 utiquc),
861 3619 880 3671 b
903 3621 946 3672 Sic
968 3624 1032 3671 enim
1054 3623 1109 3688 qui,
1132 3635 1167 3671 cc
1185 3621 1315 3688 Siquidem
1337 3627 1478 3675 saeculam

214 3714 284 3762 suat,
303 3713 328 3756 et
347 3723 405 3757 non.
445 3703 498 3758 Hic
515 3711 645 3761 mundani,
669 3703 721 3758 hoc
745 3704 786 3757 est
808 3703 836 3757 in
859 3703 931 3757 laico
952 3701 1050 3756 habitu
1068 3702 1212 3755 constituti
1230 3720 1279 3757 seu
1296 3705 1409 3759 saeculo
1427 3722 1477 3759 scr·

215 3786 333 3855 vientes,
352 3791 530 3857 opponuntur
547 3788 747 3843 ecclesiasticis.
788 3787 833 3842 Sic
851 3789 880 3842 ct
901 3787 975 3841 infra
992 3786 1071 3856 epist.
1093 3793 1138 3840 141
1162 3805 1188 3840 n.
1210 3794 1223 3841 1
1248 3794 1372 3842 brandani
1386 3794 1478 3858 princi·

214 3892 262 3941 pes
285 3873 314 3926 ct
335 3879 497 3927 ecclesiaram
518 3881 650 3942 praesules
673 3873 887 3942 distinguuntur.
929 3872 1025 3927 Tacite
1043 3871 1193 3926 Hormisda
1217 3871 1302 3940 Syros
1324 3874 1416 3929 munit
1437 3874 1479 3929 sd·

215 3974 310 4011 versus
330 3958 472 4012 Anastasii
494 3958 703 4025 auctoritatem,
733 3975 789 4027 qua
810 3958 869 4024 ille,
897 3959 928 4012 ut
949 3957 1109 4013 henoticum
1132 3959 1249 4013 Zenonis
1277 3958 1479 4030 suscipiendum

214 4042 398 4113 praeciperet,
418 4044 596 4097 abutebatur.

282 4130 315 4196 ²⁴)
334 4145 369 4182 cc
390 4135 535 4190 ecantavit,
563 4128 597 4184 G*
615 4130 677 4184 a¹b
704 4134 837 4183 Incitaott:
865 4128 939 4198 quod
961 4144 1062 4198 graeco
1090 4128 1271 4198 suffragante·
1288 4130 1481 4200 corrigendum

216 4212 349 4268 duximus.

282 4301 315 4367 ²⁵)
333 4298 478 4353 Mallemus
495 4311 624 4367 arreptum
643 4317 692 4354 seu
709 4305 853 4354 indebitum.

282 4386 316 4452 ¹⁸)
334 4384 366 4437 In
384 4401 418 4438 cc
436 4383 494 4451 (ubi
516 4383 560 4438 hic
583 4384 659 4439 locus
682 4385 764 4440 valde
787 4384 955 4454 depravatus
972 4386 1023 4454 cst)
1043 4388 1073 4438 ut
1094 4384 1122 4438 in
1141 4400 1243 4455 graeco
1260 4384 1308 4440 hic
1326 4386 1443 4443 additur
1458 4395 1482 4442 f·

214 4476 314 4538 templo,
333 4469 383 4523 sed
401 4469 539 4524 omittitur
557 4476 582 4523 r'n
600 4475 685 4537 repta,
704 4471 781 4538 cujus
798 4469 859 4524 loco
872 4473 898 4524 α’
913 4482 938 4523 n!
950 4476 1030 4535 repis.
1067 4470 1194 4524 Forsitan
1212 4487 1333 4540 μεως
1346 4472 1483 4544 interpres

215 4552 256 4607 ita
276 4556 421 4623 posuerat:
445 4551 493 4610 Ἐν
515 4557 565 4610 τοῦ
589 4551 712 4616 ἄνακτος
727 4548 820 4621 Ὀζίας
844 4547 880 4608 dv
903 4558 936 4626 τῇ
960 4550 1108 4630 εὐλαβείᾳ.
1150 4554 1232 4610 Corte
1250 4572 1383 4627 poenam,
1402 4576 1482 4628 quam

215 4637 365 4692 Hormisda
379 4639 424 4694 hic
436 4640 524 4708 notat,
542 4639 642 4694 Nadab
661 4640 690 4694 ct
707 4639 779 4694 Abiu
796 4640 825 4695 in
842 4641 957 4711 templo,
977 4641 1052 4710 quod
1070 4640 1193 4694 nondum
1211 4643 1273 4694 erat
1286 4645 1482 4707 constructum,

215 4721 328 4777 minimo
346 4723 489 4780 dederunt.
1321 4744 1327 4755 ”

282 4811 314 4874 ¹⁷)
333 4809 360 4861 α’
374 4826 408 4864 co
425 4816 615 4872 destructionis,
634 4811 736 4865 rectius
753 4812 787 4865 G¹
799 4814 817 4865 b
830 4817 1003 4878 districtionis,
1023 4827 1078 4880 qua
1095 4809 1225 4864 nimirum
1242 4810 1345 4866 Nadab
1365 4815 1396 4867 et
1412 4812 1481 4867 Abiu

214 4890 305 4962 puniti
323 4895 394 4948 sunt.
429 4896 539 4954 Eodem
556 4897 698 4953 intellectu
716 4897 794 4969 epist.
816 4904 860 4951 111
883 4915 910 4950 n.
929 4906 945 4955 3
962 4896 1062 4952 lecturi
1079 4913 1185 4951 sumas:
1210 4915 1282 4968 quem
1300 4918 1352 4952 κοιι
1369 4918 1388 4953 a
1399 4903 1482 4971 η’μιη
