3450 5678
312 214 376 278 240
772 225 801 272 s.
819 222 987 271 smemorr
1011 219 1124 267 encra

214 385 478 449 aestuamur
513 381 664 462 antistes3
695 378 777 463 quod
807 378 841 442 in
869 377 938 460 ejus
973 375 1196 440 tantummodo
1223 395 1360 458 persons
1392 374 1440 438 sie
1467 395 1589 439 memo

211 455 408 552 “wiliaris
431 488 641 567 assumption,
665 486 701 545 ut
723 480 874 564 deinceps
897 479 1072 543 secundam
1094 476 1297 542 definitiones
1319 480 1448 561 patrum
1471 475 1589 542 Orien-

313 589 370 654 tali
395 588 517 673 synodo
540 585 660 650 creatio
682 583 878 647 Antiocheni
901 582 1063 666 pontificis
1086 585 1274 664 reservetur,
1297 601 1358 644 nec
1380 579 1494 643 haberi
1519 580 1590 645 loco

314 692 410 756 vultis
432 689 580 773 injuriae,
605 686 687 771 quod
704 684 912 749 dissensionis
927 685 1034 769 gratia
1049 684 1172 748 sactum
1194 686 1243 747 est
1262 682 1471 747 auferendae:
1495 685 1590 749 tenet

312 794 397 858 hanc
419 792 549 877 pietatis
580 794 702 853 vestrae
731 788 844 852 beatus
866 787 980 850 Petrus
1008 785 1171 870 apostotus
1193 785 1408 869 sponsionem,
1439 789 1476 881 et
1496 784 1591 851 Chri·

311 896 498 960 stianissimi
525 891 765 974 fidelissimique
799 888 954 973 principis
982 892 1123 953 mentem
1150 887 1185 952 in
1214 887 1294 951 haee
1322 888 1420 953 verba
1444 888 1588 972 jurasse,

311 999 394 1083 qrrod
421 997 555 1081 posthac
583 996 617 1058 in
640 991 845 1057 Antiocheno
872 991 950 1055 urbe
978 990 1079 1055 veteri
1105 1013 1192 1063 more
1214 991 1375 1077 servatoss)
1399 1013 1418 1056 a
1441 1013 1589 1076 compro

309 1100 500 1165 vineiatibus
524 1097 589 1161 suis
612 1097 780 1180 episcopus
808 1094 983 1176 ordinetur,
1017 1116 1058 1158 ne
1080 1095 1164 1177 quod
1186 1116 1273 1158 nunc
1299 1094 1402 1158 frater
1425 1093 1589 1180 et‘coepi·

311 1225 425 1286 scopus
448 1224 536 1265 meus
560 1199 697 1263 Aeacius
721 1198 809 1261 robis
825 1200 874 1261 est
892 1195 1081 1280 jubentibus
1105 1200 1282 1279 exsecutus,
1307 1196 1340 1261 in
1364 1218 1456 1262 usum
1479 1200 1588 1283 poste

312 1306 418 1369 ritatis
441 1304 560 1384 veniat,
591 1305 623 1365 et
645 1303 768 1365 statuta
791 1303 936 1384 patrum,
967 1320 1047 1383 quae
1069 1299 1241 1383 praecipue
1264 1300 1437 1383 praestatis
1460 1299 1587 1383 illaesa,

312 1406 499 1473 contrurdat.
550 1403 643 1469 Unde
676 1424 757 1486 <puae
791 1426 809 1466 a
838 1403 927 1466 robis
956 1424 1062 1465 amore
1090 1401 1205 1488 quietis
1234 1405 1347 1467 sancte
1373 1405 1406 1466 et
1434 1402 1589 1488 religiose

312 1514 387 1576 sunt
409 1510 568 1590 ordinata,
592 1505 762 1590 reprobare
784 1528 849 1569 non
866 1527 1043 1589 possumus,
1067 1526 1108 1568 ne
1124 1506 1228 1568 status
1245 1503 1470 1570 Antiochense
1485 1504 1587 1571 eccle

312 1614 378 1678 siae
407 1613 466 1677 sub
494 1614 606 1675 nostra
633 1608 834 1672 dubitatione
863 1607 1008 1671 videatur
1031 1606 1217 1691 ambiguae,
1240 1607 1413 1692 praecipue
1435 1629 1537 1693 quum
1559 1609 1587 1673 is

311 1717 366 1801 qui
388 1716 508 1800 legitur
535 1711 745 1796 ordinatus7),
775 1711 960 1774 testimonio
989 1710 1177 1775 clementiae
1205 1713 1331 1775 vestrae
1359 1714 1391 1774 et
1419 1714 1515 1775 tanta
1543 1712 1587 1777 sit

223 1802 254 1904 ,⁵
312 1817 550 1904 praedicatione
574 1814 738 1895 subnixam,
763 1816 830 1895 ute,
854 1813 888 1876 in
911 1835 948 1876 eo
971 1816 1099 1896 praeter
1121 1812 1234 1877 horum
1257 1813 1425 1878 vulnerum
1441 1813 1584 1879 dolorem

311 1923 416 2005 posito
439 1919 596 2003 possimus
619 1921 652 1980 et
675 1915 837 1997 eeclesiae,
861 1938 943 2000 (puae
967 1914 1057 1978 illurn
1079 1915 1204 1999 meruit,
1228 1916 1371 2001 gloriari.

396 2023 426 2085 4.
467 2021 557 2085 Haec
579 2021 722 2103 repensis
745 2018 944 2082 sermonibus
968 2022 1000 2081 et
1023 2017 1239 2083 venerationis
1261 2018 1367 2082 officio
1390 2019 1586 2104 respondere

313 2125 432 2206 curavi,
461 2128 498 2188 ut
520 2127 627 2187 tantas
650 2121 884 2186 haereticorum
906 2119 1035 2184 fraudes
1058 2123 1091 2184 et
1112 2120 1258 2185 facinora
1280 2121 1397 2185 divinis
1419 2125 1453 2185 et
1475 2144 1585 2189 saecu·

313 2227 433 2291 taribus
461 2227 587 2311 tegibus
610 2224 839 2309 persequenda,
868 2246 949 2308 quae
978 2224 1105 2307 saepius
1127 2223 1270 2307 probatis
1293 2245 1361 2288 esse
1384 2227 1452 2289 tam
1475 2225 1585 2309 noxis,

312 2331 350 2394 de
373 2330 526 2394 memoria
548 2332 580 2392 ct
603 2328 843 2392 conversatione
866 2326 1031 2389 hommum
1050 2326 1192 2408 jubeatis
1215 2326 1344 2411 auferri,
1368 2349 1506 2412 quorum
1528 2328 1585 2393 im·

267 2502 272 2513 ,
312 2432 570 2519 piaesentem,
599 2434 753 2515 quantum
782 2429 905 2512 videtis,
937 2432 1042 2514 potest
1068 2429 1260 2493 auchiritate
1283 2431 1452 2515 compesci.
1499 2429 1584 2497 Data

312 2535 341 2600 X
364 2534 522 2600 Ostendes
544 2533 647 2598 ‚Iulias
669 2536 741 2617 post
765 2531 964 2597 consulatum
987 2531 1033 2595 itt.
1057 2532 1117 2595 viri
1141 2530 1319 2597 clarissimi.

380 2761 400 2825 ὃ)
419 2758 509 2810 Antea
523 2756 584 2824 jam
602 2754 714 2809 Maximi
732 2754 897 2809 Antioctrcni
916 2755 1152 2808 consecrationem
1170 2754 1315 2809 Anatolius
1333 2754 1388 2809 sibi
1404 2755 1586 2823 attribuerat,

285 2849 287 2854 '
312 2844 360 2897 sed
378 2855 469 2898 contra
486 2848 632 2896 canonicum
655 2848 778 2910 repulsuri,
807 2840 846 2894 ait
864 2841 919 2893 Leo
939 2841 1018 2910 epist,
1036 2847 1082 2895 loe
1101 2858 1125 2894 n.
1141 2848 1164 2904 ι),
1188 2840 1260 2895 unde
1279 2840 1357 2910 epist.
1374 2847 1422 2895 104
1441 2850 1499 2897 ut>
1522 2860 1585 2899 cum

313 2946 345 2984 eo
370 2927 540 2999 expostulat,
568 2933 637 2997 qnod
654 2932 828 2981 Antiochense
847 2934 969 2980 ccclesiae
987 2938 1078 2980 contra
1095 2935 1192 2979 alatreta
1209 2946 1330 2980 canonum
1347 2933 1495 2997 episcopan
1513 2934 1586 2985 aa·

313 3035 375 3069 arare
391 3019 571 3083 praesumpsit.
603 3013 677 3066 tufra
696 3012 778 3066 sisini
796 3030 897 3076 snmus,
914 3011 1078 3064 Dioscorum
1092 3011 1256 3064 Hermisdae
1274 3028 1365 3081 papae
1383 3011 1512 3081 tegat-um
1523 3014 1587 3087 ipso

308 3100 426 3167 jubente
445 3098 574 3168 pontifice
592 3098 788 3162 intercessisse,
807 3114 841 3149 ne
855 3096 1041 3149 Antiochensis
1056 3096 1201 3165 episcopus
1214 3096 1456 3167 Constantinopoli
1472 3100 1589 3157 ordim-

312 3187 388 3238 retur
407 3185 512 3249 cltorm.
531 3183 658 3250 epieteti
677 3202 702 3235 n¹
720 3188 751 3241 lt.
794 3181 840 3235 Sin
859 3198 924 3235 vcro
944 3181 1018 3234 alind
1038 3181 1161 3247 exigeret
1180 3180 1319 3235 Ecclesiae
1336 3182 1498 3251 necessitas,
1525 3186 1589 3243 tum

308 3269 355 3334 jus
378 3267 496 3330 nuttam,
526 3267 573 3333 qui
597 3266 752 3332 ordinaret,
781 3267 809 3319 in
832 3267 989 3320 ordinatum
1018 3266 1161 3335 acquirere
1184 3284 1277 3336 posse,
1307 3267 1390 3323 docet
1418 3269 1555 3341 Pelagius
1576 3274 1589 3330 l

311 3354 438 3419 fragma
456 3370 481 3404 n¹
497 3358 520 3404 2.

379 3439 399 3492 ⁷)
419 3435 550 3489 Calendio
570 3435 708 3502 videlicet,
732 3439 763 3489 nt
785 3436 866 3490 fidem
891 3438 957 3491 t'acit
975 3441 1043 3492 nota
1059 3438 1088 3492 in
1107 3438 1140 3493 G*
1165 3439 1300 3511 epistolae
1324 3440 1465 3508 sequentis
1490 3442 1593 3503 insa-i·

311 3520 400 3590 ptioni
420 3521 560 3588 adjmnta.
593 3524 682 3585 eram
702 3522 813 3589 quidem
833 3526 996 3577 confirmant
1015 3541 1098 3591 quum
1116 3537 1189 3593 prem
1207 3531 1238 3578 de
1256 3545 1319 3578 noni.
1333 3530 1432 3588 Aeacii,
1449 3529 1506 3583 sub
1519 3547 1594 3601 quo-

311 3624 371 3658 rum
391 3607 471 3660 tinem
486 3606 617 3659 t'alendio
637 3607 672 3658 ati
686 3606 786 3660 Acacio
806 3608 948 3662 ordinatus
967 3609 1075 3676 dicitnr,
1094 3614 1153 3663 tum
1166 3610 1302 3680 Euagrius
1317 3611 1349 3665 H.
1363 3612 1394 3665 Ε.
1416 3613 1462 3675 ΙΙΙ,
1478 3621 1521 3681 10,
1539 3618 1595 3687 qui

311 3691 508 3745 t‘atendionem
529 3691 672 3760 Stephano
691 3692 806 3761 martyri
825 3695 986 3748 successisse
1005 3695 1099 3758 trudit,
1118 3714 1150 3750 ac
1169 3696 1288 3764 denique
1306 3696 1361 3752 alii.
1397 3697 1501 3767 Neque
1521 3718 1594 3757 vero

311 3777 420 3830 admitti
445 3776 500 3829 ntlo
523 3777 607 3830 modo
630 3778 722 3845 potest·
739 3777 842 3832 Valesii
867 3779 972 3848 opinio,
1002 3779 1050 3847 qui
1073 3779 1246 3849 Steptramnn
1268 3781 1405 3836 seniorem
1428 3800 1446 3839 a
1468 3786 1595 3855 perenn

312 3880 421 3916 caesum
439 3879 553 3932 ponens,
577 3880 649 3931 quae
668 3863 711 3916 hic
730 3868 878 3918 narrantur
895 3864 923 3917 in
942 3866 1077 3934 Stephani
1096 3865 1215 3934 junioris
1237 3867 1412 3922 ordinatione
1430 3870 1595 3943 configine

311 3948 464 4014 existimat,
495 3967 526 4003 ac
548 3948 725 4002 nihilominus
749 3949 945 4003 Catcmlionem
969 3950 1209 4020 Constantinopoli
1237 3952 1273 4006 ab
1296 3951 1397 4007 Aeacio
1421 3955 1594 4017 ordinatum

311 4051 371 4087 esse
390 4034 524 4087 concedit.
561 4034 633 4088 Sane
658 4053 741 4102 qumn
760 4036 855 4106 procul
875 4034 1031 4106 Simplicius
1054 4037 1089 4090 ah
1113 4036 1269 4091 excusanda
1290 4037 1450 4107 hujusmodi
1473 4042 1594 4103 ordim-

311 4121 386 4174 tione
405 4119 551 4185 abluisset,
573 4120 595 4172 si
619 4121 690 4174 trane
713 4119 765 4173 sitii
789 4139 882 4173 narsus
900 4121 1017 4175 Aeacius
1044 4126 1201 4190 arrogasset
1224 4122 1324 4192 spretis
1346 4128 1539 4183 sacramentis
1557 4148 1595 4189 ιε

311 4206 373 4269 fiae,
391 4223 474 4272 qriam
493 4210 553 4274 post
569 4206 702 4275 Stephani
718 4206 836 4274 junioris
855 4208 1090 4262 cameranensi
1111 4207 1244 4261 dedisset!
1271 4208 1311 4263 Eo
1329 4208 1493 4280 interrant),
1511 4216 1594 4285 quod

311 4298 378 4345 ato
389 4290 491 4360 Aprilis
509 4292 545 4345 ad
563 4300 595 4344 *22
608 4292 682 4345 danii
701 4293 773 4346 diem
793 4293 925 4358 excurrit,
953 4293 1149 4347 tetendissem
1174 4293 1332 4347 ordinatum
1355 4310 1415 4348 cesse
1438 4313 1534 4364 quum
1556 4319 1593 4357 ex

311 4377 362 4430 trac
381 4375 496 4445 epistota
516 4380 574 4430 tmn
595 4396 626 4431 ex
640 4378 841 4446 ttartprotogio
853 4379 988 4444 Romano,
1007 4379 1081 4446 quod
1100 4380 1135 4434 ad
1152 4379 1325 4449 praedictum
1338 4379 1442 4449 Aprilis
1463 4382 1595 4445 dienen

311 4482 331 4515 s.
346 4462 479 4531 Stcplrcarri
499 4463 621 4533 episcopi
640 4463 806 4516 Antioctreni
825 4464 958 4530 meminit,
977 4465 1125 4534 colligitur.

377 4552 397 4613 a,
417 4550 450 4600 a*
471 4553 601 4619 corrupte
620 4562 645 4602 ut
663 4556 689 4603 in
708 4570 737 4603 co
756 4562 781 4602 ct
798 4563 905 4618 promer
922 4555 1007 4604 horam
1026 4559 1151 4605 nutrieram
1170 4557 1244 4605 duim·
1259 4557 1345 4619 posito
1363 4556 1441 4619 primi
1456 4551 1546 4625 (rimi)
1565 4572 1594 4615 es

310 4640 444 4693 ccclesiae:
464 4636 523 4687 tum
542 4636 560 4687 o
577 4641 712 4704 pratalia.
731 4634 836 4703 rejecto
855 4636 891 4689 ad
909 4636 1064 4705 marginem
1082 4644 1197 4705 plesiaci.

377 4724 397 4786 9)
417 4722 449 4773 ti¹
464 4727 580 4788 impune
598 4721 676 4785 restiti
694 4725 850 4789 impictatis).
871 4725 900 4774 et·
917 4738 979 4775 nrox
1001 4728 1068 4776 itata
1081 4727 1107 4775 λ’
1121 4724 1175 4777 mr
1193 4724 1237 4778 int.
1250 4736 1309 4793 port
1327 4743 1402 4778 coms
1420 4730 1492 4790 ittae,
1513 4730 1592 4787 undo

311 4804 416 4873 vulgati
442 4812 508 4860 Data
529 4811 553 4859 X
573 4813 625 4864 ear,
643 4812 694 4863 Jnt.
714 4819 774 4876 post
798 4814 952 4862 consulatum
976 4812 1020 4862 lm·
1041 4814 1091 4863 oiri
1112 4815 1254 4864 clarissimi.
1296 4809 1464 4866 hleudosam
1489 4816 1592 4873 auum
