3450 5678
614 369 809 420 srrsroma
833 359 979 419 70—7'3.
1369 353 1430 419 867

161 523 202 588 de
224 528 392 609 susceptae
415 525 550 590 aetionis
573 526 729 610 qualitate
752 526 919 609 sollicitos,
950 526 1122 610 praecipue
1144 549 1242 611 quum
1263 526 1345 591 nihil
1368 548 1434 591 cer·
1445 551 1469 589 a.
1482 539 1539 588 aro.

162 630 232 690 tum
252 630 320 691 tam
335 627 486 691 diuturno
500 631 644 712 tempore
659 631 784 692 vestrae
799 628 981 692 dilectionis
995 628 1208 712 potuissemus
1223 629 1433 713 rescriptione

164 749 367 813 cognoscere.
412 728 480 793 Nos
500 732 610 793 tamen
638 734 766 813 reperta
794 730 906 794 latoris
934 731 1101 794 occasione
1129 729 1208 794 haec
1237 731 1308 814 ipsa
1335 730 1433 816 signi-

163 830 259 893 ficare
291 831 471 895 maluimus.
531 831 733 915 Quapropter
771 832 967 915 salutantes,
1007 853 1082 920 cum,
1111 831 1171 896 Dei
1205 833 1434 917 omnipotentis

163 932 282 996 auxilio
304 932 479 997 incolumes
501 955 560 997 nos
583 955 652 998 esse
675 934 876 1018 cognoscite,
906 933 990 1018 quod
1018 937 1050 998 et
1078 933 1117 998 de
1140 933 1229 998 vobis
1252 935 1361 999 audire
1382 934 1435 998 de-

163 1034 348 1099 sideramus
393 1034 455 1100 Sed
477 1038 513 1099 ut
536 1035 574 1099 de
597 1035 760 1119 omnibus,
789 1058 870 1120 quac
898 1038 990 1120 gesta
1018 1039 1109 1120 sunt,
1143 1038 1287 1101 nostram
1309 1036 1434 1120 plenius

163 1137 293 1220 possitis
319 1138 479 1201 instruere
506 1137 688 1220 notionem,
724 1160 743 1200 a
770 1137 883 1221 quibus
906 1139 1051 1221 personis
1078 1138 1129 1202 vel
1159 1138 1193 1202 in
1221 1138 1335 1223 quibus
1357 1137 1435 1202 locis

165 1238 263 1321 benc,
288 1240 370 1303 sicut
393 1240 565 1322 credimus,
589 1240 730 1323 suscepti
752 1239 893 1321 fueritis,
921 1239 972 1303 vel
993 1240 1047 1304 ubi
1071 1244 1128 1305 aut
1149 1239 1208 1304 sub
1231 1262 1293 1324 qua
1315 1239 1436 1303 festivi-

163 1342 233 1402 tate
255 1341 497 1405 resurrectionis
520 1341 697 1405 dominicae
727 1341 844 1404 caritas
871 1345 978 1406 vestra
1005 1343 1145 1406 tenuerit
1172 1342 1271 1424 diem,
1306 1340 1436 1424 etquid

164 1441 315 1526 deinceps
344 1443 491 1527 egeritis,
523 1465 580 1527 per
608 1443 716 1506 onmia
743 1443 907 1526 rescriptis
931 1444 1131 1507 current-ibus
1154 1443 1330 1508 declarate:
1360 1464 1436 1527 qua-

164 1546 260 1606 tenus
282 1545 426 1608 nostram
434 1545 459 1630 ¹)
483 1544 711 1629 cogitationem
734 1545 772 1608 de
788 1549 894 1609 restra
916 1548 949 1608 et
971 1549 1099 1609 actuum
1121 1545 1336 1630 prosperitate
1358 1545 1436 1610 rele-

165 1666 241 1709 vare
268 1645 413 1729 possitis,
450 1650 483 1709 et
510 1646 536 1709 si
567 1646 642 1731 quid
670 1647 874 1711 instructioni
905 1666 999 1732 quma
1028 1648 1213 1731 suscepistis
1242 1669 1356 1712 causae
1384 1647 1436 1711 de-

164 1747 280 1830 fuerit,
305 1746 500 1832 subjungere
524 1771 594 1811 cunr
617 1750 676 1812 Dei
700 1751 802 1813 nostri
825 1749 938 1813 solatio
962 1750 1132 1812 valcamus.
1184 1750 1270 1813 Data
1291 1720 1356 1814 llll
1378 1749 1436 1814 ‹ra-

164 1847 278 1912 lcudas
301 1849 421 1932 liujus,
446 1849 620 1913 Eutharico
642 1852 710 1914 viro
734 1851 909 1915 clarissimo
933 1851 1071 1915 consule.

668 2071 850 2173 Epistola
876 2071 934 2155 73.

510 2225 722 2291 Hornrisdae
745 2241 856 2308 papae
878 2224 921 2290 ad
945 2224 1095 2291 eosdem.
1448 2200 1576 2255 ³²·519l·

1447 2277 1479 2323 ‘29
1488 2269 1574 2338 April.

270 2363 346 2412 Suum
365 2365 397 2413 de
415 2380 500 2413 eurum
516 2367 594 2428 petris
612 2366 803 2415 sollicitudinem
825 2366 931 2414 l’uulr'no
954 2366 1091 2429 defensore
1108 2367 1182 2415 misso
1199 2367 1333 2430 significat.

320 2495 531 2560 llormisda
553 2497 694 2582 quibus
717 2519 846 2582 supra.

253 2615 390 2679 Animus
412 2620 522 2680 noster
544 2616 695 2681 diuturna
723 2617 866 2680 redditur
889 2619 1127 2700 exspectatione
1149 2617 1319 2682 sollicitus:
1347 2640 1437 2702 prae

167 2717 261 2800 cipue
288 2719 329 2781 ad
356 2721 483 2781 tantum
510 2719 689 2802 principem
712 2719 879 2802 destinati,
915 2720 974 2782 sub
1008 2719 1170 2783 celeritate
1198 2741 1256 2783 nos
1286 2721 1437 2784 certiores

167 2820 358 2884 debuissetis
380 2820 517 2884 efficere.
552 2820 636 2884 Nam
660 2822 769 2905 aute¹)
792 2821 878 2884 diem
901 2821 1097 2885 ascensionis
1120 2821 1298 2885 dominicae
1313 2821 1438 2885 litteras

168 2926 291 2986 vestras
314 2922 519 2986 credebamus
541 2945 600 2986 nos
622 2945 715 3006 posse
737 2923 907 3007 suscipere.
958 2923 1081 2988 Idcirco
1103 2926 1171 2987 tam
1193 2925 1318 2987 vestrae
1339 2924 1439 3007 sospi-

167 3025 247 3087 tatis
274 3025 394 3088 indicia
422 3047 517 3108 quam
547 3025 726 3108 profectum
750 3046 879 3108 causae,
914 3047 1010 3109 quam
1037 3026 1255 3110 peragendam
1283 3048 1356 3089 cunr
1378 3024 1439 3088 Dei

167 3127 272 3189 nostri
290 3126 456 3208 juvamine
479 3126 679 3209 suscepistis,
704 3126 919 3190 desideramus
934 3149 1119 3211 agnoscere.
1153 3127 1325 3191 Paulinum
1340 3126 1439 3191 eecle-

168 3227 236 3290 siae
258 3226 423 3291 Romanae
446 3228 645 3291 defensorem
675 3250 744 3291 cum
771 3229 899 3311 scriptis
921 3229 1144 3312 praesentibus
1167 3229 1328 3293 destinare
1351 3250 1439 3292 cura-

168 3329 288 3412 vimus,
319 3332 387 3392 tam
408 3330 549 3414 principi
571 3329 712 3413 litteras,
747 3352 843 3414 quam
865 3330 1017 3415 singulis,
1046 3330 1162 3415 quibus
1184 3332 1341 3415 oportuit,
1366 3330 1439 3394 diri-

168 3436 294 3515 gentes.
346 3431 547 3517 Quapropter
568 3431 672 3495 lleum
699 3435 844 3496 nostrum
873 3433 1023 3517 congruis
1051 3433 1199 3517 precibus
1226 3454 1369 3515 oramus,
1404 3435 1441 3496 ut

73 3542 78 3549 '
169 3535 239 3617 ipse
261 3533 398 3597 salutem
420 3538 560 3597 vestram
587 3556 645 3597 sua
666 3534 895 3618 propitiatione
919 3534 1091 3618 custodiat,
1122 3539 1155 3599 et
1177 3555 1291 3598 causae
1313 3533 1440 3618 qualem

169 3635 385 3698 desideramus
419 3636 590 3699 concedere
623 3636 775 3718 dignetur
810 3638 973 3701 effectum:
1007 3637 1082 3720 (piria
1109 3635 1190 3699 nihil
1224 3636 1328 3718 nrajus
1356 3636 1441 3699 inter

169 3736 282 3799 titulos
304 3736 417 3821 optimi
440 3737 643 3821 imperatoris
666 3737 873 3821 adscribitur,
904 3760 999 3821 quma
1022 3738 1049 3801 si
1073 3760 1143 3801 curn
1167 3737 1301 3800 ccclesia
1317 3737 1441 3803 Graeca

170 3860 323 3921 praesens
352 3843 384 3902 et
412 3840 522 3903 futura
549 3840 734 3922 praedicare
761 3843 923 3903 mercatur
950 3840 1039 3923 pacis
1067 3844 1240 3903 arretcuern.
1286 3840 1371 3903 llata
1392 3839 1440 3903 lll

170 3940 329 4005 (delendas
352 3941 472 4025 Majas,
496 3940 672 4005 Eutharico
694 3941 762 4005 viru
786 3941 962 4004 clarissimo
986 3941 1125 4005 consule.

292 4134 308 4139 -
315 4134 479 4142 —.—-——-

169 4252 204 4303 72
240 4251 260 4317 ¹)
278 4245 327 4301 Ed.
346 4261 454 4302 oestrum
476 4253 653 4315 cogitationem
724 4254 839 4300 revelare
856 4252 968 4314 possitis.
1011 4245 1164 4301 Collatione
1187 4249 1262 4302 hacta
1284 4246 1367 4314 hujus
1389 4245 1443 4300 loci

170 4351 234 4387 (tum
251 4333 304 4386 hoc
322 4334 411 4386 altero
430 4333 510 4401 epist.
530 4338 561 4384 ll
580 4334 659 4401 (quod
676 4344 701 4385 ct
716 4337 807 4399 fucere
824 4352 873 4399 pro
892 4343 996 4385 adauae
1015 4336 1176 4397 capitationis
1193 4337 1347 4385 relevatione
1368 4335 1443 4383 debc-

169 4422 215 4485 n's)
234 4418 424 4471 emendantur.

170 4509 205 4556 ‘13
242 4505 261 4569 ¹)
280 4502 370 4566 (lirum
388 4502 496 4557 Pascha
513 4504 566 4557 hoc
589 4519 661 4557 anno
684 4504 712 4555 in
734 4502 808 4555 dicnr
830 4510 861 4555 31
886 4502 980 4556 Martii
1002 4501 1156 4563 incidisset,
1179 4506 1346 4555 Asccvrsr'onia
1365 4500 1443 4554 sollc-

169 4587 275 4641 mnitas
287 4587 352 4658 lllaji
372 4589 517 4641 ‹lnrntaxat
530 4598 545 4640 9
564 4588 608 4640 clio
627 4588 792 4641 celebranda
807 4587 929 4640 nonduin
947 4587 1102 4655 alt'ulserat,
1121 4605 1205 4655 <prum
1218 4586 1286 4640 hacc
1300 4585 1442 4640 scriberet.
