3450 5678
338 313 402 381 406
816 326 844 375 s.
861 324 1003 377 osnasu
1025 322 1139 374 aaran

231 486 405 557 testacia
428 482 642 571 dignitatibus
664 480 885 567 usurparunt?
914 480 1078 569 Numquid
1100 481 1250 566 Aeacius,
1272 484 1310 547 ut
1330 480 1516 548 Johannem
1537 506 1617 569 qua-

287 621 294 636 =
338 588 483 656 lemlibet
511 586 692 669 hominem,
728 583 921 652 catholicum
953 587 1064 650 tamen
1091 606 1111 650 a
1141 583 1306 652 catholicis
1338 584 1541 669 ordinatum,
1576 587 1619 653 de

340 690 540 759 Alexandria
568 688 766 772 excluderet,
795 686 989 774 Petrumque
1017 687 1053 753 in
1080 685 1205 753 haeresi
1229 688 1299 772 jam
1326 687 1488 755 detectum
1517 692 1618 775 atque

341 797 529 863 damnatum
551 793 670 878 absque
692 790 777 856 sedis
799 790 993 876 apostolicae
1009 790 1292 877 consultatione⁶⁵)
1314 791 1483 877 reciperet,
1507 792 1620 879 aliqua

341 899 462 986 synodo
488 896 603 962 saltem
625 894 692 960 illie
713 893 825 959 habita
848 892 909 959 hoc
932 894 1085 959 audacter
1112 893 1272 979 arripuit?
1316 893 1363 959 Ut
1384 892 1620 962 calendionem

341 1004 380 1069 de
408 998 584 1066 Antiochia
616 997 761 1083 pelleret,
795 995 1055 1083 haereticumque
1088 995 1236 1081 Petrum,
1271 1018 1365 1082 quem
1391 996 1461 1082 ipse
1489 1020 1620 1085 quoque

342 1104 560 1185 damnaverat,
590 1100 709 1185 absque
731 1099 848 1166 notitia
870 1099 954 1164 sedis
977 1098 1172 1185 apostolicae
1200 1121 1310 1165 rursus
1333 1099 1530 1185 admitteret,
1559 1100 1619 1167 ali-

341 1229 405 1293 qua
426 1184 547 1291 spnodo
570 1203 601 1269 id
624 1202 739 1268 fecisse
761 1201 982 1267 monstratur?
1004 1200 1040 1268 Si
1062 1205 1147 1267 certe
1170 1202 1209 1267 de
1224 1202 1384 1288 dignitate
1407 1203 1519 1289 agitur
1540 1204 1619 1270 eivi-

342 1312 456 1392 tatum,
489 1307 648 1372 secundae
681 1305 765 1371 sedis
793 1308 826 1369 et
858 1305 973 1370 tertiae
1006 1305 1109 1389 major
1141 1308 1191 1370 est
1224 1304 1367 1392 dignitas
1400 1305 1619 1392 sacerdotnm,

342 1434 438 1497 quam
461 1411 529 1495 ejus
553 1409 703 1493 civitatis,
727 1431 809 1494 quae
832 1430 897 1472 non
919 1407 1022 1473 solum
1044 1408 1131 1474 inter
1152 1408 1244 1473 sedes
1266 1409 1399 1475 minime
1414 1412 1619 1494 numeratur,

342 1514 398 1580 sed
431 1536 491 1578 neo
523 1513 610 1577 inter
636 1511 957 1594 metropolitanorum
986 1510 1061 1594 jura
1084 1513 1243 1575 censetur.
1288 1510 1374 1576 Nam
1395 1510 1481 1597 qu'od
1511 1512 1622 1579 dicitis

342 1616 497 1702 recidet)
519 1622 660 1693 civitatis,
686 1613 749 1678 aha
771 1616 914 1697 potestas
936 1616 985 1679 est
1006 1612 1101 1699 regni
1123 1613 1308 1698 saecularis,
1338 1613 1402 1679 alia
1424 1614 1621 1683 ecclesiasti·

344 1741 452 1786 carum
489 1716 672 1783 distributio
708 1715 915 1801 dignitatum.
960 1714 1051 1780 Sicut
1073 1716 1159 1780 enim
1191 1717 1337 1802 quamvis
1369 1740 1470 1802 parva
1504 1719 1622 1785 civitas

343 1821 602 1918 praerogativam
624 1818 803 1904 praesentis
825 1819 919 1904 regni
935 1840 1001 1883 non
1023 1819 1151 1902 minuit,
1176 1818 1223 1885 sic
1236 1819 1414 1905 imperialis
1432 1822 1621 1905 praesentia

342 1946 526 1992 mensuram
549 1921 797 2008 dispensationis
812 1920 981 2006 religiosae
1003 1943 1069 1988 non
1091 1925 1205 1987 mutat.
1235 1921 1287 1988 Sit
1308 1921 1395 1988 clara
1416 1923 1519 2009 vel⁸⁷)
1540 1926 1621 1991 urbs

343 2029 400 2094 illa
422 2030 581 2112 potestate
604 2025 782 2109 praesentis
804 2023 942 2107 imperii,
964 2023 1078 2110 religio
1093 2025 1153 2089 sub
1176 2025 1286 2090 codem
1308 2029 1388 2090 tunc
1409 2026 1515 2111 firma,
1538 2030 1623 2094 tunc

343 2129 460 2211 libera,
495 2131 573 2192 tuno
603 2131 755 2213 provecta
784 2126 945 2209 consistit,
976 2126 1005 2191 si
1030 2127 1137 2210 potius
1164 2127 1226 2192 hoc
1252 2131 1423 2212 praesente
1452 2129 1622 2214 propriam

343 2234 454 2298 teneat
469 2228 545 2294 'sinc
567 2228 632 2294 ulla
655 2229 897 2315 perturbatione
924 2225 1117 2294 mensuram.
1163 2229 1329 2294 Postremo
1358 2231 1470 2296 sisibi
1498 2232 1539 2297 de
1560 2233 1621 2299 im·

343 2332 499 2421 paraturis
521 2332 705 2416 praesentia
721 2331 940 2415 blandiuntur,
965 2335 998 2397 et
1014 2332 1089 2397 inde
1104 2336 1223 2417 putant
1238 2332 1622 2419 Constantinopolitanae

345 2436 485 2503 civitatis
508 2434 666 2521 episcopis
688 2434 846 2519 potiorem
867 2435 937 2500 fieri
952 2456 1045 2520 posse
1060 2456 1242 2520 personam,
1267 2436 1400 2501 audiant
1415 2435 1623 2506 Marcianum

344 2539 486 2625 ejusdem
506 2538 687 2624 principem
710 2537 862 2620 civitatis,
891 2541 1099 2621 posteaquam
1120 2560 1180 2622 pro
1202 2543 1377 2624 augmento
1404 2539 1495 2606 urbis
1516 2541 1623 2627 ipsius

343 2642 518 2708 sacerdotis
539 2641 733 2717 intercessor
756 2640 911 2704 accedens
940 2643 1053 2704 oontm
1074 2640 1203 2725 regulas
1225 2641 1372 2706 obtinere
1393 2641 1477 2707 nihil
1497 2646 1623 2729 potuit,

343 2748 475 2812 sanctae
497 2743 670 2808 memoriae
692 2765 810 2829 papam
824 2741 964 2807 Leonem
986 2743 1118 2807 summis
1134 2743 1281 2807 laudibus
1296 2747 1512 2831 prosecutum,
1535 2748 1625 2833 quod

345 2869 503 2914 canonum
530 2844 659 2931 regulas
691 2844 803 2911 violari
835 2844 926 2909 nulla
959 2845 1057 2911 fuerit
1089 2846 1215 2912 ratione
1246 2868 1426 2932 perpessus.
1472 2848 1626 2919 Andiaut

344 2949 534 3017 Anatolium
557 2948 700 3033 ejusdem
722 2948 806 3013 sedis
829 2948 1021 3026 antistitem,
1050 2948 1170 3014 clerum
1192 2950 1299 3033 potius
1323 2947 1625 3039 Constantinopoli-

342 3057 456 3118 mnam
478 3074 573 3137 quam
596 3072 630 3115 se
652 3054 795 3116 tentasse
816 3050 907 3133 talia,
932 3051 1149 3133 confitentem,
1174 3055 1269 3137 atque
1291 3052 1326 3116 in
1342 3053 1513 3137 apostolici
1529 3076 1625 3140 prae

343 3154 422 3220 salis
443 3156 548 3218 totum
570 3153 730 3219 dicentem
752 3154 892 3236 positum
913 3156 1089 3237 potestate:
1116 3154 1222 3238 ipsum
1245 3154 1376 3219 beatum
1398 3177 1520 3241 papam
1542 3156 1625 3224 lec

345 3278 418 3322 nem
456 3255 540 3320 sedis
577 3255 772 3340 apostolieae
808 3254 1004 3340 praesulem,
1043 3259 1134 3341 cujus
1174 3256 1314 3341 synodus
1347 3250 1644 3327 (balchedonensia¹

346 3358 537 3423 auctoritate
565 3357 692 3423 firmata
715 3362 774 3442 est,
806 3358 958 3444 quidquid
982 3357 1078 3442 ultra,
1102 3381 1199 3444 quam
1222 3359 1262 3423 ab
1285 3359 1396 3425 eodem
1418 3382 1478 3445 pro
1500 3360 1567 3427 fide
1589 3367 1626 3428 et

347 3461 569 3526 communione
592 3459 751 3526 catholica
774 3463 869 3544 atqua
892 3460 1068 3545 apostolica
1090 3460 1157 3526 illie
1180 3462 1342 3547 agendum
1364 3458 1538 3529 constaret
1553 3486 1626 3531 esse

346 3561 548 3646 delegatum,
583 3584 641 3646 per
668 3563 868 3628 occasionem
899 3563 1161 3648 congregationis
1188 3564 1274 3629 illius
1303 3569 1431 3648 praeter
1456 3563 1627 3633 Nicasnos

348 3685 488 3730 canones
510 3686 593 3729 nova
621 3664 783 3729 videretur
805 3665 932 3730 actione
953 3667 1175 3753 unauna),
1205 3667 1400 3752 competenti
1422 3666 1626 3736 refutatione

348 3806 457 3813 *-

413 3888 446 3954 ⁸⁵)
464 3886 552 3941 Julius
571 3886 650 3957 epist.
668 3893 680 3940 1
699 3904 725 3940 n.
740 3893 773 3940 ‘22
795 3888 921 3943 Romano
945 3886 1075 3959 episcopo
1098 3887 1263 3944 nominatim
1283 3890 1314 3944 in
1335 3887 1482 3945 eeclesiam
1503 3888 1628 3949 Alem-

347 3971 457 4027 drinam
475 3970 595 4042 speciale
609 3972 656 4041 jus
674 3970 873 4028 consuetudine
891 3973 1032 4028 &matrim
1044 3972 1179 4041 vindicat,
1197 3974 1268 4031 adeo
1286 3976 1319 4031 ut
1335 3976 1395 4046 ejus
1407 3974 1560 4048 episcopm
1575 3976 1628 4035 illo

346 4058 505 4114 inconsulto
519 4055 641 4126 judicari
658 4072 714 4112 non
732 4057 843 4114 debeat.

415 4146 449 4209 ⁸⁸)
468 4143 511 4198 Ita
528 4141 563 4196 θ’
577 4141 610 4207 Q'
630 4159 692 4196 curn
709 4142 784 4198 ΒΝ3
796 4143 838 4211 d23
856 4143 963 4215 vulgati
982 4142 1116 4199 omittunt
1132 4152 1220 4215 reptas
1237 4152 1366 4214 civim,

414 4233 448 4296 θ’)
465 4226 581 4297 Vulgati
598 4234 671 4282 clara
688 4233 749 4283 urbs
809 4235 899 4299 religio
917 4241 976 4285 tuae
992 4235 1037 4286 sub
1055 4238 1144 4287 eadem
1157 4237 1240 4298 finus,
1259 4233 1357 4288 contm
1374 4232 1409 4288 G'
1423 4232 1468 4300 θ’.
1494 4233 1566 4291 Ποῖ
1583 4252 1630 4307 ος

348 4330 420 4385 quae
439 4331 457 4368 a
474 4312 566 4368 verbis
579 4319 712 4369 Postremo
729 4320 753 4369 u·
770 4331 856 4385 usque
874 4315 912 4371 ad
929 4334 955 4370 n.
971 4322 1000 4371 11
1020 4322 1180 4386 sequuntur,
1196 4314 1227 4372 in
1244 4334 1308 4374 mss.
1325 4318 1402 4373 brev·
1414 4318 1498 4375 form.
1510 4318 1628 4378 <luunt

290 4426 296 4435 ·
348 4399 426 4466 Quas
447 4398 552 4537 ibide?
575 4401 765 4456 memorantur
783 4399 918 4457 Marciani
941 4404 970 4457 et
987 4401 1109 4459 Anatolii
1131 4402 1282 4474 epistolae,
1304 4402 1379 4460 inter
1396 4403 1537 4461 heduinus
1560 4408 1631 4465 sunt

349 4485 428 4557 epist.
446 4491 520 4540 tlte
548 4490 603 4539 lea.

416 4574 448 4625 “t
467 4569 518 4624 Hic
535 4570 649 4626 notatur
666 4571 897 4628 Calchedonemis
916 4573 1025 4628 concilii
1043 4590 1103 4629 ean.
1117 4579 1158 4641 28,
1179 4574 1224 4630 cni
1246 4574 1418 4646 apostolicas
1440 4575 1515 4632 sedis
1534 4576 1631 4649 legati

349 4656 403 4712 aet.
420 4662 449 4709 16
467 4655 667 4722 reclamarunt,
692 4658 788 4727 utpote
811 4659 875 4728 post
896 4657 1020 4729 ipsorum
1042 4677 1075 4715 ac
1094 4658 1233 4730 judicum,
1260 4659 1309 4731 qui
1331 4660 1513 4732 synodalibus
1536 4664 1631 4735 gestis

350 4739 545 4808 interfuerant,
568 4741 717 4797 discessum
740 4765 771 4797 oe
787 4757 895 4814 praeter
917 4766 1027 4801 conones
1049 4753 1235 4803 ecclesiasticos
1253 4758 1278 4802 et
1295 4753 1454 4818 disciplinam
1472 4746 1568 4815 edito.
1594 4758 1631 4807 ut

350 4825 404 4897 ipsi
420 4826 571 4898 loquuntur
589 4828 685 4896 (nard.
704 4828 764 4883 coll.
785 4847 859 4886 cono.
880 4832 913 4895 ll,
923 4834 991 4901 626).
1028 4831 1068 4887 Er
1086 4832 1139 4889 hoc
1157 4834 1252 4890 autem
1268 4831 1372 4889 calmi
1393 4833 1455 4890 loeo
1472 4833 1630 4893 Facundus

351 4911 529 4969 manifestum
547 4929 605 4971 esse
622 4916 717 4988 putat,
741 4934 787 4981 ea,
810 4916 910 4989 quibus
931 4918 987 4974 Leo
1010 4918 1148 4991 quaedam
1166 4917 1397 4979 Calchedoaeads
1417 4918 1519 4993 synodi
1541 4922 1631 4993 gestu
