3412 5664
600 351 772 402 umerum
795 341 824 400 t.
1278 335 1336 402 751

155 505 193 589 Si,
216 507 392 592 imperator
418 506 550 572 dixerit:
585 511 672 582 Quod
699 527 745 570 me
773 511 862 571 vultis
886 506 992 591 per¹²)
1020 512 1201 572 secutionem
1220 510 1338 584 secere,
1354 521 1389 587 (a.
1400 523 1470 587 515.)

58 613 185 675 nabeo:
206 632 276 676 ecee
297 615 372 674 mibi
391 616 616 686 communicate,
641 615 695 688 qui
713 613 859 687 synodum
884 612 1154 673 Calchedonensem
1175 615 1291 690 recipio
1312 622 1342 674 et

59 717 214 792 epistolas
229 733 338 792 popae
358 716 468 776 Leonis
490 717 655 791 amplector
660 734 672 784 ;
695 731 776 774 nunc
798 717 1013 775 communicate
1034 715 1125 775 mibi!
1147 709 1340 794 responden-

60 812 148 878 dum
176 816 239 878 est:
268 818 331 889 Quo
358 819 466 879 ordine
484 819 584 891 pietas
611 824 713 876 oestro
734 818 955 876 communicari
981 818 1039 876 sibi
1058 817 1234 878 desiderat?
1278 818 1340 878 Nec

60 935 128 981 nos
148 920 381 996 praedicantem
410 921 469 979 ista
490 920 635 995 pietotem
667 926 796 978 oestrum
824 920 967 997 vitamus,
1002 908 1084 994 quod
1108 921 1218 980 scimus
1245 920 1339 980 Deum

59 1022 185 1096 tinere,
208 1030 238 1081 et
257 1024 434 1096 paudemus‚
459 1022 530 1096 quio
548 1029 671 1094 protum
686 1015 813 1102 vobis¹³)
835 1027 879 1080 est
889 1028 1015 1096 potrum
1029 1023 1191 1082 constituta
1204 1039 1338 1083 seruarc.

60 1123 274 1184 I'iduetoiiter
294 1139 368 1198 erpo
390 1139 542 1197 ropomus,
570 1130 602 1180 ut
617 1139 679 1198 per
701 1138 752 1182 oos
774 1124 805 1181 in
830 1124 973 1182 unitatem
995 1130 1168 1204 reuertatur
1188 1122 1338 1184 Ecclesia.
1385 1197 1392 1210 .

59 1223 181 1286 seiont
201 1233 304 1285 omnes
320 1226 457 1302 episcopi
476 1227 658 1284 voluntatem
680 1231 824 1303 oestrum,
853 1234 881 1283 et
908 1226 981 1299 quia
1006 1226 1152 1301 synodum
1175 1226 1339 1286 Colcbedo-

58 1342 191 1388 nensem
211 1334 240 1387 et
261 1328 404 1403 epistolas
420 1341 528 1402 popae
539 1326 648 1386 Leonis
661 1329 789 1408 servetis
811 1327 858 1386 oei
871 1328 950 1386 sedis
964 1330 1150 1402 apostoticae
1164 1329 1337 1388 constituto.

60 1422 103 1489 Si
128 1422 260 1489 dixerit:
284 1428 348 1500 Quo
370 1430 478 1489 ordine
494 1428 646 1501 socienda
668 1435 737 1488 sunt
757 1429 843 1502 boec,
866 1445 898 1488 se
920 1429 1027 1488 debere
1048 1446 1247 1504 copnoscere:
1280 1424 1339 1489 ite

59 1528 177 1592 terum
198 1547 308 1612 preces
330 1525 478 1590 adhibete
484 1575 494 1609 ‚
518 1547 590 1590 cum
612 1525 795 1590 humilitate
817 1525 975 1591 dicentes:
999 1532 1090 1591 Peter
1106 1538 1202 1591 ocstcr
1216 1533 1339 1606 sempsit

58 1634 220 1710 episeopis
238 1634 434 1706 peneroliter,
450 1635 574 1709 junpite
595 1632 642 1691 bis
662 1634 770 1692 titteris
790 1648 899 1693 sacrus
912 1640 1037 1706 uestros,
1061 1636 1264 1708 sipnificantes
1281 1634 1338 1694 boc

58 1750 121 1797 ooo
142 1728 364 1813 videorest),
395 1737 477 1810 quod
496 1743 526 1794 et
546 1735 630 1794 sedes
651 1736 817 1809 apostolico
835 1736 1016 1810 praedicat:
1046 1744 1078 1796 ut
1106 1742 1178 1796 tuoec
1199 1737 1252 1810 qui
1270 1742 1339 1795 sunt

59 1835 249 1909 orthodoxi,
279 1836 318 1895 de
343 1839 460 1897 unitate
485 1837 564 1896 sedis
591 1839 776 1911 apostolicae
796 1839 917 1897 minime
943 1844 1138 1913 separentur,
1170 1844 1200 1897 et
1220 1839 1274 1913 qui
1293 1837 1340 1895 bis

58 1944 140 1999 Μ
159 1939 312 1999 contrarii
330 1945 564 2012 oopnoscantur.
603 1937 714 2008 Quibus
736 1940 894 2013 ordinatis,
914 1946 1046 2014 perotus
1068 1945 1111 1999 est
1130 1945 1222 2013 poter
1243 1945 1340 1999 vester

58 2041 172 2115 edon,
195 2041 224 2100 si
243 2055 318 2115 opus
335 2039 442 2113 suerit,
465 2055 551 2100 suum
574 2043 806 2101 accommodare
822 2043 1039 2118 praesentiam,
1069 2047 1097 2100 ct
1118 2042 1266 2116 quidquid
1285 2057 1338 2100 ex-

55 2142 170 2221 pedit,
200 2143 328 2202 seruatis
343 2149 470 2217 patrum
493 2143 660 2202 constitutis
675 2158 738 2218 pro
759 2144 933 2217 intepritote
955 2143 1111 2203 Ecclesiae
1132 2158 1192 2202 non
1214 2158 1337 2216 nepore.

152 2239 186 2304 b.
223 2235 259 2304 Si
285 2238 401 2303 dixerit
428 2240 617 2322 imperator:
650 2244 734 2304 Bene
760 2246 835 2318 isto,
863 2248 1007 2321 suscipite
1034 2247 1141 2304 iterum
1151 2241 1188 2326 ¹⁵)
1217 2251 1340 2305 nostrae

58 2346 202 2407 deitato
222 2346 413 2422 episcopum!
440 2342 555 2405 iterum
577 2361 688 2425 preces
711 2340 890 2426 adjungite,
913 2342 1076 2407 humiliter
1097 2341 1257 2406 dieentes:
1280 2326 1339 2407 bo-

57 2450 148 2510 nine
167 2448 345 2524 inperator,
366 2464 475 2523 pacem
497 2449 629 2507 venimus
650 2464 718 2507 eum
733 2449 791 2507 bei
806 2450 965 2524 ndjtttorio
986 2449 1067 2509 uobis
1088 2448 1290 2507 adnitentibus
1310 2454 1340 2506 et

55 2549 295 2629 mutantibus
310 2547 431 2623 secere,
455 2556 484 2609 et
505 2552 693 2609 intentionem
715 2552 817 2625 sopire
838 2552 870 2609 in
885 2553 1007 2610 ciuitate
1021 2557 1131 2610 oestro.
1161 2551 1207 2609 lte
1221 2550 1339 2609 duobus

10 2684 12 2713 :
57 2659 108 2714 est
133 2652 278 2728 personis
306 2653 447 2712 intentio:
474 2653 534 2711 isto
560 2668 655 2712 causo
673 2654 835 2727 proprium
863 2668 982 2713 cursum
1005 2652 1103 2711 tebet.
1149 2652 1339 2711 Generalitus

10 2758 16 2817 i
55 2755 276 2833 epsseoponm
294 2754 437 2828 primitus
459 2754 625 2827 ordinetur,
645 2756 701 2826 fiet
716 2770 777 2813 une
792 2756 959 2814 communio
973 2755 1141 2815 catholico:
1163 2760 1192 2813 et
1205 2756 1341 2829 sequenti

55 2856 136 2919 ioco
156 2856 199 2917 de
218 2855 297 2929 istt's,
321 2856 369 2916 vel
387 2856 416 2915 si
436 2857 577 2929 quisunt
600 2857 656 2915 olii
675 2863 765 2914 extro
786 2857 930 2916 ecclesius
950 2873 1036 2928 suas,
1066 2862 1139 2915 tunc
1161 2854 1339 2929 ditipentins

25 2942 41 2967 ⁸
52 2964 165 3038 potest
190 2972 288 3018 causo
315 2960 466 3030 coptosci.
522 2951 556 3018 si
583 2952 699 3016 dixerit
726 2952 917 3036 imperator:
947 2958 993 3017 oe
1014 2956 1197 3018 Macedonio
1224 2959 1335 3031 dicitis,

56 3060 205 3135 htdlioo
225 3058 417 3119 subtilitatem
439 3065 587 3120 oestrum:
608 3060 779 3119 boereticus
800 3066 854 3137 est,
877 3061 963 3119 nulio
984 3061 1104 3119 ratione
1124 3062 1266 3119 revocari
1279 3076 1336 3135 po·

24 3242 28 3249 .
55 3166 141 3233 hoto
160 3155 354 3241 respondes:
378 3161 450 3234 Nos,
475 3163 594 3221 domine
613 3164 788 3236 imperator,
812 3162 925 3221 nultum
936 3162 1142 3242 personaliter
1156 3162 1335 3221 indicemus.

24 3302 29 3313 ·
57 3264 103 3327 tt
122 3264 156 3325 si
168 3263 276 3340 pictos
297 3271 397 3324 oestro
420 3265 608 3337 consideret,
638 3264 737 3337 inopis
752 3279 814 3339 pro
836 3265 938 3323 animo
960 3269 1060 3323 oestro
1081 3269 1111 3322 et
1134 3265 1273 3339 opinione
1294 3265 1336 3323 to-

55 3368 198 3445 w,
222 3370 256 3425 ut
275 3366 315 3425 sit
337 3366 491 3438 discussio,
516 3368 592 3425 etsi
612 3366 783 3427 baereticus
804 3372 857 3438 est,
880 3366 1001 3442 ‚iudicio
1022 3374 1236 3440 copnoscotur,
1260 3363 1336 3447 eim)

54 3486 124 3533 noo
145 3466 205 3531 eoo
226 3468 369 3544 opinione
390 3468 557 3559 ortbodosei
576 3468 689 3543 injuste
710 3469 832 3529 dicutur
854 3484 1023 3543 oppressus.

130 3719 165 3789 ¹¹)
183 3715 222 3773 Θ*
235 3717 265 3772 8¹
282 3721 345 3788 quid
364 3737 401 3771 me
422 3723 496 3771 uultis
515 3723 717 3786 persecutionem
736 3722 827 3785 facere
845 3721 877 3771 ab
896 3738 940 3785 eo,
962 3718 1030 3771 boo
1051 3738 1101 3786 per
1121 3723 1270 3773 locutionem
1288 3716 1335 3790 (ul.

37 3806 284 3877 ,mestum
308 3821 359 3871 per
379 3805 537 3870 solutionem)
556 3808 646 3870 facem
668 3806 768 3857 habete.
813 3803 918 3857 Nostra
944 3802 1026 3856 lectio
1054 3803 1090 3856 ub
1114 3802 1265 3872 archetypo
1291 3803 1337 3857 vix

51 3884 177 3949 audit

127 3974 166 4043 ¹¹)
184 3969 222 4027 G¹
235 3972 265 4027 8¹
287 3975 371 4035 nobis,
394 3986 513 4041 moxque
534 3992 562 4028 se
585 3977 678 4028 debere
700 3992 865 4042 eopmmere,
889 3972 938 4026 ubi
959 3972 978 4025 b
996 3989 1036 4027 cc
1052 3978 1189 4028 ostendere
1207 3984 1336 4042 oportere,

39 4058 88 4115 ,ὁ
102 4056 198 4131 poulo
215 4056 302 4111 tuton
318 4063 357 4112 oet
373 4063 516 4127 apostolico
533 4063 677 4114 constituto.

127 4144 163 4213 ¹⁴)
181 4144 214 4198 ι*
226 4146 361 4210 judicare.
390 4141 551 4197 Lectionem
568 4149 698 4198 vindicare
715 4141 843 4211 subjecto
859 4141 975 4197 inierim
992 4149 1045 4197 n.9
1067 4143 1231 4199 Hormisdou
1249 4146 1336 4199 rerba

46 4216 246 4299 ,numne
274 4225 340 4281 lox
356 4225 386 4280 in
402 4226 524 4296 vulgatis
542 4239 567 4282 et
583 4237 655 4295 terne,
673 4227 722 4281 ubi
739 4225 940 4282 restituendum
958 4228 1113 4282 curavimus
1131 4242 1158 4284 nt
1176 4241 1242 4284 tune.

38 4334 44 4373 ·,
126 4316 161 4383 ¹⁵)
178 4312 253 4368 boc
269 4316 370 4366 interim
436 4318 538 4380 junpt'te
610 4318 800 4367 contentionem.
832 4312 979 4382 Proprium
997 4315 1091 4367 autem
1110 4316 1153 4368 eut
1169 4313 1335 4370 Hormisdou

145 4394 261 4457 emenii
276 4396 443 4452 vocobulum
464 4403 582 4464 intentio,
605 4398 681 4465 quod
702 4397 822 4467 litigium
841 4400 870 4451 et
887 4397 1104 4453 controversiam
1121 4399 1196 4470 apud
1214 4415 1277 4454 eum
1293 4416 1335 4454 so·

41 4483 113 4545 uk
155 4480 361 4541 convevenit
381 4481 431 4538 illu
452 4482 526 4537 iuter
547 4482 752 4550 Macedonium,
776 4499 859 4552 quem
876 4481 1039 4537 Anastasius
1060 4484 1157 4554 regiae
1175 4484 1251 4539 urbis
1269 4485 1335 4540 sede

39 4566 223 4645 ,τἸᾑΙιιιέ,
240 4566 274 4623 et
282 4565 473 4636 timotheum,
492 4584 575 4636 quem
592 4567 667 4623 idem
683 4568 882 4639 imperatorin
901 4572 960 4638 ejus
977 4568 1069 4624 locum
1081 4569 1169 4624 suffici
1181 4572 1334 4639 curaverat,

49 4776 53 4781 -
119 4740 156 4813 Ιι)
172 4739 251 4797 beo
267 4749 303 4794 et.
342 4737 403 4795 Hoc
424 4739 517 4794 autem
540 4738 593 4793 sibi
610 4739 670 4793 vult
690 4739 766 4793 totus
782 4738 829 4794 ille
847 4740 935 4795 locus:
959 4744 1013 4795 Pro
1030 4749 1113 4795 animo
1131 4753 1216 4797 oestro
1234 4752 1259 4796 et
1277 4748 1332 4812 opi·

80 4846 129 4887 m
144 4828 294 4898 ΒΜ,
318 4841 380 4893 teu,
402 4831 501 4880 animae
523 4831 638 4893 opinioni
659 4846 690 4878 oc
710 4829 794 4890 sumne
811 4835 913 4880 uestrae
935 4831 1099 4893 consulimus,
1121 4847 1193 4896 quum
1214 4832 1332 4898 petimus,

72 4916 126 4971 ιὰ
139 4912 293 4978 Μ,
312 4929 364 4982 quo
380 4915 535 4966 discussione
547 4920 629 4964 utrum
641 4915 784 4965 baeretious
800 4915 835 4965 eit
853 4922 1034 4980 eopnosentur,
1052 4932 1084 4966 oe
1102 4932 1150 4966 non
1163 4918 1221 4981 jone
1238 4917 1283 4968 sub
1302 4933 1333 4967 en
