3450 5678
594 340 788 389 suessones
814 332 864 388 15.
890 332 939 390 16.
1341 328 1402 392 773

130 516 191 557 nus
214 496 248 558 et
267 493 401 559 Hilarus
423 495 567 559 notarius
590 495 754 580 degerent,
779 495 909 577 pietatis
926 517 1063 580 agonem
1083 500 1267 581 susceptum
1289 501 1400 564 tenen-
1413 509 1449 575 (a.
1461 512 1531 578 516.)

130 599 188 660 tes.
223 595 399 662 Nobiscum
421 599 530 661 autem
551 597 615 661 fuit
636 601 669 661 et
689 597 775 661 inter
797 599 926 661 sanctos
947 597 1055 663 factus
1073 601 1167 683 pater
1182 601 1277 685 atque
1300 600 1401 667 archi·

130 699 298 782 episcopus
320 701 430 763 noster
452 698 611 782 Alcyson,
639 698 693 782 qui
723 721 795 763 cum
823 699 910 763 omni
932 700 1227 787 praesumptionen
1250 702 1401 786 supplici-

128 801 188 865 bus
216 803 311 866 utens
338 801 472 884 libellis,
510 800 594 885 apud
622 802 761 864 vestram
789 800 1021 866 beatitudinem
1050 802 1168 886 dignus
1195 803 1325 868 effectus
1353 807 1403 869 est

129 901 322 987 apostolicae
350 903 415 968 sedi
446 905 570 967 vestrae
599 902 835 967 communicare
862 904 1037 969 nobiscum.
1087 903 1149 970 Sed
1171 905 1246 989 quia
1268 908 1401 990 repente

127 1004 182 1088 qui
206 1007 393 1070 cunctorum
415 1005 534 1070 retinet
554 1007 750 1090 potestatem
770 1004 857 1069 hunc
886 1005 926 1070 ad
954 1028 988 1070 se
1011 1006 1201 1091 evocavitl),
1234 1028 1294 1071 nos
1324 1007 1400 1073 irre-

126 1106 312 1193 frenabili⁷)
335 1107 412 1172 fletu
434 1107 556 1173 detenti
577 1107 780 1192 pervenimus
800 1111 911 1172 tamen
940 1108 979 1171 ad
1002 1108 1158 1192 patriam,
1189 1107 1278 1173 nullo
1306 1109 1400 1175 modo

127 1230 266 1273 errorem
288 1213 420 1294 propter
441 1208 501 1274 Dei
524 1209 664 1294 gratiam
686 1210 898 1293 sustinentes,
928 1210 983 1273 sed
1005 1209 1121 1294 ubique
1142 1213 1250 1275 vestra
1272 1211 1409 1277 decreta-

127 1314 298 1376 sectantes.

211 1413 241 1477 2.
279 1412 446 1478 Flentibus
469 1417 576 1479 autem
599 1413 692 1478 nobis
720 1416 815 1498 atque
843 1413 1130 1502 lamentantibus⁸)
1154 1436 1225 1479 cnm
1247 1414 1314 1498 his,
1344 1415 1399 1501 qui

126 1515 294 1580 nobiscum
315 1515 420 1580 relicti
442 1516 574 1580 suntin
597 1515 746 1600 paroecia
768 1515 997 1599 comministri,
1021 1516 1092 1599 quis
1114 1517 1217 1600 possit
1239 1516 1278 1581 de
1293 1516 1399 1581 ortho-

125 1617 216 1680 doxis
238 1621 324 1682 recte
348 1616 466 1683 Christi
491 1639 565 1682 oves
588 1617 784 1703 transigere,
813 1617 868 1703 qui
897 1617 1080 1682 consolatur
1101 1618 1253 1703 humiles,
1289 1642 1398 1684 conso-

125 1719 209 1783 latus
239 1722 288 1784 est
317 1720 414 1784 etiam
442 1742 501 1784 uos
529 1741 587 1807 per
607 1723 730 1784 vestras
753 1719 930 1802 orationes,
962 1719 1187 1784 demonstrans
1215 1722 1398 1806 metropoli-

124 1824 222 1885 tanae
245 1821 368 1886 civitati
391 1823 426 1885 in
449 1822 573 1886 cunctis
596 1822 834 1886 sanctissimum
855 1821 1055 1904 dohannem,
1084 1823 1137 1906 qui
1161 1845 1180 1885 s
1202 1822 1340 1906 pueritia
1363 1823 1398 1888 in

123 1922 271 1988 Ecclesia
293 1923 362 1988 sine
386 1924 480 2010 culpa
501 1924 653 2007 nutritus,
677 1925 774 1987 immo
796 1923 1002 1987 laudabiliter
1023 1924 1058 1987 in
1082 1945 1118 1988 ea
1138 1925 1270 2010 degenS,
1293 1925 1340 1989 ita
1362 1928 1398 1990 ut

84 2053 86 2055 ·
124 2047 227 2109 neque
255 2047 327 2090 eum
355 2027 389 2089 in
419 2025 501 2111 hisl)
531 2026 698 2110 quisquam
732 2026 929 2109 temporibus
961 2024 1149 2109 antecellat,
1188 2025 1256 2090 zelo
1290 2029 1398 2091 autem

125 2128 211 2192 circa
225 2127 446 2192 orthodoxiam
464 2128 559 2211 juxta
575 2128 766 2211 apostolicas
781 2127 1015 2191 admonitiones
1030 2131 1154 2192 vestras
1169 2128 1250 2193 nulli
1266 2129 1397 2194 omnino

124 2229 250 2294 cedens.
288 2228 384 2295 Hunc
406 2252 483 2315 ergo
505 2229 566 2294 Dei
588 2229 791 2314 providentia
813 2229 1031 2294 ordinavimus
1054 2229 1235 2314 praesulem
1256 2229 1396 2316 Nicopo-

26 2371 29 2374 «
123 2332 297 2396 litanorum
319 2332 541 2397 sanctissimae
562 2332 725 2415 ecclesiae,
750 2335 783 2396 et
797 2352 957 2417 rogamus
981 2335 1018 2396 ut
1029 2331 1124 2414 juxta
1140 2332 1307 2418 antiquam
1324 2355 1396 2398 eon·

122 2433 324 2499 suetudinem
353 2434 585 2519 huncquoque
614 2435 871 2518 complectamini
899 2434 1044 2519 paternis
1073 2433 1247 2498 visceribus
1271 2435 1394 2518 vestris,

122 2537 277 2622 nobisque
300 2540 397 2621 atque
418 2536 480 2620 ipsi
495 2535 555 2601 Dei
578 2537 685 2621 gratia
707 2535 893 2600 efficiamini
916 2558 1006 2600 arma
1027 2536 1295 2621 inexpugnabilia
1313 2558 1396 2601 com-

122 2639 353 2703 monitionibus
376 2639 490 2703 vestn's
513 2641 608 2722 aitque
632 2638 796 2720 doctrinis,
827 2641 860 2702 st
881 2638 1089 2721 precantibus
1116 2638 1209 2702 nobis
1231 2636 1395 2703 inclinetis

122 2763 242 2824 aurem,
266 2744 300 2805 et
320 2741 475 2826 pietatem
499 2740 687 2804 concordiae
710 2739 876 2824 reperiatis
895 2740 990 2823 juxta
1006 2739 1196 2824 inspiratam
1212 2740 1302 2804 vobis
1318 2740 1394 2804 divi·
1419 2732 1423 2740 ’

123 2843 212 2907 nitus
235 2843 440 2928 apostolicam
465 2842 714 2926 providentiam:
748 2843 840 2906 utin
862 2863 956 2926 pace,
991 2862 1072 2926 quae
1101 2843 1150 2905 est
1177 2842 1206 2905 ei
1235 2841 1393 2926 amabilis,

123 2948 258 3010 cunctae
290 2946 511 3009 sanctissimae
544 2944 708 3008 Ecclesiae
743 2944 938 3028 cooptate¹⁰)
975 2943 1271 3008 immarcescibilem
1304 2944 1393 3008 vobis

122 3070 273 3113 coronam
295 3049 462 3111 nectentes
469 3097 477 3130 ,
508 3047 541 3110 in
570 3046 657 3110 omni
680 3046 800 3130 pietate
823 3048 919 3130 atque
941 3045 1122 3110 humilitate
1146 3046 1394 3129 comprehenda-

121 3172 193 3214 mur
214 3150 248 3213 in
271 3149 409 3215 Christo.

204 3253 234 3316 3.
269 3251 494 3316 Venerabilem
517 3274 591 3315 vero
607 3251 778 3315 diaconum
793 3249 963 3332 Rufinum,
988 3253 1120 3334 propter
1141 3249 1225 3314 hanc
1248 3254 1315 3314 tam
1338 3272 1393 3314 ne·

122 3353 293 3419 cessariam
316 3376 444 3418 causam
467 3353 633 3435 directum,
657 3353 797 3416 libenter
819 3352 926 3437 rogati
949 3350 1184 3436 conspicite¹¹),
1214 3354 1247 3415 et
1272 3351 1311 3414 ad
1334 3373 1393 3415 nos

187 3629 208 3694 ⁵)
228 3627 333 3681 Graece
351 3624 427 3680 haud
445 3625 528 3679 dubie
546 3622 707 3698 παρὁσίᾳ,
727 3624 802 3692 quod
817 3629 914 3691 fidncia
931 3622 1018 3677 latine
1030 3621 1124 3692 aptius
1136 3621 1275 3676 redditum
1288 3622 1386 3676 fuisset

187 3716 208 3780 ⁶)
225 3712 289 3765 Non
314 3712 480 3780 Alcysonem
508 3710 611 3777 solum,
640 3709 690 3764 sed
717 3712 745 3764 et
773 3708 911 3778 Gajanum
933 3706 1061 3777 Byzantii
1088 3707 1124 3760 ad
1145 3707 1236 3761 Deum
1258 3705 1392 3775 migrasse

118 3797 293 3852 Marcellinus
311 3797 340 3850 et
356 3796 529 3866 Nicephorus
547 3795 668 3849 tradunt.
705 3794 810 3847 Verum
828 3793 864 3846 ad
882 3792 1031 3861 synodum,
1049 3808 1122 3860 quae
1136 3789 1267 3859 Alcysoni
1286 3808 1392 3846 succes·

118 3898 210 3937 sorem
228 3881 324 3935 datum
343 3880 503 3946 nuntiabat,
524 3879 592 3934 nihil
609 3879 751 3934 attinebat
768 3878 802 3933 de
821 3877 929 3946 Gajano
948 3877 1040 3931 lacere
1059 3877 1237 3931 mentionem.

185 3970 207 4035 ¹)
225 3966 245 4020 b
264 3966 299 4021 ad
317 3983 405 4034 marg.
425 3970 659 4034 irreprehensibili,
684 3979 803 4032 moxque
826 3961 860 4016 G·
880 3964 905 4016 a¹
931 3967 1036 4016 recenti.
1080 3960 1186 4016 Deinde
1209 3977 1260 4030 pro
1281 3973 1391 4030 propter

120 4057 169 4106 Ilei
183 4057 294 4120 praetant
317 4050 375 4116 (ubi
397 4050 472 4104 haud
496 4049 579 4104 dubie
598 4045 648 4103 διὰ
666 4044 719 4116 τήν
737 4050 788 4102 τοῦ
807 4048 880 4101 θεοῦ
899 4041 983 4116 χάριν
1001 4062 1103 4116 graece
1124 4046 1279 4115 ferebatur)
1297 4046 1391 4101 malla-

119 4153 181 4189 mus
196 4157 247 4205 per
265 4141 316 4189 Dct'
331 4142 449 4203 pretione.

187 4225 208 4290 ⁶)
227 4220 367 4276 Orationis
385 4219 470 4274 series
493 4220 586 4289 potius
609 4217 734 4289 postulat
756 4224 835 4271 anate
857 4221 1071 4286 quaeritantibus,
1096 4217 1158 4286 quis
1175 4216 1280 4271 sufficet
1296 4217 1391 4285 posset

120 4305 223 4361 Christi
245 4321 311 4359 oves
333 4305 443 4359 ducere.
483 4303 591 4358 Deinde
615 4321 701 4372 quum
723 4302 808 4357 verbo
832 4307 995 4356 coerrninictrt‘
1015 4298 1212 4369 intelligantur
1234 4306 1388 4370 coepiscopi,

118 4409 169 4462 pro
193 4397 283 4461 quiin
304 4397 430 4459 paroecia
453 4388 594 4458 quispiam
616 4388 733 4442 forsitan
756 4387 852 4441 mallet
879 4395 922 4457 qai
944 4393 970 4440 in
991 4393 1132 4456 provincia.
1174 4385 1229 4440 Sed
1252 4377 1389 4453 paroeciae

118 4494 220 4531 nomen
238 4475 323 4530 etiarn
341 4474 377 4528 ab
395 4473 545 4527 Hormisda
561 4488 613 4543 pro
632 4478 764 4541 provincia
782 4472 910 4541 usurpari
928 4470 1008 4543 epist.
1030 4478 1060 4526 18
1079 4470 1163 4526 visuri
1181 4488 1281 4524 sumus.

185 4563 207 4630 ⁹)
225 4561 269 4615 lta
286 4561 318 4627 b;
337 4560 369 4615 G'
385 4563 410 4613 α’
431 4566 456 4612 in
473 4563 521 4612 ltcc
541 4564 672 4626 quaquam
690 4560 727 4624 (u¹
747 4560 870 4628 quisque).
905 4556 970 4610 Mox
983 4557 1026 4611 cd.
1045 4563 1114 4610 circa
1132 4561 1286 4610 orthodoxa.
1319 4553 1387 4608 Sub-

118 4645 182 4700 inde
201 4645 234 4700 G¹
249 4648 276 4700 a¹
294 4651 413 4707 cedente,
432 4643 508 4713 quod
526 4642 562 4696 ad
580 4658 675 4696 vocem
693 4649 746 4697 ecto
765 4641 863 4697 referri
880 4642 981 4711 potest.

186 4732 218 4799 ¹⁰)
236 4731 280 4784 lla
298 4730 342 4785 G'.
379 4730 446 4784 bec
463 4739 599 4796 cooptatae
617 4732 844 4782 itamarcescibt'lcm
861 4748 980 4782 coronam
999 4727 1110 4794 (omisso
1122 4729 1203 4794 vobis)
1221 4729 1386 4794 comprehen-

119 4821 213 4869 dantur
231 4822 256 4869 t'n
275 4821 384 4871 Cdctrto.

188 4902 218 4968 ¹¹)
237 4901 255 4954 b
270 4918 306 4955 co
322 4905 455 4969 respicite,
474 4916 593 4968 moxque
612 4899 630 4952 b
651 4902 786 4954 Incolumis
802 4918 852 4968 pro
869 4918 907 4953 me
925 4917 982 4956 ora.
