3412 5664
682 326 776 376 v1rs.
821 326 992 378 larisseus
1017 319 1046 375 1.
1437 312 1500 380 est

226 510 297 579 ,ique
310 495 470 550 societate
482 491 642 566 pandebat,
665 508 787 564 quorum
809 493 935 562 spiritali
955 493 1108 548 collatione
1126 493 1292 563 flammatus
1312 499 1391 549 tanto
1417 495 1505 550 diuini

233 580 322 649 meis
347 578 444 635 studio
464 582 546 633 tanta
568 576 649 633 uerbi
656 569 691 647 ¹¹)
712 576 769 633 Dei
787 578 969 632 meditatione
986 576 1159 648 fruebatur,
1187 583 1217 633 ut
1238 578 1306 634 nuic
1328 581 1413 634 etiam
1433 581 1506 635 ittud

215 665 478 749 ,quudpsatmista
503 658 608 718 ceciidt
629 667 801 733 aptaretur:
836 662 975 717 Beatus
1000 663 1093 719 bomo
1120 678 1218 743 quem
1251 671 1288 719 tu
1314 665 1504 721 erudieris
1526 658 1625 726 Pu93,

249 751 389 819 bonine,
419 755 451 805 et
476 749 518 804 de
542 749 621 820 tepe
647 754 709 804 tua
735 748 911 803 docueris
936 762 1025 817 enm,
1054 755 1090 804 ut
1110 751 1255 822 milipes
1276 752 1309 805 ci
1334 768 1352 804 a
1373 729 1636 807 diebus¹20t¹3

253 836 347 897 nolis.
388 834 486 908 Hujus
508 836 581 889 enim
606 835 719 889 saeculi
732 836 823 889 matos
848 834 909 889 dies
924 835 964 888 ita
980 833 1099 889 Domina
1119 836 1266 907 mitipante
1287 841 1374 908 atque
1398 835 1502 909 puber-

169 912 179 997 ¹.
258 927 321 982 mte
343 922 489 993 transepit,
517 910 583 991 et¹²)
605 921 740 975 uniuersa
763 921 836 975 uitae
849 920 985 989 pericula
1001 921 1043 974 sic
1058 922 1131 974 mira
1147 919 1304 990 prudentia
1326 926 1354 976 et
1372 922 1502 994 laneam·-

262 1012 331 1065 mm
346 1008 482 1078 sustituit,
500 1011 533 1062 ut
547 1005 658 1060 deliciis
671 1006 793 1076 jejunia
807 1011 1005 1076 praeponeret
1026 1012 1053 1060 et
1073 1004 1238 1076 superbiam
1258 1006 1418 1062 bumilitate
1440 1008 1500 1063 cot·

267 1097 338 1161 ciret,
358 1097 490 1164 tantoque
511 1091 708 1147 misericordia
732 1092 821 1146 animi
840 1106 877 1145 ac
896 1092 1031 1163 tarpitate
1049 1093 1240 1159 claresceret,
1269 1098 1299 1147 at
1321 1107 1417 1148 omues
1435 1092 1502 1164 fere

268 1190 382 1249 pauperes
398 1177 493 1233 ditans
508 1178 592 1248 inops
606 1178 668 1248 ipse
682 1182 863 1233 moreretur.-
882 1175 1018 1248 profecto
1034 1175 1135 1232 beatus
1150 1176 1207 1232 bac
1222 1179 1329 1248 inopia,
1342 1193 1401 1250 per
1417 1195 1503 1250 quam

272 1263 346 1318 tionis
360 1278 467 1335 smper
479 1261 614 1318 laudibus
628 1262 809 1329 inhaerebat,
837 1264 911 1317 sicut
924 1261 1068 1333 propbeta
1083 1263 1151 1317 dicit
1168 1264 1209 1318 ad
1222 1262 1388 1318 Dominum.-
1413 1263 1463 1319 Pa
1472 1261 1613 1320 u·Psulm.

274 1354 362 1419 peret
381 1350 482 1420 inops
507 1347 710 1404 laudabunt
736 1363 859 1403 nomen
883 1354 986 1402 titum.
1020 1340 1130 1418 Fuit¹³)
1157 1351 1263 1421 quippe
1284 1351 1397 1421 inpenio
1419 1336 1607 1405 lucu-⁷322l·

275 1432 347 1503 lentus,
358 1437 406 1490 uita
418 1436 609 1506 praecipuus,
627 1436 802 1489 auctoritate
817 1433 1003 1497 reuerendus,
1023 1440 1050 1488 et
1065 1434 1126 1489 idea
1143 1439 1182 1489 tot
1198 1435 1331 1490 virtutum
1346 1435 1502 1490 decoratus

275 1518 438 1589 simibusad
445 1520 599 1591 praecelsi
612 1520 725 1575 cutmen
740 1519 835 1591 officii
848 1535 904 1574 non
918 1523 1044 1574 accessit
1055 1521 1196 1592 indipnus.
1218 1519 1364 1576 Honorem
1376 1536 1503 1576 summae

274 1602 381 1674 dmum
394 1607 593 1679 pronissimum
607 1605 725 1677 pondus
740 1607 920 1674 existimans,
938 1620 1121 1677 paruumque
1138 1607 1337 1679 nepiipentiam
1357 1609 1503 1678 pontificis

275 1688 508 1760 mammarum
518 1691 672 1747 discrimen
685 1706 749 1747 esse
760 1697 934 1760 contestans,
951 1691 1060 1746 idcireo
1075 1692 1153 1746 nullo
1169 1706 1200 1746 se
1214 1692 1353 1748 desidioso
1370 1695 1425 1748 otio
1441 1699 1501 1747 tra·

273 1772 374 1832 dib'tnec
384 1768 586 1848 tueanosisu)
602 1779 739 1833 conuiuiis
754 1777 914 1849 effusisque
929 1779 1053 1846 servivit,
1070 1792 1109 1832 ex
1124 1776 1227 1850 quibus
1241 1777 1502 1833 rebusunimaram

273 1858 510 1935 amonerentur
527 1869 554 1918 et
572 1878 736 1935 corporum.
764 1862 822 1918 Hie
834 1865 931 1935 itaque
944 1869 1047 1934 pastor
1062 1866 1164 1917 summi
1183 1870 1270 1936 atque
1291 1863 1357 1919 boni
1373 1865 1503 1935 pastoris

269 1945 365 2002 iatam
379 1951 530 2013 exsistens,
552 1952 685 2022 eprepius
702 1950 824 2020 praesui
845 1949 1119 2018 sedisapostolicae
1138 1947 1212 2020 fuit,
1235 1951 1284 2022 qui
1303 1950 1398 2004 diuina
1412 1964 1500 2020 prae-

268 2036 337 2103 cepit
351 2032 413 2107 feeit
433 2041 462 2091 et
481 2035 587 2090 docuit.
624 2033 702 2090 llnde
721 2049 785 2090 eum
804 2026 982 2107 mapnumff)
1003 2037 1079 2089 inter
1101 2040 1219 2090 sanctos
1239 2049 1302 2090 esse
1323 2035 1501 2106 confidimus,

258 2117 339 2189 jau
356 2123 568 2191 pressurum
589 2118 697 2176 consu
716 2119 830 2176 aomina·
850 2121 985 2175 arcensis:
1012 2120 1078 2187 Qui
1099 2119 1240 2192 fecerit
1265 2127 1298 2175 et
1323 2122 1500 2189 aucuerre,
1514 2099 1614 2155 Maur.

263 2202 458 2279 ticnapnus
479 2205 672 2263 uocabitur
691 2208 726 2261 in
747 2221 857 2279 repno
879 2207 1073 2261 coelorum.
1526 2176 1602 2233 5,19.

333 2288 356 2346 b.
380 2290 477 2347 lautus
492 2307 556 2346 vcro
571 2290 693 2365 pontifex
708 2307 791 2364 quum
807 2288 978 2347 ecelesiarum
993 2292 1104 2364 primum
1126 2292 1343 2364 unnisssqustuor,
1365 2288 1501 2346 nicrisibus

257 2380 324 2436 octo.
335 2373 416 2432 dotus
431 2375 582 2433 octodecim
592 2369 628 2448 ¹⁶)
648 2376 812 2438 tlccormsct,
833 2375 955 2432 labarum
977 2376 1126 2431 mercedem
1148 2384 1308 2450 recepturus
1323 2377 1448 2451 migravit
1469 2375 1501 2431 ud

252 2458 378 2517 minum
394 2460 450 2517 11111
471 2459 601 2517 Calendis
622 2460 780 2519 Decembres
802 2463 864 2517 atini
885 2460 947 2519 496
969 2470 996 2516 ct
1016 2461 1156 2536 depositus
1179 2463 1268 2518 estin
1291 2463 1395 2518 msiiica
1417 2462 1503 2517 suncti

248 2543 322 2601 Petri
332 2543 361 2601 ll
372 2546 498 2603 calendas
514 2546 682 2603 Decembres.

766 2768 793 2775 ι..
805 2768 968 2776 -..φα-ι·-

747 2917 930 3021 Epistola
957 2918 987 3000 1.

478 3071 584 3138 Beati
608 3068 742 3140 (istestt
764 3071 809 3138 ud
832 3072 1013 3154 episcopos
1035 3068 1252 3151 bricutslcs,
1514 3063 1620 3199 (jffi

846 3208 894 3245 Seu

245 3304 457 3372 mrum
475 3302 621 3361 rationis
641 3304 836 3361 reddendae
857 3302 951 3360 beati
972 3301 1101 3359 Gelesil
1121 3314 1231 3370 pupae
1257 3301 1301 3358 de
1322 3300 1481 3358 evitanda

366 3407 602 3463 communione
623 3406 756 3474 Aeacii,
778 3407 884 3463 missa
905 3407 950 3462 ud
972 3404 1163 3462 orientales
1185 3403 1373 3501 episcopos.
1480 3406 1485 3417 “

169 3564 211 3613 Ι,
241 3554 370 3605 -Vaetss
391 3556 632 3621 orpusnentatt'ones,
662 3554 751 3623 quibus
769 3554 913 3606 Orientates
933 3570 1035 3605 cainam
1053 3555 1145 3605 Aeacii
1168 3555 1234 3603 tueri
1253 3552 1467 3618 praetendebant,

259 3642 404 3691 nin-utin
423 3642 534 3699 diluens,
559 3643 681 3691 uincutun
703 3642 968 3691 excommunicationis
990 3641 1016 3689 in
1040 3656 1094 3689 ean
1115 3642 1234 3704 prolatae
1257 3637 1388 3690 insolubile
1412 3654 1467 3690 esse

808 3727 927 3776 ostendit.

320 3860 352 3923 1.
449 3856 528 3925 Post
548 3859 744 3945 quingentos
771 3881 872 3924 amics
895 3858 1070 3923 constituta
1098 3857 1218 3924 Christi
1241 3879 1294 3923 eos
1321 3859 1402 3923 velle
1431 3859 1502 3924 sub·

297 4099 320 4133 ¹¹
353 4117 372 4151 α
390 4097 480 4153 omits.
499 4102 577 4153 uerbi.

297 4100 336 4235 ¹²3
351 4166 382 4220 α’
397 4176 424 4220 ut
439 4172 572 4221 uniuersas
588 4172 742 4222 tentationes
759 4173 825 4221 miro
839 4171 978 4236 prudentia
997 4177 1022 4219 et
1039 4171 1226 4234 tarpanimitate
1243 4172 1379 4237 sufferret,
1398 4172 1502 4222 delicias

209 4240 340 4308 jejutis
354 4246 499 4304 sperneret,
516 4240 661 4305 superbiam
678 4240 815 4289 bumilitate
833 4242 957 4298 calcaret,
982 4245 1055 4288 tanta
1071 4241 1247 4290 misericordia
1269 4242 1346 4290 animi
1366 4242 1502 4290 alacritate

215 4313 397 4367 tumet,
414 4319 534 4371 moxque
551 4311 650 4359 satians
668 4303 739 4369 (loco
758 4307 854 4373 ditans)
872 4311 902 4358 et
919 4303 1008 4357 curiit.
1027 4306 1150 4357 laudibus.

292 4375 331 4441 ¹⁸)
348 4373 380 4427 α’
392 4375 451 4427 eust
462 4378 527 4427 enini
538 4378 578 4427 us'r
639 4378 777 4427 decoratus
794 4376 933 4445 insipnibus
945 4377 981 4426 red
992 4384 1042 4426 tam
1054 4378 1180 4427 excelsum
1192 4376 1301 4440 afficiam
1313 4394 1362 4429 non
1422 4392 1501 4441 praue

214 4449 298 4499 nbis
317 4460 395 4497 ann.

292 4512 330 4577 ¹⁸)
348 4507 406 4564 Alii
423 4514 556 4565 insumam
574 4515 685 4566 conuiuio
704 4514 843 4580 effmopue,
861 4524 981 4578 moxque
1000 4521 1138 4564 nascontur
1156 4509 1227 4578 (luco
1243 4512 1421 4580 penerantur).

290 4581 329 4645 ¹⁸)
348 4598 370 4632 a
387 4584 457 4632 tnter
471 4594 582 4648 mpnos.
618 4578 683 4632 Mox
700 4582 729 4633 u²
746 4581 869 4640 docuerit,
887 4583 1010 4642 macimm
1027 4582 1166 4636 uocabitur.

291 4651 328 4713 ¹⁸)
347 4644 403 4699 Hic
419 4663 549 4701 uumerus
566 4647 688 4702 hulsetut
704 4646 733 4700 in
771 4645 878 4701 lusibus
897 4648 926 4701 ct
964 4645 1190 4701 ruestuntissimis
1203 4646 1346 4716 catalogis,
1372 4644 1499 4701 Votieno.

211 4720 290 4791 Its-g.
309 4720 381 4793 199]
399 4716 428 4768 et
447 4720 538 4793 ttt'l,¹
551 4714 656 4769 Scssor.
669 4665 771 4782 LXIIF,
790 4714 864 4781 eliis,
893 4715 922 4768 in
940 4664 1069 4793 gerensi,
1085 4732 1146 4794 ‚uno
1165 4715 1325 4770 colbertino
1348 4714 1502 4793 ctuliquot

208 4790 369 4845 msam
378 4783 594 4860 ¹exemplaribus
612 4804 636 4840 a.
651 4787 697 4837 17
707 4805 737 4841 m.
749 4787 824 4837 7111
843 4790 869 4837 rt.
886 4787 962 4850 xlx,
981 4800 1009 4836 m
1019 4782 1200 4839 Vslhcelluno
1212 4784 1268 4838 As
1281 4801 1344 4837 cum
1356 4783 1417 4837 ulus
1428 4785 1502 4837 Auu-

208 4854 300 4913 ntasii
316 4850 466 4907 codicibus
483 4874 508 4910 a.
522 4856 570 4906 17
576 4874 608 4907 sn.
623 4855 700 4906 7111
717 4859 742 4906 d.
757 4855 808 4915 tx,
825 4851 1081 4907 inVuticau01353
1099 4875 1123 4907 a.
1137 4856 1189 4906 111
1206 4873 1236 4906 rn.
1251 4854 1328 4906 7111
1345 4857 1371 4909 d.
1385 4855 1435 4906 ΙΧ.
1459 4850 1501 4906 Dc

207 4918 414 4999 dqmitr'ouis
432 4920 493 4989 ejus
510 4919 556 4976 dio
573 4938 637 4976 cum
653 4919 801 4977 Anmtesio
819 4919 957 4976 consentit
973 4920 1205 4990 martyrologium
1222 4920 1387 4975 Romanum.
