3412 5664
305 305 366 372 154
786 317 813 365 s.
829 315 952 363 ninam
974 314 1090 363 raras

65 466 68 470 ⁴
134 488 137 492 ’
208 479 290 529 α·463
303 478 384 561 quae
406 462 564 538 universis
586 473 622 536 in
644 471 705 536 hac
728 470 840 536 eadem
862 491 959 535 causa
981 468 1221 534 defensionibus
1237 466 1499 536 contrairent&

196 548 289 597 ‘¹⁶⁵'
303 578 375 642 dem
396 575 606 641 relationibus
628 574 663 638 in
685 577 795 639 nostro
813 571 935 656 judicio
964 571 1141 655 recensitis,
1170 593 1249 656 quas
1281 570 1383 637 frater
1411 575 1446 636 et
1473 593 1499 638 ct

303 701 416 764 scopus
439 680 551 743 noster
573 677 719 741 Vetanus
742 675 782 739 ad
805 677 938 738 sanctae
959 672 1131 738 memoriae
1153 673 1352 739 decessorem
1372 695 1483 739 meum

303 781 418 847 ceteris
440 778 624 865 provinciae
647 775 864 842 sacerdotibus
886 775 984 858 misit,
1009 779 1042 839 et
1063 775 1376 863 apostolicaesedis,
1400 797 1485 861 quae

302 885 425 948 directa
452 882 575 963 fuerat,
604 879 811 964 responsione
838 879 1002 963 patefacta
1029 877 1236 943 manifestum
1264 882 1323 961 est,
1352 877 1436 943 nihil
1463 898 1499 964 pt

303 985 448 1051 debuisse
476 982 607 1065 tentari,
637 1004 697 1046 nec
726 980 766 1045 ad
794 980 947 1065 injuriam
968 979 1170 1065 synodalium
1196 980 1380 1066 regularum
1401 980 1499 1066 quidq

302 1110 359 1173 per
381 1086 612 1170 obreptionem,
636 1105 717 1169 quae
739 1082 882 1167 proxime
904 1082 993 1148 facta
1008 1086 1067 1166 est,
1091 1083 1272 1169 oporterel)
1289 1082 1455 1148 constitui.
1489 1081 1499 1149 l

302 1191 378 1255 licet
405 1211 444 1253 ex
466 1187 527 1252 hoc
549 1186 648 1251 etiam
675 1186 758 1271 quod
786 1207 806 1249 a
835 1183 928 1250 nobis
956 1188 1005 1249 est
1033 1184 1176 1250 elicitum
1204 1187 1373 1250 censeatur
1399 1183 1499 1251 infirn

301 1292 408 1378 quia⁷)
432 1293 465 1355 et
479 1290 585 1374 ipsum
601 1289 802 1355 insinuatum
825 1291 874 1353 est
889 1287 1018 1373 exsequi
1033 1272 1241 1373 noluisse‘qui
1255 1287 1384 1371 meruit,
1407 1291 1499 1353 tame

301 1394 373 1458 odio
401 1393 451 1457 vel
478 1392 585 1478 gratia
613 1413 806 1475 moveamur,
836 1413 918 1476 quae
946 1390 981 1455 in
1005 1412 1173 1455 causarum
1195 1389 1485 1476 disceptationibus

301 1518 366 1561 non
390 1495 495 1579 debet,
519 1495 566 1559 ita
581 1497 706 1559 vestrae
729 1493 856 1559 caritati
880 1491 1097 1578 cognitionem
1120 1515 1265 1558 annexae
1288 1492 1499 1578 querimoniae

300 1598 456 1684 legamus,
480 1600 517 1662 ut
538 1595 620 1661 nihil
636 1596 804 1661 adversmn
820 1596 1017 1661 venerandos
1034 1618 1184 1680 canones,
1207 1595 1291 1661 nihil
1312 1598 1427 1662 contra
1441 1616 1499 1662 san

301 1700 472 1765 memoriae
494 1699 669 1764 decessoris
691 1699 754 1764 mei
772 1699 930 1784 judicium
956 1699 1073 1783 valeat,
1102 1699 1253 1784 quidquid
1285 1699 1456 1783 obreptum
1481 1721 1499 1765 n

301 1824 369 1868 esse
392 1801 584 1868 constiterit.

301 1930 306 1936 ·
384 1904 415 1968 2.
448 1903 610 1968 Nolumus
638 1926 776 1989 namque
804 1903 921 1969 fratres
950 1904 1121 1988 carissimi,
1156 1903 1363 1969 ecclesiarum
1390 1902 1499 1988 privile

300 2030 382 2092 quae
404 2027 530 2090 semper
552 2010 629 2071 sunt
650 2006 816 2090 servanda,
844 2006 1008 2090 confvmdi,
1038 2028 1098 2072 nec
1120 2008 1155 2072 in
1179 2005 1310 2071 alterius
1333 2006 1499 2092 provincia

301 2108 438 2174 cerdotis
461 2108 597 2172 alterum
619 2109 674 2192 jus
696 2108 815 2173 habere
842 2109 1073 2193 permittimus:
1101 2109 1177 2194 quia
1196 2130 1254 2193 per
1283 2108 1344 2174 hoc
1372 2131 1439 2174 non
1465 2131 1499 2175 m

301 2211 335 2275 in
358 2215 544 2275 sanctarum
571 2211 781 2276 traditionum
803 2211 999 2296 delinquitur
1020 2212 1216 2294 sanctiones,
1243 2233 1340 2297 quam
1362 2211 1398 2276 in
1419 2211 1499 2296 injus

300 2313 401 2397 ipsius
422 2312 552 2377 Domini
574 2313 749 2397 prosilitur,
774 2314 898 2397 cujus⁸)
922 2298 1119 2398 exspectatio
1140 2316 1265 2379 fructus
1283 2314 1386 2378 nostri
1401 2313 1499 2379 minis

300 2436 365 2478 non
392 2415 428 2479 in
456 2414 626 2479 latitudine
654 2416 822 2500 regionum
850 2416 905 2480 sed
933 2417 967 2481 in
991 2417 1201 2502 acquisitione
1225 2415 1358 2500 ponitur
1380 2416 1499 2481 animas

301 2516 430 2581 Habeat
452 2517 559 2602 itaque
580 2518 782 2602 pontificium
804 2519 905 2583 frater
927 2523 959 2584 et
975 2519 1180 2605 coepiscopus
1195 2521 1304 2584 noster
1319 2518 1499 2605 Ingenuus]

300 2617 424 2684 vinciae
445 2642 531 2704 suae,
555 2620 595 2684 de
618 2621 708 2705 cujus
731 2620 848 2685 dudum
864 2622 905 2686 ab
920 2621 1095 2706 apostolica
1110 2623 1184 2686 sede
1200 2624 1250 2686 est
1264 2621 1413 2706 illicital)
1430 2624 1499 2687 cesa

301 2721 462 2806 culpatus:
496 2725 528 2786 et
551 2704 904 2807 emantis‘omnibvs,
934 2746 1015 2809 quae
1041 2746 1137 2810 super
1164 2723 1305 2801 ecclesiis
1328 2723 1499 2790 Cemelend

300 2823 440 2888 civitatis
468 2825 516 2890 vel
545 2824 669 2890 castelli
697 2824 857 2908 Nicensis,
886 2826 969 2891 sicut
996 2826 1144 2910 diximus,
1171 2829 1303 2892 sanetae
1325 2827 1496 2892 memoriae

300 3004 320 3008 ..-
326 3002 469 3009 --...--..
476 3004 481 3008 .
488 3003 532 3008 —
540 3003 602 3008 ...-..

299 3098 327 3151 in
346 3084 441 3153 sedern
460 3115 537 3152 suam
555 3096 665 3152 restitui
683 3096 826 3168 Stephano
846 3099 964 3169 decepto
983 3100 1140 3164 curaverat,
1163 3118 1185 3152 s.
1199 3098 1353 3168 Cyprianus
1370 3097 1498 3169 epistile

298 3183 415 3251 Parnel.)
434 3182 543 3237 scribit:
563 3187 621 3238 Hoc
638 3204 669 3239 eo
685 3189 812 3252 pertinet,
835 3194 862 3237 nt
880 3187 1004 3238 Basilidis
1027 3205 1077 3238 non
1100 3196 1149 3237 tans
1171 3189 1265 3239 abolita
1286 3191 1338 3238 siat
1355 3204 1430 3254 quasa
1446 3203 1499 3239 cu

298 3273 411 3322 erimina.
448 3272 537 3338 Neque
554 3272 619 3322 enirn
637 3279 687 3321 tarn
704 3274 844 3336 culpandas
862 3280 902 3323 est
917 3274 973 3334 ate,
992 3275 1033 3323 cai
1050 3276 1208 3337 nepitqenter
1225 3273 1356 3337 obreptans
1374 3280 1420 3332 est,
1439 3289 1499 3338 qaas

299 3358 487 3414 exsecrandus,
510 3358 554 3422 qai
574 3357 754 3418 srmsduienter
776 3358 898 3422 obrepsit.
917 3355 1056 3408 -Porro
1080 3355 1147 3422 quid
1164 3359 1304 3408 relationes
1325 3353 1390 3408 illae
1407 3351 1499 3409 Versu

299 3439 419 3492 Leonem
438 3438 539 3493 missae
557 3437 757 3504 continuerint,
780 3454 836 3492 non
858 3440 971 3494 omnino
993 3439 1089 3507 liquet.
1124 3439 1274 3494 Probabile
1296 3438 1340 3492 est
1356 3440 1465 3505 autem,
1487 3439 1499 3493 i

299 3524 392 3576 actam
410 3538 468 3577 esse
487 3522 521 3576 de
534 3521 688 3577 Cemelensi
706 3523 735 3578 et
751 3523 861 3578 Nicensi
885 3525 1007 3580 ecclesiis
1030 3525 1103 3579 inter
1125 3525 1195 3579 duos
1212 3523 1357 3594 episcopos
1373 3540 1430 3578 non
1448 3523 1499 3579 dia

299 3607 350 3660 dis.
386 3606 447 3672 Qua
468 3607 503 3661 de
521 3623 551 3662 re
569 3625 655 3676 quum
672 3625 693 3662 a.
706 3608 762 3663 Leo
779 3608 883 3664 Verani
906 3612 936 3664 et
952 3610 1071 3665 aliorum
1093 3610 1165 3665 votis
1187 3609 1341 3676 annuisset,
1369 3608 1499 3665 Ausanin

299 3693 397 3748 Hilaro
415 3692 585 3748 contrarium
604 3692 746 3748 decretum
764 3693 930 3763 obreptione
948 3694 1156 3765 impetraverat.

366 3781 388 3846 ο)
406 3780 433 3833 a'
452 3781 546 3833 debere
563 3784 691 3833 constitut
733 3778 804 3832 Τιιιιι
824 3784 851 3834 Γ
865 3784 930 3834 Nan
952 3785 1081 3847 ticetjans
1103 3800 1139 3835 esc
1156 3785 1211 3835 iace.
1257 3781 1352 3848 detq.
1377 3790 1404 3834 et
1420 3783 1499 3836 hsce

300 3863 406 3919 Olarior
424 3865 498 3918 esset
514 3862 653 3918 sententia
668 3862 698 3917 in
715 3863 789 3917 hunc
806 3864 932 3919 modum:
950 3871 1010 3920 ticet
1026 3870 1061 3929 a,
1080 3871 1182 3936 quoda
1198 3868 1271 3920 notis
1288 3876 1328 3920 est
1344 3871 1463 3930 ettcitsss,
1479 3885 1499 3923 e

299 3954 374 4003 enam
392 3960 528 4003 censeatur
544 3954 673 4017 infimam,
692 3954 752 4019 qaia
770 3951 821 4004 etc.

366 4037 388 4101 ⁷)
405 4034 441 4088 lit
456 4039 482 4089 Γ
497 4041 557 4104 qaia
574 4053 610 4088 ea
626 4039 692 4103 ipso,
710 4034 784 4090 unde
802 4037 829 4090 a'
849 4042 958 4106 easeqa
973 4043 1089 4093 semisse.

366 4122 387 4186 8)
405 4121 432 4173 a¹
451 4139 505 4174 can
522 4127 692 4188 exspectatis,
711 4119 814 4174 rectius
832 4123 859 4175 c⁵
870 4123 906 4174 0¹¹
926 4138 988 4175 cum
1006 4140 1068 4176 mss.
1088 4127 1161 4189 cuias
1180 4125 1342 4187 exspectatio
1359 4119 1386 4174 h.
1399 4137 1425 4175 a.
1440 4121 1492 4192 qui

299 4204 399 4272 nunus)
417 4203 563 4259 niinisterii
580 4203 667 4258 nostri
685 4207 830 4274 exspectat
846 4206 975 4272 fructum,
993 4209 1022 4261 et
1039 4206 1185 4274 isquidcm
1202 4207 1308 4260 fruetus
1325 4224 1376 4260 non
1392 4214 1421 4260 tn
1438 4213 1499 4265 istit

298 4296 427 4359 reptantes
445 4292 496 4345 etc.
533 4290 612 4344 Hanc
631 4289 720 4344 Hilari
737 4291 905 4346 sententiam
923 4291 1055 4346 adversus
1071 4308 1126 4358 eos,
1144 4291 1191 4360 qui
1209 4290 1285 4345 inid
1303 4306 1388 4345 unum
1405 4292 1499 4350 strides

298 4377 436 4438 laborant,
455 4376 486 4429 ut
503 4392 587 4442 quam
604 4374 738 4429 latissime
757 4375 869 4429 ditionis
886 4395 951 4431 suae
970 4377 1037 4431 fines
1054 4379 1221 4447 propagent,
1239 4375 1338 4431 merito
1357 4392 1499 4450 auream]

298 4461 374 4516 dicat
392 4459 538 4526 Baronius,
557 4460 593 4514 ad
611 4460 689 4529 cujus
706 4478 832 4516 normam
850 4463 873 4516 si
890 4480 968 4517 suam
986 4462 1102 4530 quisque
1121 4464 1243 4516 mentem
1265 4460 1413 4531 dirigeret,
1438 4476 1499 4519 cent

299 4545 401 4615 ubique
419 4545 482 4601 litos
499 4545 623 4600 infinitae
642 4549 791 4613 cessarent,
815 4547 914 4615 quibus
936 4548 1039 4617 passim
1057 4548 1214 4602 concutitur
1232 4546 1412 4602 ecclesiarum
1435 4549 1499 4605 tran

366 4720 388 4785 ⁸)
405 4717 447 4773 De
464 4716 545 4786 hujus
562 4717 616 4770 loci
633 4716 873 4788 interpretatione,
892 4735 925 4772 cx
943 4736 999 4789 quo
1017 4719 1239 4789 conjecturarum
1256 4716 1499 4785 Quosnelliansrur

298 4801 388 4871 magis
404 4803 485 4872 patet
502 4801 710 4869 inconcinnitas,
728 4804 885 4859 conseratur
904 4822 989 4875 supra
1005 4806 1062 4860 not.
1075 4811 1099 4859 3.

368 4889 398 4955 ¹⁰)
416 4888 462 4942 Ita
478 4887 515 4943 Κ3
528 4890 572 4944 0¹¹.
608 4888 696 4944 Ata*
710 4890 728 4959 β
743 4892 803 4945 Pc⁵
821 4893 1015 4959 cemelenensis,
1037 4893 1064 4945 a¹
1083 4894 1252 4948 venetiensis.
1285 4889 1352 4945 Mox
1369 4891 1398 4947 a¹
1417 4894 1499 4950 tto«
