3412 5664
670 339 861 391 5515555115
885 328 1019 393 35-41,
1153 353 1159 367 ¹
1436 323 1478 390 43

264 507 318 565 518
328 505 405 562 nferre
419 503 557 567 videntur:
573 503 692 560 fortasse
703 504 782 561 etlam
795 501 957 578 5515151539
970 503 1067 578 partim
1078 502 1110 559 ad
1122 502 1193 559 idem
1205 496 1339 578 respicit]
1362 502 1478 561 Poenam

262 601 337 654 5155,
354 606 397 665 qna
412 588 534 646 Gelasius
555 588 738 663 Scyllacenam
759 589 893 645 civitatem
914 605 986 646 5555
1006 588 1116 653 multat,
1137 597 1296 663 perpetuam
1317 605 1373 646 non
1394 587 1478 645 fuisso

260 684 378 753 tgnneuto
390 657 454 732 subt
469 691 525 732 nou
540 674 629 731 solum
645 675 726 730 citata
741 673 864 749 Gregorii
881 673 997 748 epistola
1011 673 1060 730 sed
1075 681 1103 730 et
1114 673 1204 748 Vigilii
1215 690 1299 749 papae
1314 665 1480 750 5515151515

260 764 309 820 ull
321 770 342 818 et
354 760 461 836 epistola
478 760 517 818 19
533 760 598 823 53,
614 761 641 818 15
658 757 755 834 quibus
770 759 920 816 Zacchaeus
935 758 1109 834 Scyllacenus
1126 760 1270 834 episcopus
1286 757 1437 816 55515550
1452 766 1479 814 51

258 848 299 906 tlt
311 847 358 903 bule
370 861 460 920 papae,
477 862 560 921 quum
576 843 763 903 Sebastianum
775 852 802 900 et
814 843 953 902 Rusticum
966 853 1023 903 tum
1034 843 1146 908 llenam,
1162 844 1335 903 Theodorum
1347 860 1378 900 55
1388 844 1478 901 555155

257 932 360 995 damnanti,
375 930 492 988 adfuisse
514 939 687 988 memoratur.

446 1082 484 1143 In
506 1081 624 1144 Galerii
646 1097 747 1160 55555
770 1080 994 1158 epistolariae
1017 1079 1248 1164 (,,0551551151“).

313 1204 413 1260 lfansius
429 1202 492 1260 coll.
509 1219 586 1260 corre.
604 1204 666 1268 Vlll,
685 1204 743 1261 131
760 1204 862 1277 primus
878 1204 946 1260 5555
961 1203 1103 1278 epistolam
1118 1222 1150 1259 en
1165 1204 1254 1260 lvouis
1277 1203 1387 1261 decreto
1402 1203 1567 1278 5.10[Ε(1.1

254 1289 388 1351 51255511,
409 1288 488 1360 cujus
503 1289 535 1344 ad
557 1289 692 1363 exemplar
707 1289 862 1345 Vaticanum
879 1289 958 1346 1357
987 1305 1036 1344 555
1059 1287 1129 1345 haud
1144 1289 1277 1346 inutiliter
1292 1297 1394 1346 testum
1415 1305 1478 1346 con·

254 1376 339 1431 151555.
366 1374 412 1431 llis
434 1373 619 1437 dubitandum,
641 1375 706 1448 quin
728 1375 793 1430 5555
813 1374 966 1431 Caelestini
979 1390 1080 1438 carisa,
1103 1391 1155 1448 qua
1175 1374 1245 1430 idem
1262 1377 1396 1432 conscias
1411 1392 1477 1431 con-

253 1463 355 1516 51515515
373 1460 463 1515 caede
482 1464 616 1531 parentis
644 1467 671 1516 et
692 1459 822 1531 episcopi
841 1458 946 1521 dicitur,
970 1475 1031 1514 cum
1052 1460 1104 1515 isto
1127 1460 1238 1516 55115155
1259 1458 1478 1533 Scyllacenorum

252 1545 365 1606 55555551,
389 1543 462 1619 quod
479 1543 701 1618 praecedentibus
717 1543 840 1618 epistolis
856 1543 896 1600 36
912 1552 939 1599 51
955 1543 994 1600 37
1018 1550 1148 1600 155515155
1170 1551 1197 1599 51
1218 1543 1251 1599 ad
1274 1543 1347 1617 quod
1363 1544 1478 1621 fortasse

251 1630 307 1685 51155
317 1645 424 1703 sequeus
439 1628 554 1704 epistola
570 1629 609 1687 39
625 1631 721 1703 partim
736 1630 855 1704 respicit.
886 1627 964 1697 Quod
979 1629 1001 1684 si
1016 1629 1054 1685 115
1071 1636 1121 1692 551,
1142 1630 1307 1701 Philippum
1322 1637 1350 1684 et
1366 1629 1476 1687 Cassio-

250 1715 329 1784 dorrn,
352 1713 445 1788 quibus
469 1712 649 1786 inscribitur,
665 1713 840 1789 presbyteros
862 1712 1033 1787 scyllacenae
1055 1714 1184 1771 ecelesiae
1205 1713 1373 1777 crediderim,
1394 1731 1477 1788 55555

250 1815 301 1872 quos
315 1808 369 1855 tuuc
388 1800 500 1855 maxime
520 1798 716 1856 administratio
732 1799 804 1856 illius
827 1800 943 1856 steterit.
983 1787 1147 1875 Quamqu'ard
1168 1800 1248 1856 etiam
1268 1800 1402 1874 Philippo
1418 1803 1477 1874 epi·

250 1898 315 1957 acopo
326 1883 416 1940 Gelasii
429 1884 612 1958 fragmentum
627 1883 646 1940 4
663 1883 825 1942 inscribitur.
1154 1886 1159 1898 '

397 2034 436 2095 In
456 2033 574 2096 6515511
594 2051 695 2114 55555
718 2034 881 2114 epistolam
901 2032 942 2096 39
965 2031 1058 2116 (‚‚Qni
1071 2046 1098 2095 ct
1112 2033 1292 2120 inmanis“).

311 2154 439 2212 Gratianus
455 2174 479 2212 5.
496 2156 536 2212 24
557 2157 585 2212 G.
600 2157 645 2213 llll
671 2166 775 2232 quaest.
794 2158 811 2213 2
833 2157 975 2231 epistolam
996 2157 1063 2213 banc
1081 2157 1549 2234 5511555515155555155]1155531

247 2241 365 2315 55515511,
379 2250 409 2296 51
427 2241 563 2316 quidpiam
578 2259 593 2297 5
610 2259 641 2298 55
655 2243 689 2298 de
704 2242 792 2299 medio
808 2242 943 2298 sublatum
959 2259 989 2299 ac
1008 2243 1228 2316 praetermissum
1249 2260 1310 2300 esse
1325 2243 1398 2300 nulla
1414 2251 1478 2300 uota

246 2333 348 2381 1555551
375 2328 562 2382 Accuratiores
582 2327 630 2383 illo
652 2327 737 2391 fuere,
760 2330 805 2402 qui
826 2327 932 2383 codices
953 2328 1146 2401 losapbaleum
1167 2345 1198 2385 ae
1216 2329 1393 2385 pithoeanum
1416 2336 1479 2385 5515

245 2411 542 2470 15550051555551.
574 2411 609 2467 Ea
624 2414 694 2468 enim
709 2414 774 2486 ipsa,
792 2429 860 2487 quac
876 2429 930 2469 uno
947 2420 1041 2469 tenore
1057 2413 1199 2469 Gratianus
1215 2414 1325 2470 decreto
1341 2430 1391 2469 suo
1407 2414 1478 2469 inse·

244 2495 294 2554 5111
305 2495 326 2550 15
338 2495 389 2552 155
404 2496 555 2569 fragmenta
570 2497 729 2559 diviserunt,
745 2514 775 2554 ae
789 2497 871 2554 verbo
886 2502 952 2554 item
967 2498 995 2553 15
1017 2498 1107 2553 fronte
1122 2499 1234 2555 secundi
1250 2499 1405 2572 praeposito
1422 2515 1476 2554 555

244 2578 373 2636 5111115155
393 2589 537 2655 utrumque
558 2581 653 2638 deesse
674 2582 834 2639 indicarunt.
871 2582 1003 2638 lacunam
1024 2583 1130 2639 tandem
1150 2584 1287 2658 supplevit
1307 2582 1392 2639 buces
1414 2582 1478 2638 llol·

243 2663 323 2719 5155155
335 2665 393 2722 coll.
410 2664 487 2721 Rom.
503 2665 600 2740 bipart.
617 2683 681 2742 pag.
698 2667 768 2730 213,
788 2667 832 2723 551
853 2668 994 2742 5515151515
1009 2669 1142 2741 integram
1164 2685 1196 2724 ex
1212 2668 1374 2725 collectione
1394 2667 1478 2724 cardi·

242 2747 295 2803 55115
309 2748 443 2806 deusdedit
465 2750 626 2837 descriptam
648 2752 770 2826 protulit.
809 2752 878 2809 Nulli
902 2761 944 2808 est
963 2752 1166 2826 ambigendum.
1188 2754 1253 2828 quin
1269 2753 1435 2827 Majoricns
1451 2761 1479 2808 51
1592 2799 1593 2804 ,

239 2832 370 2905 inanes,
403 2833 500 2908 quibus
522 2836 685 2901 inscribitur,
713 2839 803 2911 iiipsi
824 2839 893 2901 sint,
922 2855 991 2912 quos
1013 2837 1132 2893 Gelasius
1153 2840 1180 2893 15
1207 2838 1322 2912 55151515
1343 2839 1488 2912 superiori

239 2917 403 2990 1551555555
418 2924 561 2978 ecclcsiae
578 2925 740 2978 visitatores
753 2925 904 2979 constituit.
928 2922 1011 2978 Nemo
1027 2923 1107 2978 etiam
1122 2925 1269 2997 negaverit,
1285 2923 1477 2980 555515555-

237 3007 434 3078 5555515555
454 3007 621 3063 Vibonensis
635 3008 763 3063 ccclesiae
775 3007 836 3078 jura
852 3007 977 3070 vindicat,
994 3008 1076 3065 alium
1092 3023 1146 3063 non
1163 3024 1248 3063 55555
1263 3008 1385 3063 1555555
1399 3007 1479 3063 Vibo·

236 3089 308 3151 55551.
325 3092 367 3163 qui
387 3091 504 3147 concilio
524 3089 644 3147 Romano
666 3090 982 3153 55554995555551511,
1004 3099 1031 3147 et
1052 3091 1085 3146 ad
1111 3109 1190 3166 quem
1211 3093 1370 3148 nominatim
1391 3099 1478 3148 exstat

234 3171 294 3227 155155
305 3172 493 3245 subjiciendum
509 3176 605 3231 Gelasii
621 3176 801 3250 fragmentum
817 3176 866 3232 42.
897 3176 990 3250 Neque
1012 3179 1099 3233 minus
1121 3177 1291 3251 exploratum
1311 3194 1372 3233 csse
1387 3176 1476 3239 debet,

233 3257 364 3329 85555551,
387 3262 434 3334 qui
450 3249 669 3340 eis'adjuugitur,
690 3278 751 3317 eum
772 3264 859 3336 ipsum
881 3279 941 3318 5555
962 3263 1105 3319 Nolanam
1126 3263 1291 3337 episcopum,
1317 3263 1362 3335 qui
1377 3262 1479 3336 pariter

230 3343 259 3397 15
269 3342 376 3413 ejusdem
391 3343 502 3401 Romani
518 3347 624 3402 concilii
639 3355 796 3402 recensetur
811 3347 1062 3421 subscriptionibus,
1079 3348 1180 3421 quique
1195 3347 1264 3402 infra
1280 3348 1306 3403 15
1320 3347 1477 3422 fragmentis

233 3427 304 3482 liet
320 3429 354 3486 13
374 3448 388 3483 5
409 3430 515 3487 Gelasio
536 3433 596 3504 ipso
619 3438 648 3486 ut
669 3431 786 3487 Nolanae
807 3433 936 3488 ecclesiae
956 3432 1109 3507 praefectus
1130 3440 1303 3488 memoratur.
1345 3432 1384 3488 lta
1410 3431 1478 3487 duae

228 3510 282 3569 utre
295 3515 419 3588 epistolae
435 3523 555 3571 mutuam
570 3515 620 3571 sibi
634 3517 778 3572 conferunt
794 3517 888 3580 lucem,
913 3517 983 3573 unde
998 3534 1089 3574 earum
1106 3519 1202 3573 veritas
1219 3527 1294 3575 certo
1310 3524 1454 3573 asseratur.

466 3665 504 3726 In
526 3665 762 3745 651551155555
785 3667 947 3745 epistolam
968 3665 1009 3727 40
1032 3664 1227 3749 (,,0115515“).

302 3783 335 3840 Gr
355 3786 447 3842 codice
463 3786 664 3844 vindobonensi
684 3789 799 3863 protulit
825 3790 988 3846 clarissimus
1009 3791 1177 3864 Augustinus
1200 3789 1316 3845 Theiuer
1338 3790 1474 3865 disquisit.
1490 3774 1567 3845 [Ed-l

218 3871 302 3926 rritlc.
317 3872 341 3926 15
357 3874 513 3946 praecipuas
529 3890 661 3929 55555515
677 3881 704 3930 51
720 3874 892 3931 decretalium
908 3875 1105 3931 collectionesl
1121 3893 1183 3949 pag.
1193 3874 1263 3931 201.
1286 3874 1340 3931 Nec
1349 3874 1477 3932 abhorret

216 3953 250 4011 ab
260 3958 367 4030 ingenio
382 3959 603 4030 praestantissimi
619 3959 760 4032 praesulis,
784 3962 829 4033 qui
846 3961 916 4016 inter
931 3961 1058 4016 acerrima
1073 3961 1217 4016 certamina
1233 3960 1412 4017 ecclesiastiea
1428 3978 1476 4035 pu·

214 4040 339 4115 pillornrn
356 4042 492 4098 sirluarurn
508 4050 535 4098 51
551 4061 697 4117 pauperum
721 4061 813 4100 causas
836 4062 896 4101 eum
918 4046 1010 4119 primis
1033 4044 1166 4101 tuebatur.
1178 4035 1282 4099 'l’orro
1305 4064 1327 4100 s.
1345 4046 1475 4107 llelctins,

214 4127 260 4201 qai
276 4127 304 4181 15
324 4128 480 4200 episcopatu
497 4128 644 4201 Spoletano
658 4129 774 4185 iohanni
796 4132 948 4192 antecessit,
968 4131 996 4185 in
1017 4130 1141 4215 catalogo
1162 4128 1220 4200 ejus
1240 4129 1313 4185 sedis
1335 4133 1476 4205 episcopo·

211 4228 272 4267 m
295 4210 363 4285 apud
384 4211 526 4286 Ughellum
548 4213 604 4268 ltal.
627 4231 695 4269 sacr.
719 4215 810 4270 tom.l
832 4216 885 4270 col.
904 4215 985 4273 1256
1013 4214 1066 4288 (cd.
1086 4215 1106 4270 ll
1127 4213 1224 4286 Coleti)
1245 4215 1352 4289 quidem
1369 4217 1475 4271 demitur

205 4296 252 4352 515
268 4295 303 4350 ll'
319 4295 467 4352 Decembris
484 4300 545 4353 5551
561 4300 623 4356 500
639 4297 736 4354 5511555
752 4301 860 4356 dieitur.
890 4300 942 4356 Sed
964 4308 1056 4357 mouet
1071 4302 1129 4375 ipse
1144 4299 1289 4374 Ughellus,
1311 4302 1476 4375 Gampellum

204 4386 232 4438 'n
253 4382 380 4437 1515155155
397 4381 554 4452 Spoletano
575 4383 647 4439 illius
669 4384 771 4441 obitum
793 4385 836 4440 die
857 4384 911 4441 ,tvl
928 4385 1077 4442 decembris
1100 4386 1160 4440 5551
1176 4384 1237 4442 497
1253 4402 1364 4458 555555,
1386 4388 1476 4459 itaque

200 4482 304 4524 rema
323 4467 472 4524 lohannes
493 4467 587 4524 Gelasii
608 4470 725 4544 aequalis
748 4470 910 4527 alliceretur.
946 4470 1024 4526 Certe
1044 4470 1155 4544 55551115
1176 4468 1301 4525 Romanis
1323 4470 1475 4527 55515499

199 4562 230 4609 et
247 4551 314 4609 501
333 4550 490 4627 subscripsit
505 4555 655 4611 Jonarrncs
669 4556 844 4627 Spoletanns
858 4554 911 4627 (vel
927 4555 1101 4629 Spoletinus)
1117 4560 1279 4628 episcopus.

427 4687 466 4747 In
487 4687 599 4749 0515511
619 4704 721 4766 55555
743 4688 904 4768 epistolem
926 4675 970 4749 41'
984 4685 1054 4769 (,‚ln
1068 4685 1258 4767 porocnia“).

298 4804 336 4860 Ex
352 4808 466 4864 15551151
483 4808 608 4866 55555515
625 4811 767 4885 exemplari
783 4810 908 4867 Vaticano
926 4811 1007 4868 1364
1023 4811 1071 4867 fol.
1090 4813 1149 4870 176
1165 4811 1221 4884 (115.
1239 4810 1281 4867 Vll
1303 4831 1326 4867 c.
1345 4811 1415 4883 103)
1432 4812 1565 4883 1115111511

197 4894 363 4970 gnofertur.
394 4892 538 4950 l'raebetur
558 4895 829 4972 5115515151555555
846 4896 864 4953 l.
881 4896 903 4952 ll
924 4903 945 4955 t.
960 4896 1009 4961 32.
1026 4904 1053 4953 51
1068 4897 1118 4952 555
1134 4899 1241 4954 5515155
1258 4898 1369 4976 Pelagii
1383 4899 1477 4955 adira·
1551 4937 1554 4941 >
