3450 5678
602 360 796 418 seraranan
821 356 850 415 7.
875 358 905 417 8.
967 370 969 375 ·
1329 352 1391 422 755

122 528 250 609 patrum
272 521 458 588 nullatenus
481 522 617 586 deviare.
656 521 701 586 Et
722 522 797 607 quia
818 543 884 586 non
906 525 1014 605 potest
1036 521 1166 587 Domini
1188 525 1290 588 nostri
1312 525 1389 590 Jcsu
1403 537 1438 593 (a.
1450 545 1519 609 515.)

123 626 242 692 Christi
265 624 479 709 praetermitti
502 624 664 688 sententia
690 623 843 687 dicentis:
875 627 919 688 Ta
941 645 972 687 es
993 629 1117 702 Petras,
1147 636 1177 689 et
1197 648 1290 707 saper
1310 632 1391 693 tanc
1403 603 1501 733 {⁶8²}

119 741 239 808 petram
268 732 434 804 aedificabo
457 731 623 791 Ecclesiam
651 725 814 810 meam³³);
851 724 931 788 haec
958 747 1040 811 quae
1067 726 1154 790 dicta
1181 731 1257 791 sunt
1284 750 1390 794 rerum
1438 717 1443 740 ¹
1485 722 1490 732 ’

121 829 300 914 probantur
322 827 503 911 effectibus,
528 827 603 912 quia
625 827 659 890 in
680 827 754 891 sede
769 826 945 912 apostolica
966 828 1173 892 immaculata
1195 832 1245 894 est
1266 853 1391 917 semper

123 930 281 996 catholica
302 933 430 994 servata
451 929 574 1014 religia.
623 928 672 993 De
694 928 756 992 hac
778 932 855 1014 ergo
877 950 934 1013 spe
957 933 989 993 et
1010 929 1073 994 fide
1095 933 1236 1016 separari
1258 933 1390 999 minime

123 1034 288 1119 cupientes
310 1036 343 1097 et
364 1035 493 1116 patrum
515 1034 684 1116 sequentes
706 1030 741 1095 in
764 1031 911 1095 omuibus
928 1032 1114 1115 constituta,
1139 1033 1390 1100 anathematiza·
1459 1094 1465 1104 .

122 1158 193 1200 mus
214 1156 326 1199 omnes
347 1133 505 1216 haereses,
529 1133 700 1218 praecipue
715 1131 899 1197 Nestorium
921 1132 1129 1217 haereticum,
1153 1135 1207 1218 qui
1230 1136 1390 1220 quondam
1494 1143 1497 1151 '

123 1235 500 1333 Constantinopolitanae
514 1234 578 1298 fuit
592 1234 679 1299 urbis
695 1233 873 1319 episcopm,
888 1235 1074 1299 damnatum
1088 1236 1123 1299 in
1140 1224 1274 1300 concilio
1285 1237 1390 1323 Ephe·

123 1341 193 1404 sino
216 1362 235 1403 a
250 1337 432 1404 Ooelestino
453 1359 538 1421 papa
560 1337 648 1401 urbis
662 1336 785 1401 Romae
807 1339 841 1400 et
857 1359 876 1400 a
891 1341 1004 1401 sancto
1018 1335 1137 1422 Cyrillo
1151 1338 1391 1405 Alexandrinae

124 1443 263 1506 civitatis
291 1440 446 1504 antistite.
491 1438 566 1504 Una
594 1460 666 1502 cum
693 1438 805 1523 isto³⁴)
833 1437 1144 1503 anathematizantes
1166 1439 1336 1525 Eutychen
1359 1446 1391 1506 et

123 1543 311 1609 Dioscorum
333 1540 599 1625 Alexandrinum,
623 1541 658 1604 in
680 1544 794 1605 sancta
816 1541 948 1624 synodo,
971 1563 1067 1625 quam
1089 1542 1250 1626 sequimur
1272 1547 1305 1607 ct
1327 1566 1391 1609 am·

123 1644 304 1730 plectimur,
327 1642 580 1710 Calchedonensi
602 1643 780 1706 damnatos
815 1641 876 1706 His
890 1642 1094 1707 Timotheum
1117 1642 1305 1726 adjicientes
1319 1669 1391 1731 par-

123 1747 272 1831 ricidam,
301 1746 456 1810 Aelurum
477 1748 712 1830 «cognomenta,
746 1747 779 1808 et
799 1743 991 1828 discipulum
1020 1765 1144 1829 quoque
1173 1745 1273 1830 ipsius
1296 1752 1391 1833 atque

123 1870 290 1935 sequacem
312 1848 363 1912 vel
378 1848 509 1911 Petnmr
530 1847 581 1911 vel
597 1847 761 1929 Acacium,
785 1845 840 1932 qui
862 1847 896 1909 in
919 1867 1029 1909 eorum
1047 1847 1278 1914 communionis
1294 1851 1391 1923 socie·

123 1955 191 2016 tate
201 1950 453 2036 permanserint,
475 1948 550 2033 quia
565 1971 698 2033 quorum
713 1970 747 2013 se
763 1949 978 2012 communioni
994 1948 1133 2031 miscuit,
1150 1949 1292 2033 ipsorum
1306 1953 1392 2016 simi-

124 2054 187 2118 lem
208 2053 325 2118 meruit
346 2052 381 2116 in
397 2051 603 2115 damnatione
619 2051 824 2115 sententiam.
853 2049 984 2113 Petrum
998 2049 1207 2114 nihilominus
1218 2052 1391 2119 Antioche-

124 2178 202 2220 num
224 2155 416 2220 damnantes
439 2175 511 2217 oum
534 2154 721 2238 sequacibus
743 2153 808 2216 suis
831 2155 864 2216 et
885 2151 1026 2215 omniurn
1049 2155 1348 2239 suprascriptorum.

208 2257 252 2323 H.
275 2256 477 2341 Quapropter
498 2256 688 2340 suscipimus
711 2258 744 2319 ct
764 2254 985 2339 probamus³⁵)
1001 2253 1154 2338 epistolas
1176 2255 1262 2321 beati
1277 2257 1392 2324 Leonis

125 2382 227 2446 papae
261 2359 443 2441 universas,
473 2379 551 2442 quas
579 2357 617 2421 de
644 2356 800 2442 religione
823 2354 1008 2422 Christiana
1036 2357 1236 2441 conscripsit.
1287 2358 1390 2446 Unde,

125 2463 209 2527 sicut
230 2460 456 2547 praediximus
481 2462 651 2543 sequentes
672 2459 708 2522 in
723 2458 870 2522 omnibus
886 2457 1095 2541 apostolicam
1117 2458 1224 2523 sedem
1248 2464 1280 2524 et
1302 2484 1390 2547 prae-

125 2564 269 2630 dicantes
292 2563 360 2648 ejus
382 2561 491 2625 onmia
513 2561 698 2644 constituta,
723 2546 826 2645 spera,
850 2560 942 2623 utin
965 2581 1031 2623 una
1046 2561 1268 2626 communione
1289 2565 1392 2630 vobis-

127 2689 215 2752 cum,
238 2686 333 2750 quam
355 2664 444 2727 sedes
467 2662 642 2747 apostolica
663 2663 843 2747 praedicat,
873 2682 942 2725 esse
963 2682 1103 2745 merear,
1131 2663 1167 2727 in
1190 2685 1253 2747 qua
1275 2669 1323 2729 cst
1344 2667 1392 2731 in-

125 2773 218 2853 tegra
239 2770 272 2831 et
293 2788 391 2829 verax
413 2764 616 2830 Christianae
643 2765 809 2849 religionis
838 2763 993 2827 soliditas.
1038 2764 1266 2830 Promittentes
1295 2768 1392 2833 ctiam

126 2871 340 2955 sequestratos
368 2890 387 2930 a
416 2867 638 2931 communione
660 2866 823 2931 Ecclesiae
852 2865 1041 2949 catholicae,
1071 2866 1101 2929 id
1132 2869 1195 2950 cst,
1225 2890 1290 2932 non
1319 2891 1392 2934 con-

126 2973 302 3037 sentientes
325 2969 392 3032 sedi
414 2968 617 3051 apostalicae,
642 2989 751 3032 eorum
772 2968 904 3033 nomina
926 2967 1012 3030 inter
1033 2989 1125 3032 sacra
1147 2990 1212 3033 non
1231 2992 1300 3035 esse
1314 2973 1392 3037 rcci-

125 3074 225 3139 tanda
247 3071 408 3158 mysteria.
446 3068 542 3133 Hanc
564 3073 671 3134 antem
692 3070 923 3155 professionem
944 3090 1048 3132 meam
1063 3091 1161 3133 manu
1175 3073 1306 3156 propria
1320 3075 1392 3140 sub-

126 3176 250 3261 scripsi,
274 3178 307 3239 et
328 3173 388 3237 tibi
410 3171 611 3255 Hormisdae,
637 3175 749 3237 sancto
771 3176 804 3236 ct
826 3170 1000 3236 venerabili
1024 3193 1127 3255 papae
1149 3172 1237 3237 urbis
1258 3173 1390 3260 Romae,

127 3279 228 3342 obtuli
250 3277 301 3340 die
323 3275 385 3340 XV
401 3274 558 3340 Ualeudas
581 3274 713 3361 Aprilis,
738 3274 881 3359 Agapito
903 3274 971 3337 viro
993 3272 1170 3338 clarissimo
1193 3276 1331 3340 consule.

640 3461 821 3565 Epistola
847 3462 880 3544 8.

282 3614 491 3682 Hormisdou
515 3631 625 3734 papae
647 3614 690 3680 ad
714 3612 943 3681 Anastaslum
965 3614 1233 3697 imperatorem.
1405 3622 1529 3762 qlqplp.

161 3758 214 3819 Qua
232 3759 384 3813 conditione,
403 3758 501 3806 etiamsi
517 3758 584 3805 audo
602 3757 774 3820 praecedente
792 3757 915 3818 exemplo,
935 3755 971 3804 ad
981 3755 1111 3804 concilium
1128 3759 1262 3805 convenire
1278 3773 1358 3821 paro·

578 3849 619 3891 cas
635 3843 677 3898 sit,
693 3841 808 3905 plumbea
825 3841 941 3904 exponit.

280 3973 521 4059 Hormisda¹)
544 3973 763 4038 Anastasio
785 3974 975 4057 Augusta.
1031 3977 1104 4037 Per
1124 3978 1333 4042 Ennodium
1355 3987 1393 4043 et

370 4083 621 4143 Fortunatam
658 4080 878 4157 episcopas,
919 4078 1151 4140 Venantium
1186 4082 1391 4158 presbyte-

370 4201 462 4255 ram,
482 4182 650 4243 vitalem
665 4183 869 4243 diaconum
891 4185 929 4242 et
942 4180 1185 4242 Hilaricnem
1201 4181 1389 4245 abbatem.

214 4303 240 4363 l.
280 4297 367 4363 Bene
390 4302 485 4381 atque
507 4297 630 4360 utiliter
658 4297 814 4361 serenitas
844 4301 948 4361 vestra
977 4317 1085 4359 curam
1107 4297 1295 4380 principalis
1319 4320 1390 4362 acu-

129 4442 285 4448 -..----.-
292 4439 430 4446 ...—

193 4507 226 4573 ὃ3)
244 4493 294 4560 Ed.
312 4503 376 4556 add.
396 4513 458 4564 ete,
484 4518 603 4570 moxque
624 4521 724 4570 semper
740 4513 844 4556 ammata
865 4507 955 4570 reliqio
1029 4505 1070 4554 Aa
1093 4504 1141 4554 hac
1163 4519 1224 4568 erpo
1308 4522 1392 4556 omnes

128 4593 269 4644 haeredem
340 4594 480 4642 damnatae.

195 4677 227 4743 ³⁴)
245 4673 295 4727 Ed.
310 4680 367 4742 ipso
414 4694 511 4742 qaoque
527 4679 584 4739 ejas
597 4685 674 4742 atque
687 4692 818 4742 sequacem
829 4676 930 4726 Petram
986 4678 1127 4740 personarit
1171 4677 1267 4723 illoram
1281 4677 1390 4727 similem.

193 4762 226 4828 ³⁵)
245 4759 294 4812 Ed.
309 4762 479 4827 approbamus
493 4778 577 4811 omncs
590 4764 712 4826 epistolas
725 4763 821 4811 Leonis
831 4798 850 4811 ..
859 4798 865 4812 .
875 4755 1030 4812 Promincaa
1091 4761 1176 4811 oblidi.
1196 4759 1265 4808 [lata
1273 4759 1301 4808 Χ
1304 4761 1328 4809 V
1336 4761 1390 4813 θαι.

143 4850 160 4900 8
195 4848 216 4914 ¹)
233 4845 299 4898 bcc
312 4849 451 4898 Hormiada
468 4851 611 4912 episcopas.
647 4844 683 4897 Οἳ
701 4842 738 4896 ad
755 4859 843 4912 marg.
864 4846 917 4897 Per
929 4846 1071 4897 Enaodr‘am
1089 4853 1114 4895 et
1132 4845 1294 4894 Fortunatam
1313 4862 1393 4911 eppoa

132 4934 280 4985 Veaamtr'am
296 4934 400 4998 prbrum
423 4934 529 4982 l'r'talem
548 4935 678 4982 diaconam
697 4939 721 4981 ct
742 4933 900 4982 llilam'onem
917 4931 1038 4982 abbatem.

1129 5013 1193 5081 48*
