3412 5664
304 320 366 386 998
743 337 772 386 s.
788 335 996 386 nnnmsnan
1019 334 1133 383 raras

305 501 345 556 ad
366 501 532 571 episcopum
553 497 622 570 (scil.
640 496 918 569 Thessalonicensem)
947 499 1115 554 relationem
1140 498 1297 553 secandam
1322 501 1423 569 prisca
1442 503 1550 572 arendo

304 601 361 641 non
382 586 519 641 miserint.
564 583 616 638 Pro
638 600 690 657 qua
710 599 789 639 causa
808 590 1017 655 speraverant,
1040 589 1072 639 nt
1087 581 1229 638 llormisda
1248 583 1286 639 de
1306 584 1428 639 remedia
1445 589 1549 658 captare

304 670 436 737 deberet,
459 671 642 725 consulentes
657 671 755 737 etiarn,
777 675 872 725 atron
886 672 949 740 ipse
963 669 1048 724 daret
1063 671 1104 724 eis
1117 668 1264 723 licentiam
1279 670 1446 724 relationem
1470 672 1504 725 ad
1512 672 1546 726 de-

304 759 447 827 sipnelnm
462 757 627 825 episcopam
641 755 799 810 secundum
814 754 1046 810 consuetudinem
1061 754 1227 808 destinandi
1245 751 1351 823 (dorm.
1368 754 1444 826 epist.
1460 753 1501 816 33,
1517 756 1545 812 35

305 856 333 896 n.
348 837 366 893 2
383 846 410 893 ct
425 837 453 899 3.
477 837 517 896 36
533 855 559 892 n.
576 837 614 909 1).
645 837 720 893 Haud
736 837 816 893 dubie
831 845 887 893 tota
903 837 1014 911 querela
1029 837 1073 893 illa
1087 836 1150 893 inde
1165 845 1261 893 exorta
1276 844 1327 900 est,
1344 836 1417 911 quod
1431 839 1544 896 orthodoxi

306 923 449 978 Dardaniae
464 931 491 978 et
507 921 622 997 lllyrici,
639 931 668 978 ut
684 940 764 996 supra
780 939 807 977 n.
825 922 857 977 lll
872 922 1000 986 vidimus,
1017 921 1049 977 ab
1064 939 1088 977 a.
1103 922 1164 979 516
1187 921 1373 978 ordinationes
1388 925 1542 998 episcoporum

305 1025 416 1064 suorum
432 1025 446 1062 a
463 1008 636 1081 metropolita
650 1007 941 1064 suoThessalonicensi
956 1008 1128 1063 schismatico
1144 1007 1177 1061 ad
1192 1007 1285 1062 sedem
1300 1007 1469 1081 apostolicam
1482 1019 1542 1065 hans·

306 1093 432 1149 tulerant.
477 1093 573 1148 Statim
594 1092 716 1167 pontifex
738 1109 792 1148 non
807 1092 895 1148 solum
916 1091 1013 1166 legatis
1040 1094 1096 1147 suis
1117 1099 1191 1166 aptas
1211 1094 1407 1149 instructiones
1426 1092 1542 1168 (epictii

305 1187 332 1233 et
347 1177 398 1248 34)
414 1178 494 1240 misit,
516 1176 563 1232 sed
579 1179 658 1232 etiam
679 1179 869 1251 imperatorem
885 1177 1053 1233 Anastasium
1074 1175 1165 1250 (epist.
1181 1175 1233 1248 37)
1254 1179 1398 1252 ipsumque
1412 1177 1542 1235 llorodreum

305 1262 573 1318 Thessalonicensem
589 1260 679 1336 (epist.
693 1259 744 1333 36)
765 1262 799 1318 de
821 1278 899 1318 causa
920 1261 965 1317 illa
987 1261 1060 1324 adiit,
1081 1261 1151 1317 ltaud
1168 1263 1307 1325 omittens,
1330 1263 1542 1337 queminusetlo

306 1348 419 1403 hannem
435 1353 462 1402 ct
477 1346 611 1420 synodum
632 1346 690 1417 ejus
712 1348 829 1420 propriis
851 1347 948 1402 litteris
970 1346 1060 1420 (epist.
1069 1345 1120 1418 35)
1146 1346 1345 1403 consolaretur.
1390 1346 1457 1415 Quae
1474 1365 1542 1404 omna

306 1431 435 1506 epistolae
447 1434 545 1503 pridie
560 1432 630 1488 ldus
644 1433 760 1504 Apriles
775 1448 798 1486 a.
813 1431 873 1488 517
889 1431 966 1487 datae
980 1438 1058 1494 sunt,
1079 1448 1162 1506 quum
1185 1431 1270 1505 legati
1290 1432 1397 1488 demum
1412 1433 1460 1489 ΙΙΙ
1470 1434 1542 1489 donas

305 1519 423 1588 Apriles
438 1515 520 1587 (conl.
538 1516 630 1572 llorm.
647 1518 726 1591 epist.
736 1514 852 1590 dlscq.)
867 1517 982 1590 prcleeti
998 1525 1100 1572 essent.
1134 1514 1221 1584 Quare
1237 1517 1303 1573 nihil
1320 1516 1426 1573 dubium
1440 1526 1482 1578 est
1496 1519 1541 1590 quin

305 1603 404 1675 scripta
420 1601 464 1657 illa
479 1596 607 1657 lobannis
624 1609 650 1658 et
665 1601 762 1675 synodi
778 1601 836 1671 ejus
852 1589 950 1657 llomab
966 1603 1037 1657 inter
1051 1600 1108 1657 dies
1125 1600 1234 1658 aet12
1247 1601 1348 1676 Aprilis
1363 1603 1450 1659 anit
1465 1602 1540 1663 nida

305 1704 335 1741 ac
350 1702 442 1742 mense
457 1687 564 1742 circiter
578 1685 672 1742 llartio
688 1685 811 1742 conlecta
825 1687 889 1742 sint.

904 1813 975 1878 XV.
1034 1859 1036 1862 ψ

306 1943 334 1980 a.
347 1924 408 1981 517
424 1925 470 1980 die
486 1923 505 1980 3
520 1922 613 1995 April.
658 1922 833 1981 Hormisdae
852 1925 893 1979 ad
911 1924 1088 1981 orthodoxos
1105 1924 1270 1982 orientales
1292 1929 1499 1983 contestationes
1511 1940 1542 1980 re·

459 2015 559 2065 cretae
574 2024 693 2065 numero
708 2008 793 2064 ΧΙΧ.

390 2108 528 2166 Enrrndius
545 2109 693 2165 'ticinensis
710 2119 737 2166 et
752 2110 914 2185 Peregrinus
930 2110 1043 2167 blisenas
1065 2112 1186 2168 secundo
1207 2111 1240 2167 ad
1263 2113 1429 2169 Anastasium
1443 2112 1543 2168 Conslan

307 2195 448 2269 tinopolim
464 2196 552 2257 missi,
574 2192 642 2249 libro
658 2194 805 2269 pontificali
820 2203 890 2251 leste
911 2195 976 2252 illuc
990 2204 1169 2270 portaverunt
1190 2200 1330 2270 epistolas
1349 2198 1543 2271 confortatorias

305 2283 373 2353 fidei
387 2286 414 2336 et
430 2282 652 2336 contestationes
667 2287 798 2335 secretas
818 2296 936 2336 numero
952 2282 1030 2337 XIX
1049 2289 1077 2337 et
1096 2289 1206 2339 textum
1227 2284 1329 2351 libelli,
1357 2287 1386 2339 in
1406 2302 1456 2357 quo
1472 2283 1543 2338 libello

306 2368 397 2421 inoluit
412 2367 574 2421 consentire
588 2365 734 2437 Augustus
749 2367 931 2422 Anastasius.
968 2365 1062 2422 Plures
1078 2366 1160 2437 hujus
1175 2366 1321 2441 legationis
1337 2368 1460 2442 epistolae
1472 2382 1543 2440 sapa·

306 2458 378 2512 sunt,
395 2466 461 2523 quas
478 2448 708 2521 confortatorias
722 2449 856 2523 appellare
872 2450 942 2512 licet,
964 2450 1057 2524 quales
1072 2460 1136 2506 sunt
1151 2453 1223 2508 inter
1237 2451 1331 2509 llorm.
1347 2455 1424 2527 epist.
1440 2450 1544 2510 et-tt.

306 2534 382 2589 datae
398 2533 423 2589 tl.
442 2533 554 2607 ildpril.
568 2550 591 2588 a.
601 2533 672 2590 517.
711 2533 765 2590 Nec
778 2536 892 2591 libellos
906 2533 951 2590 ille
967 2533 1028 2592 fidei
1044 2534 1169 2611 deperiit,
1184 2553 1264 2611 quem
1278 2536 1333 2608 jam
1349 2539 1430 2612 priori
1443 2536 1543 2611 legationi

307 2618 446 2675 llormisda
462 2617 608 2675 tradiderat
624 2635 758 2694 quemque
773 2620 893 2676 irrvenire
914 2628 957 2675 cst
977 2621 1003 2676 in
1020 2619 1111 2676 llorm
1129 2623 1210 2695 epist.
1224 2622 1242 2679 t
1258 2639 1286 2679 n.
1301 2623 1329 2686 9,
1352 2621 1390 2679 26
1406 2621 1460 2678 nl
1477 2629 1500 2677 et
1516 2620 1541 2675 st

306 2723 333 2761 n.
345 2704 373 2760 2.
411 2703 491 2760 Solae
507 2703 569 2758 illae
585 2708 808 2761 contestationes
823 2711 955 2760 secretae
975 2721 1094 2762 numera
1109 2707 1198 2776 XIX,
1222 2724 1291 2780 quae
1312 2708 1436 2764 nimirum
1453 2706 1544 2780 aponi·

308 2788 355 2845 dcc
372 2790 469 2862 legatis
486 2787 598 2845 traditae
614 2796 686 2851 sunt,
703 2796 741 2850 ut,
758 2791 781 2844 si
796 2791 894 2845 iterum
910 2797 1010 2845 statuta
1025 2790 1097 2846 sedis
1113 2791 1278 2865 apostolicae
1293 2792 1379 2866 palam
1391 2791 1544 2867 praepedirer

307 2883 364 2936 tur,
388 2873 456 2929 clam
477 2890 526 2947 per
542 2872 678 2929 Orientem
699 2882 909 2948 spargerentur,
931 2874 1115 2948 deperierunt.
1160 2874 1298 2947 Ejusmodi
1321 2876 1421 2932 lormae
1438 2874 1545 2948 exemplar

307 2965 410 3032 prostat
425 2960 452 3013 in
467 2958 511 3013 illa
527 2959 725 3014 contestatione
741 2957 847 3014 Eusebii
870 2968 934 3015 tnnc
955 2959 1109 3016 scholastici
1131 2970 1225 3035 postea
1241 2960 1434 3017 llorileensium
1452 2958 1544 3035 episcopi

306 3052 399 3099 contra
415 3043 568 3099 Nestorium
584 3045 732 3117 proposita,
749 3061 817 3117 qnae
832 3045 903 3099 luter
918 3052 977 3100 acta
991 3045 1098 3102 concilii
1113 3044 1241 3119 Ephesini
1257 3055 1326 3120 part.
1340 3046 1350 3101 l
1367 3047 1465 3121 vulgata
1475 3041 1544 3115 (ilat

307 3129 325 3192 l,
343 3126 444 3200 1271).
480 3126 604 3182 Ceterum
620 3130 715 3201 legati,
744 3137 774 3185 ut
789 3127 885 3185 deinde
900 3131 1076 3203 prosequitur
1098 3129 1164 3186 liber
1179 3129 1351 3205 pontificalis,
1373 3149 1450 3205 quum
1468 3129 1495 3185 ab
1510 3129 1544 3183 in-

241 3245 243 3248 >
306 3221 430 3286 peratore
444 3216 473 3269 in
489 3216 584 3269 neuim
598 3217 793 3284 periculosam
807 3212 857 3268 sub
872 3222 945 3269 certa
961 3214 1084 3271 custodia
1104 3213 1251 3272 reducendi
1270 3217 1390 3289 impositi
1409 3224 1498 3277 amnt,
1514 3227 1544 3267 se·

307 3302 415 3354 cretius
429 3302 651 3369 suprascriptas
666 3301 803 3370 epistolas
816 3300 885 3370 (idei
898 3299 977 3355 XIX
989 3316 1048 3372 per
1067 3317 1170 3357 manus
1184 3303 1390 3358 monachornm
1405 3301 1545 3359 orthodoxo

306 3402 370 3439 rain
385 3390 584 3455 exposuerent
595 3400 653 3455 per
668 3400 765 3439 omnes
780 3387 919 3452 ciuitates.
964 3384 1043 3454 Quos
1060 3393 1154 3441 tamen
1176 3389 1316 3458 epistolas
1338 3390 1460 3460 epicopi
1471 3387 1546 3442 atrita

308 3475 378 3536 tarn,
401 3471 451 3540 qni
465 3477 549 3523 erant
565 3472 719 3541 complices
733 3470 883 3525 Anastasii
896 3471 1030 3543 Apparet,
1058 3474 1158 3527 liniare
1179 3488 1277 3528 ornnes
1295 3490 1352 3544 pro
1373 3475 1481 3528 erimine
1493 3469 1545 3525 dan·

307 3555 518 3623 sterrtinopolim
534 3554 715 3610 direxerant.
746 3552 820 3609 Unde
831 3552 886 3624 jam
902 3570 952 3610 nec
967 3556 1056 3610 mirari
1071 3554 1160 3617 adest.
1184 3573 1233 3611 cur
1248 3555 1309 3612 illae
1324 3556 1446 3631 deinceps
1459 3568 1546 3630 proruit

306 3636 472 3694 delituerint.

895 3731 982 3797 XVI.

306 3839 403 3897 aselli
419 3859 453 3896 rn.
466 3840 604 3914 Anprtsto.
639 3841 1097 3913 JcbnrrnisCerastantinopolitoni
1110 3851 1138 3898 et
1153 3848 1355 3917 cpiscoporum
1370 3849 1547 3902 catholicam

458 3926 702 3999 Corrstantinopoli
716 3935 955 4001 congregatarum
971 3929 1011 3983 ad
1025 3928 1210 3985 Hornristlnm
1228 3948 1286 4002 pro
1307 3933 1458 3988 concordia
1477 3929 1548 3984 eccle

462 4013 571 4067 siarum
585 4015 710 4067 litterae.

389 4110 487 4167 Scribit
502 4112 625 4168 lustinus
647 4115 793 4187 imperator
809 4113 852 4168 Vll
867 4113 929 4169 ltlus
945 4113 1117 4188 Septembres
1139 4134 1162 4172 a.
1178 4118 1249 4179 518.
1270 4119 1429 4174 iohannem
1443 4118 1548 4171 tantu

306 4197 512 4270 titiopolitanutn
530 4206 557 4253 el
573 4206 684 4254 ceteros
700 4202 776 4255 viros
791 4202 940 4272 relipiosns
955 4204 1107 4272 episcopos
1126 4204 1162 4256 dc
1183 4205 1305 4258 dirersis
1324 4206 1396 4260 locis
1411 4210 1436 4258 cl
1451 4202 1547 4257 eieilati·

305 4285 358 4338 hns
373 4284 432 4338 illic
448 4291 581 4353 repertos
596 4285 736 4353 docuisse,
756 4302 812 4356 pro
828 4286 985 4341 concordia
1002 4301 1099 4341 veram
1120 4295 1147 4342 et
1170 4289 1362 4344 orthodoxam
1376 4289 1457 4361 lidan
1474 4285 1548 4341 ran·

305 4371 371 4423 tinrn
384 4383 498 4440 proque
514 4371 625 4424 unitate
641 4371 844 4425 uenerabilium
866 4373 932 4442 ejas
947 4372 1138 4445 ecclesiaram
1151 4373 1268 4429 litteras
1287 4390 1318 4428 se
1334 4372 1481 4429 llormisdas
1493 4369 1548 4440 opt·

305 4454 413 4507 relidas
428 4452 590 4523 confecisse
606 4453 708 4525 (llorm.
725 4456 804 4527 epist.
818 4452 879 4525 42).
925 4453 998 4522 Quae
1021 4455 1127 4512 litterae
1144 4454 1199 4527 jam
1220 4456 1416 4520 desiderantur,
1435 4457 1482 4512 nisi
1494 4454 1549 4510 lorts

304 4537 433 4592 lobannis
449 4536 739 4612 Constantinopolitani
756 4539 869 4613 epistola
885 4539 928 4594 dic
945 4540 985 4597 20
1000 4539 1151 4597 Decembris
1167 4558 1190 4597 a.
1204 4541 1266 4599 518
1287 4560 1302 4598 a
1323 4541 1447 4618 pontifice
1464 4547 1548 4610 ncepta

304 4621 406 4695 (llorm.
425 4624 503 4695 epist.
517 4621 567 4694 13)
583 4640 633 4696 pro
649 4623 701 4678 illis
718 4634 847 4679 sumatur.
879 4622 965 4692 Quum
982 4624 1020 4680 illi
1035 4626 1086 4700 ipsi
1102 4627 1222 4702 episcopi
1239 4627 1272 4683 ab
1286 4629 1445 4703 imperatore
1460 4638 1548 4700 quoqu

304 4710 477 4779 epistolares
496 4713 621 4782 popinas
646 4707 833 4783 clllagitarint,
864 4719 891 4765 ct
911 4709 1034 4766 tustinus
1059 4711 1092 4765 iis
1113 4713 1196 4768 muso
1216 4711 1300 4769 Grato
1329 4715 1396 4770 sacri
1420 4708 1548 4770 muneri

306 4794 403 4847 comite
418 4792 461 4847 Vll
477 4792 537 4847 ldus
553 4792 724 4866 Septembres
741 4812 764 4849 a.
779 4793 839 4850 518
855 4795 1015 4850 satisfecerit
1037 4794 1140 4867 (llorm.
1158 4798 1238 4872 epist.
1252 4796 1314 4868 42),
1338 4794 1549 4855 aasentias

304 4878 411 4934 litterae
431 4880 507 4935 initio
523 4879 622 4934 mensis
637 4879 802 4954 Septembris
824 4888 869 4936 aut
890 4881 982 4954 potius
998 4879 1051 4937 fine
1072 4883 1172 4938 mensis
1188 4885 1307 4958 Augusti
1323 4886 1384 4942 anai
1399 4884 1457 4943 tta
1469 4890 1550 4957 put*
