3450 5678
343 319 406 383 706
540 392 545 400 ,
798 335 825 381 s.
843 334 1024 382 svnnnenr
1047 334 1160 381 cums

245 498 321 566 (post
344 490 505 554 vastitatis
527 488 757 570 insectatione,
792 488 882 571 cujus
910 487 1032 571 placuit
1061 487 1263 552 contritionis
1291 485 1417 570 illatae,
1452 488 1529 571 ipsi,
1556 487 1597 573 qui

225 581 250 618 η·
262 568 331 633 Μ’)
343 592 515 657 intulerint
535 593 599 656 ista
613 591 838 675 praevalendo,
862 590 1049 672 defecerint,
1074 593 1107 653 et
1121 589 1298 654 orthodoxo
1313 590 1433 654 veritas
1450 589 1510 654 hoe
1525 610 1600 673 prae

343 694 481 759 valuerit
502 695 624 779 magia,
649 715 711 777 quo
733 695 901 776 putaretur
922 713 1090 776 oppressa,
1122 714 1204 776 quae
1226 692 1311 756 sicut
1332 692 1393 756 sub
1414 690 1609 756 insectatori-

342 796 402 861 bus
424 797 491 860 suis
515 797 650 860 crevisse
672 799 880 878 monstnrtur,
910 795 958 859 sic
979 792 1148 859 obtrivisse
1171 794 1377 879 cognoscitur
1398 795 1622 879 insequentes·

343 898 454 981 Miror,
477 898 504 962 si
526 920 593 962 non
615 896 774 961 humanus
796 918 908 962 sensus
930 895 1080 978 intendit,
1104 897 1277 981 praecipue
1299 896 1354 981 qui
1376 918 1410 960 se
1432 896 1636 961 Christisn⁰

343 1003 412 1065 vult
439 999 595 1065 vocabulo
622 1001 820 1084 nuncupari,
855 999 941 1063 inter
967 998 1038 1062 illos
1069 998 1139 1062 sine
1166 998 1263 1062 dubio
1290 998 1528 1083 deputandum,
1560 983 1672 1083 qul*

342 1106 465 1167 rectam
492 1104 725 1168 confessionem
754 1102 1071 1185 communionemque
1094 1099 1312 1166 Christianam
1339 1101 1438 1165 variis
1466 1089 1661 1185 superati·

342 1205 484 1270 tionibus
506 1207 697 1290 impugnare
726 1209 804 1269 sunt
825 1205 904 1286 nisi,
942 1205 1016 1268 dum
1043 1202 1128 1267 hanc
1156 1205 1189 1267 et
1215 1203 1279 1287 ipsi
1306 1225 1497 1289 quocunque
1524 1192 1674 1267 motio

343 1307 515 1392 percellere
537 1307 724 1371 moliuntur.
762 1306 843 1381 Quid
866 1306 1003 1370 interest
1024 1305 1120 1389 eninr,
1143 1308 1251 1369 utrum
1271 1326 1431 1390 paganus,
1456 1328 1510 1389 an,
1533 1288 1683 1390 ‹pur-³1¹l

342 1412 391 1473 est
413 1409 564 1492 (leterius,
588 1410 647 1473 sub
669 1409 799 1473 nornine
816 1407 1001 1473 Christiano
1015 1429 1125 1471 veram
1145 1408 1368 1492 sinceramque
1382 1394 1690 1475 traditionis²²²⁸l

342 1510 536 1595 apostolieae
558 1512 704 1597 regulam
727 1515 860 1573 conetur
883 1509 1077 1594 infringere,
1110 1513 1206 1594 atque.
1232 1511 1268 1573 in
1296 1511 1383 1574 hanc
1408 1528 1579 1595 prorumpe
1614 1512 1697 1561 ⁴³¹²

343 1615 547 1697 caecitatem,
582 1618 619 1678 ut
645 1636 742 1697 quum
774 1614 807 1676 in
835 1611 900 1675 illis
927 1611 1113 1697 regionibus
1136 1614 1272 1676 cunetae
1293 1634 1425 1697 prorsus
1447 1612 1702 1677 haerese-*2⁰³

341 1717 510 1801 opiniones
533 1738 607 1780 suas
629 1716 772 1780 habeant
793 1713 921 1799 publice
942 1714 1107 1779 licentiam
1130 1714 1317 1798 profitendi,
1346 1714 1415 1779 sola
1439 1714 1707 1779 catholicus-³ab

343 1818 575 1882 comunmionis
597 1818 729 1883 libertas
752 1820 884 1902 putetur
905 1816 946 1880 ab
968 1817 1008 1880 iis
1030 1817 1085 1902 qui
1107 1839 1141 1881 se
1162 1817 1331 1901 religiosos
1346 1818 1522 1882 aestimant
1542 1814 1597 1881 su'
1628 1800 1709 1873 ‚b

341 1921 486 1985 ruenda?
523 1924 610 1995 Quae
633 1920 660 1983 si
683 1923 817 2004 putatur
839 1941 942 2002 error,
973 1918 1074 2003 cur²⁷)
1096 1938 1159 1985 ron
1182 1918 1270 1983 licite
1292 1941 1365 1983 emn
1388 1920 1520 2003 ceteris,
1548 1900 1712 2013 qvtll

342 2025 401 2087 bus
423 2023 490 2087 illic
512 2022 652 2085 facultas
674 2025 723 2086 est
745 2044 852 2105 agere,
876 2023 1001 2085 sinatur
1023 2021 1207 2085 erroribus?
1247 2020 1302 2085 Sin
1326 2021 1500 2107 integritas
1521 2005 1713 2085 aest-⁷¹¹·

341 2129 458 2209 matur,
482 2123 644 2208 sequenda
666 2124 773 2207 potius
795 2124 902 2186 fuerat
924 2146 1020 2208 quarn
1043 2120 1634 2207 vi‹›1ennperueeuu0u0vusunu=
1649 2102 1714 2169 1⁸¹²

342 2251 402 2293 nec
425 2250 496 2292 eum
517 2226 696 2309 probantur
717 2225 843 2308 insequi
871 2224 1029 2308 potuisse,
1063 2225 1127 2289 nisi
1156 2246 1256 2309 prava
1284 2229 1457 2290 scobrntes.
1502 2226 1547 2289 At
1571 2220 1716 2289 ιτ,11σὲ

340 2330 402 2414 ipsi
428 2329 695 2392 convincerentur
718 2348 841 2410 errare,
871 2327 1025 2409 repellere
1048 2328 1250 2412 cogitarunt,
1284 2348 1347 2413 quo
1368 2300 1717 2391 uotuuunurssffl

342 2435 498 2512 errantes,
523 2429 680 2493 malentes
703 2452 767 2492 non
792 2428 991 2515 allecture²⁰)
1014 2429 1097 2513 quod
1116 2429 1239 2511 justum
1262 2432 1322 2513 est,
1346 2430 1402 2493 aed
1419 2430 1529 2514 potins
1542 2410 1666 2493 urtJ
1685 2400 1718 2461 l*

342 2554 479 2615 movere,
502 2554 565 2616 quo
588 2531 778 2595 docerentur
800 2531 923 2614 injusti.

427 2635 477 2699 13.
514 2632 567 2697 Sic
588 2634 663 2698 inde
685 2633 818 2697 recessit
839 2633 881 2697 vd>
909 2632 1059 2697 humanis
1086 2634 1248 2698 mentibus
1270 2632 1374 2719 Deus,
1409 2636 1447 2699 ut
1474 2622 1723 2700 obstiuuss*

342 2736 443 2822 tue30)
467 2739 580 2800 contra
602 2735 670 2818 ejus
693 2734 838 2799 ordinem
860 2735 1042 2799 voluntates
1066 2758 1129 2799 non
1153 2736 1346 2819 adspiciunt,
1369 2739 1404 2800 et
1420 2736 1457 2801 in
1471 2718 1723 2803 unsa&

342 2838 412 2904 culo
435 2839 580 2904 divinvun
600 2859 666 2901 non
689 2837 798 2901 deesse
821 2860 913 2922 posse
932 2837 1100 2921 judicium,
1124 2840 1158 2902 et
1179 2840 1253 2923 post
1273 2838 1371 2922 hujus
1385 2839 1474 2905 ritae
1489 2818 1723 2905 eursucffl

341 2941 386 3005 illi
410 2941 493 3025 se³¹)
516 2940 681 3004 tremendo
711 2963 777 3004 non
806 2940 970 3005 defuturos
993 2940 1149 3024 examini,
1184 2940 1243 3003 salv
1269 2962 1334 3026 quo
1360 2916 1723 3025 peruiciosuuutfl

341 3044 447 3108 studia
468 3042 571 3106 rnodis
595 3042 743 3105 ‹unnibus
766 3043 929 3106 actionum
951 3042 1093 3106 discussa
1114 3042 1287 3127 patefiant,
1316 3046 1350 3106 et
1371 3044 1538 3127 patefacta
1558 3065 1645 3129 pu‘
1666 3028 1699 3081 ί

341 3146 489 3210 niantnr:
518 3144 630 3227 nisi³²)
652 3144 727 3227 (pria
749 3142 829 3208 haec
850 3145 982 3209 ornnino
1004 3167 1069 3209 non
1092 3144 1243 3228 credunt,
1272 3145 1327 3229 qui
1356 3144 1415 3209 illa
1440 3168 1477 3211 se
1505 3166 1611 3231 perpe
1625 3120 1723 3185 ‘a

341 3250 443 3311 trasse
465 3247 597 3331 impune
620 3247 796 3309 confidunt.
845 3246 913 3311 Nos
941 3250 1049 3311 autem
1070 3246 1201 3313 humani
1229 3246 1360 3333 pencris
1382 3248 1611 3315 conscientiam
1652 3224 1719 3291 ¹¹

342 3350 518 3413 contestari
545 3372 608 3433 qna
637 3370 803 3432 possumus
830 3348 1017 3414 nullatenus
1045 3370 1122 3415 voce
1144 3370 1321 3433 cessamus,
1359 3351 1611 3437 omnipotentem

407 3542 441 3605 ²⁶)
460 3536 571 3590 Sionis.
608 3538 646 3589 At
664 3536 733 3590 editi
752 3542 1089 3605 traditionenunposloticae
1107 3545 1218 3605 repulus.

409 3625 441 3691 η)
460 3621 533 3675 Edit.
551 3621 633 3674 llusil.
654 3641 707 3673 crim
724 3642 773 3673 riou
791 3629 862 3687 licet,
882 3622 964 3690 (uliae
983 3629 1052 3692 quod
1068 3644 1118 3676 non
1135 3625 1217 3689 licet)
1235 3631 1408 3680 mamertem.
1432 3624 1511 3680 llaec
1528 3628 1615 3679 utien-

341 3708 409 3762 dant
427 3706 509 3760 velini
532 3705 707 3771 luterodoxi,
731 3706 778 3773 qui
796 3724 880 3773 quum
899 3708 1005 3761 ceteras
1023 3707 1099 3777 apud
1116 3726 1146 3762 se
1158 3707 1435 3775 tolereutbaereses,
1453 3726 1542 3765 unum
1557 3708 1615 3781 pati

341 3809 396 3847 non
413 3793 531 3861 possunt
550 3790 715 3844 catholicam
733 3790 906 3859 religionem.
941 3792 992 3845 Vel
1011 3808 1044 3846 ex
1061 3792 1115 3846 bac
1131 3794 1200 3847 nota
1217 3792 1382 3862 dignoscere
1400 3798 1524 3863 querant,
1541 3812 1572 3848 se
1589 3796 1618 3847 et

341 3894 457 3946 pramnn
475 3876 590 3942 sectari,
609 3878 638 3930 et
656 3894 718 3929 cam
736 3892 808 3943 quae
827 3894 882 3929 una
900 3894 967 3930 vera
985 3879 1028 3931 est
1045 3877 1182 3932 insectari.

408 3965 441 4030 u)
461 3962 503 4015 lta
520 3980 570 4015 nrs.
590 3979 653 4014 eum
671 3961 772 4015 llaron.
809 3963 847 4014 ht
865 3964 890 4014 a¹
911 3980 941 4016 ce
960 3968 1121 4017 nutabantur.
1159 3963 1219 4018 Hoc
1230 3966 1325 4018 autern
1344 3962 1407 4018 ideo
1420 3964 1536 4031 dicitm,
1553 3964 1620 4035 qrriu

341 4045 503 4101 Anastasius
521 4045 638 4101 Zenonis
656 4045 831 4100 adhaerebat
848 4046 989 4109 henotico,
1008 4066 1041 4101 cx
1060 4064 1115 4117 quo
1133 4047 1214 4102 unius
1230 4060 1339 4103 naturae
1356 4066 1413 4103 non
1431 4068 1516 4105 secus
1534 4054 1620 4123 atque

340 4138 445 4187 drnrrmn
464 4144 612 4186 venturarum
630 4131 765 4201 professio
784 4132 896 4186 salulate
914 4136 983 4199 erat,
1000 4132 1054 4187 hae
1072 4136 1167 4187 alitem
1179 4135 1241 4188 arte
1253 4132 1283 4188 id
1295 4134 1457 4189 subirrotuln
1471 4138 1546 4201 erat,
1563 4154 1621 4205 quo

340 4216 469 4272 catholici
488 4217 523 4270 ab
545 4217 724 4285 lhrtyehianis
742 4218 966 4272 secernebantur.

407 4305 440 4370 W)
460 4302 546 4355 (irini.
566 4320 628 4355 oum
646 4302 713 4355 edit.
731 4302 814 4356 llusil.
833 4308 971 4372 assertore.
991 4304 1039 4357 ulii
1057 4309 1185 4358 assectari
1200 4306 1230 4358 et
1247 4322 1311 4360 mox
1330 4306 1464 4360 omittunt
1483 4314 1556 4365 iude.

407 4392 439 4456 31’)
456 4387 522 4441 Edit
539 4386 621 4441 Basil,
645 4394 674 4441 et
694 4388 774 4441 ltorn.
800 4393 950 4445 catilianum.
988 4390 1006 4440 b
1020 4410 1062 4442 cc
1079 4393 1214 4443 obstinate.
1249 4390 1356 4445 Deinde
1379 4390 1448 4443 item
1468 4391 1536 4448 Bur.
1556 4398 1620 4463 post

340 4474 405 4527 edit.
424 4473 506 4527 llasil.
526 4485 618 4526 cotnra
640 4478 698 4540 ejus
719 4480 818 4527 ordinis·
840 4480 1002 4539 uurmmncu,
1025 4474 1093 4529 editi
1115 4493 1181 4530 vero
1204 4475 1251 4529 alii
1274 4486 1366 4529 cantra
1382 4481 1432 4543 jera
1449 4486 1622 4533 munatium:

340 4559 527 4613 resarciuntur
545 4576 578 4612 ox
596 4557 682 4612 (irim.

407 4648 439 4713 ³¹)
458 4645 501 4698 ltu
518 4644 619 4698 Ilaron.
640 4643 811 4711 cruendavit,
833 4643 908 4712 quod
931 4644 959 4699 in
982 4644 1044 4699 aliis
1066 4645 1144 4699 libris
1162 4647 1356 4701 circumfertur
1377 4653 1416 4700 r'dr'
1431 4652 1467 4699 alr
1485 4656 1621 4703 tremendu

340 4751 388 4783 aevu
407 4735 550 4797 elisiernus.
588 4730 674 4783 (irini.
693 4750 722 4781 av·
793 4736 904 4795 saturnus.

406 4818 439 4881 ³²)
461 4816 489 4868 ln
508 4814 629 4883 vulgatis
648 4820 697 4866 arisi
714 4820 757 4884 qui
774 4820 837 4869 daec
855 4823 955 4871 rvrvnn'uo
973 4838 1022 4870 nou
1035 4822 1156 4880 creduut,
1175 4825 1256 4887 quoire.
1288 4818 1410 4871 'l'antum
1425 4818 1530 4873 Batou.
1549 4819 1618 4873 illud

338 4906 410 4967 qnnu
429 4899 455 4952 in
475 4917 562 4967 marg.
583 4899 693 4967 rujucir,
711 4900 827 4969 ‹ijrsque
845 4902 905 4955 leno
925 4902 1043 4955 restituit
1064 4912 1113 4973 qut
