3450 5678
292 324 356 388 59ss
771 338 798 386 s.
815 336 955 384 ornnsn
977 336 1093 384 eneas

294 497 429 578 peteret,
454 492 625 576 quidquam
654 491 836 554 rebellionis
864 491 1025 554 afferrent.
1072 489 1132 554 Sed
1157 501 1326 574 postquam
1349 492 1459 555 anima
1483 511 1570 555 sum·

293 598 352 659 mis
375 598 441 658 suis
464 594 607 675 subjecta
631 616 695 656 non
719 593 880 675 constitit,
909 593 979 676 pari
1008 593 1042 654 in
1071 592 1176 675 seipsa
1207 597 1344 656 naturae
1366 592 1570 655 contumacis

292 698 363 782 lege
385 696 500 780 punita
523 695 673 778 superbia
688 700 752 776 est,
776 698 812 756 ut
828 693 901 757 huic
917 715 1056 778 quoque,
1080 694 1112 757 id
1129 698 1178 757 cst
1192 695 1319 758 animae
1334 694 1479 758 dominio
1494 694 1570 757 sub·

288 799 376 879 jecta
393 801 624 881 consequenter
640 797 790 881 obsequia
806 799 1036 880 repugnarent,
1053 799 1087 858 et
1101 796 1183 879 quod
1196 796 1288 859 vetiti
1302 796 1571 880 praesumptione

293 900 545 983 corrtraxcrzrt*³)
579 898 738 962 humanae
767 898 885 961 mentis
912 898 1099 960 inobediens
1127 898 1304 981 appetitus,
1340 898 1374 961 in
1402 920 1440 961 ea
1474 903 1572 983 parte

292 1003 431 1085 corporis
455 1001 628 1083 indicaret,
652 1024 716 1084 qua
739 999 907 1084 degeneris
931 1021 968 1062 ac
991 999 1189 1063 decoloratae
1212 1001 1431 1084 superbaeque
1447 1000 1571 1064 radicis

290 1104 400 1187 procul
428 1103 524 1165 dubio
551 1103 666 1165 vitiosa
692 1104 799 1164 fuerat
826 1101 993 1185 generatio
1022 1101 1241 1185 propaganda.
1287 1102 1375 1177 Quae
1404 1102 1519 1187 utique
1542 1103 1571 1166 si
1596 1173 1604 1185 ¹

290 1206 358 1286 bic,
384 1204 445 1268 nisi
469 1208 576 1268 essent
598 1205 659 1266 bac
681 1203 914 1269 exorbitatione
936 1202 1080 1285 foedata,
1105 1207 1278 1287 potuerant
1299 1203 1414 1267 decore
1433 1208 1570 1268 tantum

289 1308 430 1370 humano
453 1305 563 1389 generi
586 1306 795 1390 propagando
823 1308 891 1368 tam
914 1303 1050 1367 honesta
1073 1327 1168 1388 (quam
1197 1305 1362 1369 moderata
1390 1307 1570 1388 persistere

289 1410 386 1471 etiam
409 1410 441 1471 in
467 1430 596 1490 corpore
620 1408 688 1470 sine
711 1407 910 1470 (dubitatione
933 1409 1076 1489 terrene,
1101 1411 1222 1491 quanto
1246 1408 1348 1491 magis
1369 1408 1568 1475 credendum

289 1514 353 1591 est,
378 1511 411 1573 in
435 1508 594 1593 spirituali
619 1530 749 1592 corpore
773 1508 979 1571 ineffabiliter
1001 1509 1166 1573 decentius
1187 1508 1266 1572 baec
1282 1531 1375 1593 posse
1391 1511 1569 1574 constare?

288 1612 463 1695 Praecipue
486 1634 582 1695 quum
605 1612 685 1674 nibil
710 1612 778 1692 jam
801 1611 954 1691 genitalis
977 1611 1074 1674 oflicii
1098 1613 1131 1676 in
1155 1610 1210 1675 illa
1232 1615 1389 1695 perpetua
1413 1611 1567 1676 claritate

288 1719 420 1798 gestura
448 1714 529 1776 sint:
558 1714 611 1775 sed
644 1714 683 1776 ad
712 1716 771 1775 boc
799 1717 927 1776 tanturn
950 1735 1025 1776 suae
1048 1714 1164 1797 speciei
1193 1713 1377 1796 formaeque
1400 1736 1470 1777 non
1496 1714 1566 1777 dee·

288 1822 380 1891 runt,
404 1820 440 1879 ut
464 1839 528 1879 non
552 1817 658 1899 aliqua
681 1815 744 1878 alia
767 1814 869 1877 forma
892 1837 988 1898 quam
1010 1814 1169 1897 humana,
1200 1815 1250 1878 cui
1279 1815 1440 1898 promissa
1464 1837 1565 1880 resur-

288 1920 387 1982 reetio
410 1922 474 1998 est,
499 1919 673 1981 resueitata
691 1917 869 1999 jmlicetur,
894 1940 953 1982 nec
977 1917 1097 2001 aliquid
1119 1918 1177 1999 sit,
1202 1916 1284 2001 quod
1308 1917 1473 1982 incarnis
1495 1940 1565 2002 per·

288 2025 398 2103 sparta
421 2020 652 2083 resurrectione
675 2042 739 2082 non
764 2023 893 2083 maneat
900 2070 908 2100 ,
939 2023 971 2082 ct
993 2019 1139 2083 videatur
1161 2019 1225 2082 alia
1248 2019 1371 2102 species
1393 2019 1561 2089 suscitate.

135 2111 382 2206 *le-‘131b'npmm
405 2123 551 2201 integrae
575 2122 680 2185 carnis
703 2121 861 2185 humanae
885 2121 1079 2184 lineamenta
1102 2121 1286 2204 designant.
1327 2119 1418 2195 Quae
1440 2122 1563 2205 *quis-

186 2200 242 2249 qius

287 2247 359 2307 quc
381 2247 444 2287 non
476 2224 543 2286 vult
570 2226 706 2287 fortasse
728 2223 893 2286 moderata
915 2223 1040 2286 ratione
1062 2223 1196 2304 librare,
1226 2221 1304 2286 velit
1325 2221 1429 2300 nolit,
1461 2226 1498 2286 ut
1518 2222 1562 2285 di·

139 2333 276 2397 recrea.
290 2328 376 2388 ctum
399 2329 463 2406 cst,
488 2326 605 2388 autad
629 2324 705 2388 illud
729 2326 874 2408 superius
898 2329 1090 2407 revertetur,
1121 2340 1154 2389 nt
1175 2331 1258 2404 qnod
1279 2331 1385 2388 ocellos
1406 2331 1563 2390 nortaldi!

288 2449 344 2491 nee
366 2435 451 2491 oreris
473 2434 588 2491 oerdieil
617 2450 671 2491 aee
694 2434 725 2490 in
747 2434 951 2491 condominis
974 2433 1125 2503 ascendii,
1151 2450 1214 2490 non
1238 2427 1389 2490 aestimet
1417 2448 1562 2511 perscru-

287 2530 437 2612 tandum,
463 2533 518 2592 aut
540 2531 567 2591 si
590 2529 676 2592 ultra
699 2532 834 2592 conatur
856 2551 1037 2613 enimpere,
1062 2530 1129 2612 ipse
1144 2528 1253 2593 videat
1269 2550 1346 2591 suae
1367 2528 1562 2593 temeritatis

287 2633 469 2715 abruptum.
508 2632 611 2707 Quam
627 2635 733 2695 autem
750 2632 878 2694 eomlita
900 2633 977 2694 sunt
998 2630 1134 2694 honesta
1150 2630 1309 2694 humanae
1330 2630 1478 2695 membra
1492 2630 1562 2695 sub

286 2736 442 2815 stantiae,
472 2735 570 2796 etiam
599 2755 649 2796 res
672 2733 728 2796 illa
751 2756 810 2796 nos
833 2735 999 2815 admonet,
1031 2732 1233 2817 quodquam
1255 2731 1289 2795 in
1312 2732 1464 2815 paradiso
1486 2732 1561 2796 nudi

286 2840 394 2899 essent
416 2836 511 2919 primi
535 2840 701 2919 parentes,
734 2835 814 2897 nihil
844 2835 879 2897 in
902 2833 952 2897 his
976 2834 1221 2918 cont'usiorris⁵¹')
1244 2833 1449 2919 habuerunt,
1478 2834 1561 2899 unde

286 2942 359 3021 post
381 2942 548 3021 peecatum
572 2942 604 3000 et
628 2937 907 3020 ‹zormupiseentiae
929 2937 1015 2999 virus
1039 2938 1221 3020 ingressum
1244 2957 1416 3019 corporum
1431 2958 1560 2999 suorum

287 3040 471 3103 inordinata
499 3040 740 3123 perturbatione
769 3039 893 3102 confusi
923 3042 1008 3102 sunt.
1060 3040 1166 3122 Atque
1199 3037 1269 3101 idco
1303 3039 1383 3100 satis
1412 3042 1560 3122 apparel,

286 3140 369 3224 quod
393 3141 419 3204 si
443 3142 475 3203 in
500 3142 556 3203 illa
578 3143 689 3225 quavis
712 3141 869 3204 felicit-ate
890 3141 1030 3225 paradisi
1057 3140 1169 3223 positi,
1198 3143 1327 3202 terreno
1354 3142 1467 3204 tamen
1497 3162 1561 3205 cor·

286 3264 362 3324 pore
385 3243 568 3325 constituti,
593 3243 734 3327 conspici
758 3245 827 3305 sine
850 3243 1038 3306 confusione
1060 3244 1250 3325 potuerunt,
1275 3239 1378 3304 multo
1397 3242 1506 3327 magis
1528 3242 1560 3307 in

286 3345 340 3407 illo
364 3344 522 3428 spirituali
547 3368 677 3429 corpore
700 3349 795 3428 atquc
819 3344 852 3407 in
875 3344 930 3407 illa
953 3344 1081 3407 sublimi
1104 3341 1321 3425 beatitudine,
1344 3364 1431 3427 quae
1451 3343 1558 3409 simili·

285 3447 429 3509 trulinem
460 3453 591 3529 gestura
619 3450 665 3510 est
695 3447 892 3530 angolorum.
944 3445 989 3508 Et
1016 3450 1051 3508 ut
1078 3445 1200 3509 bomini
1229 3444 1264 3507 in
1287 3444 1397 3509 carnis
1423 3466 1558 3511 resume
1586 3486 1604 3497 -

286 3548 391 3611 ctione
414 3548 494 3611 nibil
518 3549 615 3622 (lesit,
640 3548 766 3632 integer
789 3549 991 3612 reformetur:
1015 3552 1047 3610 et
1071 3570 1110 3610 ne
1134 3545 1253 3631 aliquid
1276 3544 1423 3611 deforme
1445 3546 1556 3613 Condi
1572 3588 1601 3599 -

285 3654 336 3712 tor
358 3673 481 3713 creasse
504 3651 659 3732 videatur,
684 3653 710 3713 si
733 3651 809 3734 quid
832 3651 871 3713 dc
893 3651 1083 3713 resuscitato
1107 3670 1239 3733 corpore
1260 3647 1484 3733 subtrabatur,
1505 3648 1604 3719 lio-1

285 3773 362 3813 num
385 3754 491 3835 potius
514 3754 582 3835 ejus
605 3776 683 3836 opus
712 3753 786 3816 inde
809 3753 906 3815 etiarn
930 3752 1169 3835 comprobetur,
1199 3757 1235 3813 ut
1258 3750 1327 3832 ejus
1350 3752 1496 3817 conditio
1521 3752 1604 3823 in

286 3854 419 3938 illiusbfi)
443 3878 567 3939 quoque
591 3854 745 3917 clarit-atis
769 3855 881 3917 decore
904 3855 1101 3938 permaneat.
1140 3852 1212 3915 Nisi
1233 3852 1374 3917 forsitan
1390 3853 1446 3919 isti
1460 3853 1604 3947 (ὕψι

284 4041 385 4108 inquil,
404 4048 539 4095 columella·
557 4053 581 4092 el
600 4046 711 4095 libidinis
729 4048 813 4094 rtrum
887 4045 1066 4109 proculdubio,
1085 4046 1135 4093 nisi
1154 4043 1289 4107 culpabilis
1306 4043 1479 4095 inobediens«
1493 4058 1604 4109 po«,

283 4135 335 4178 nan
352 4132 524 4179 irrnbedieatio
540 4135 707 4194 plecteretur.
728 4133 752 4178 r'n
770 4132 894 4194 prorodr‘so
912 4132 1015 4198 narpliue
1034 4146 1081 4178 aaa
1100 4129 1235 4184 haberent,
1252 4131 1302 4179 aed
1312 4130 1438 4179 monteri
1448 4126 1604 4185 medad

282 4218 325 4262 ida
344 4223 369 4262 a!
388 4223 475 4263 celera
493 4217 601 4264 alterutra
622 4217 755 4268 servirent.
792 4212 864 4264 Tum
882 4228 941 4279 cap.
961 4217 994 4264 24
1018 4213 1173 4264 memorata
1196 4211 1338 4279 potestate·
1361 4206 1604 4278 quorum&

283 4296 381 4362 ‹piilms
400 4297 483 4349 etiam
503 4314 574 4349 mnae
593 4314 692 4365 eorpus
711 4295 890 4364 corruptibile
903 4295 939 4348 ad
953 4295 1123 4349 voluntatem
1141 4295 1241 4359 servit,
1259 4295 1358 4349 insert:
1387 4300 1453 4360 Quid
1461 4312 1604 4355 eun-4

282 4392 332 4437 est.
362 4393 387 4431 a!
412 4403 459 4433 ηυιι
482 4388 626 4439 credonem.
655 4396 713 4435 aab*
737 4386 921 4435 inobedientiae
949 4391 1081 4448 peceatum
1104 4386 1328 4450 corruptionisque
1348 4384 1521 4449 supplicia·

281 4473 474 4532 propopmalmu
493 4473 588 4533 molem
607 4474 661 4520 niue
680 4475 730 4519 ullu
747 4472 850 4521 libidine
867 4472 964 4519 seruire
981 4472 1105 4519 oolrrnlolt
1121 4469 1244 4518 laminae
1262 4469 1372 4518 duma
1384 4468 1489 4521 neutra
1502 4482 1574 4534 ι

282 4557 377 4602 misae?
413 4550 492 4613 Quod
511 4569 618 4604 rursum
636 4553 782 4605 confirmat
800 4568 859 4620 cap.
879 4556 919 4603 26.

349 4638 381 4693 ⁶³]
402 4635 443 4688 lta
462 4637 505 4688 (l¹.
540 4635 615 4688 llditi
634 4644 841 4690 eonlrudr'rerol.

349 4722 380 4777 ⁶³⁴)
399 4719 433 4771 G'
453 4725 640 4783 confasiouilms
662 4726 804 4778 barbicarint.
837 4720 914 4773 Idem
938 4736 1001 4774 mox
1025 4728 1051 4774 in
1072 4727 1141 4775 illam
1159 4725 1271 4790 quanvis
1287 4726 1414 4787 felicitate
1433 4722 1604 4790 pfl-td

279 4809 371 4870 positis
442 4812 593 4863 consumtis.

349 4893 380 4955 υἷι)
400 4890 442 4942 lta
451 4891 619 4944 correximus
629 4894 756 4960 apertum
767 4909 890 4945 errorem
901 4893 981 4959 lillis),
995 4893 1024 4945 et
1033 4908 1098 4945 mox
1108 4891 1339 4959 cnmll¹sonitm
1360 4890 1407 4945 ubi
1419 4888 1567 4954 nliiln'ffl
