3450 5678
98 490 134 555 (u.
145 490 214 555 515.)

229 307 292 374 752
669 325 697 371 s.
714 322 920 371 uoumsnsn
942 321 1056 370 essse

313 477 347 543 Si
368 477 486 542 dixerit
506 478 695 561 imperator:
727 481 805 552 Oscid
825 483 922 555 uultis,
946 482 1035 542 modo
1057 481 1162 541 dicite:
1184 483 1223 541 de
1241 483 1358 559 synodo
1374 484 1496 544 Calche-

228 587 355 646 donensi
380 587 483 645 dicetis
511 590 541 643 ct
566 585 603 643 de
624 586 757 659 epistolis
780 600 886 660 papae
907 584 1038 645 Leonis?
1079 583 1159 643 Eece
1180 579 1278 663 qui¹⁷)
1300 594 1344 646 est
1365 589 1497 647 amima

227 691 398 764 episcopas,
424 689 467 746 ad
492 689 551 745 isto
573 688 738 746 consentit!
775 681 1030 766 respondendum
1053 685 1117 745 est:
1152 685 1188 745 Si
1208 688 1266 746 ista
1287 690 1434 762 custodit,
1466 692 1495 749 in

227 792 455 851 examinatione
481 804 593 848 consae
620 803 687 847 eum
707 790 824 864 jaoare
845 789 918 863 plus
933 794 1097 863 poteiunt;
1128 794 1158 847 ct
1184 790 1257 863 ostia
1283 807 1372 850 scroo
1400 799 1495 851 oestro
1574 820 1578 835 ·

234 894 389 953 Vitaliano
410 893 555 965 manistro
576 892 701 950 militum
728 893 820 949 talem
842 891 966 950 dedistis
987 892 1155 963 licentiam,
1190 897 1238 963 ut,
1267 894 1296 951 si
1313 901 1455 967 speraret
1474 910 1494 951 a

227 995 397 1055 beatissimo
414 1010 510 1068 papa,
536 1000 568 1051 nt
585 1008 644 1068 pro
658 995 759 1052 censis
773 991 891 1060 talibus,
915 994 1001 1069 apud
1014 1008 1080 1051 eum
1095 994 1308 1052 discussionem
1318 989 1356 1075 ις)
1371 1011 1491 1066 causae,

227 1098 273 1157 liis
289 1097 445 1172 personis,
473 1095 579 1168 ouibus
601 1095 727 1154 deloco
745 1100 928 1168 potestesse
954 1096 1089 1167 intentio,
1120 1097 1241 1170 inteora
1269 1098 1413 1157 uniuersa
1433 1114 1490 1157 ser·

226 1203 341 1258 centur.
376 1191 410 1257 Si
433 1192 606 1275 imperator
628 1190 758 1255 dixerit:
781 1195 854 1256 Sine
875 1198 1014 1272 episcopo
1036 1197 1122 1256 debet
1132 1191 1169 1277 19)
1192 1213 1255 1256 esse
1276 1200 1386 1258 ciuitas
1406 1201 1490 1259 meo?

226 1301 293 1361 Hoc
308 1300 389 1360 uobis
403 1301 519 1374 placet,
539 1304 577 1358 ‘ut
598 1298 651 1357 uti
670 1314 725 1372 eoo
747 1314 865 1375 maneo,
887 1300 1045 1375 episcopus
1066 1315 1126 1359 non
1140 1301 1199 1358 sit?
1221 1294 1489 1379 respondendum:

226 1403 450 1474 Praediximus,
475 1402 605 1460 duarum
623 1416 825 1475 personarum
840 1402 1032 1460 intentionem
1046 1417 1110 1460 esse
1123 1404 1155 1461 in
1170 1402 1229 1459 ista
1243 1403 1378 1462 ciuitate.
1413 1402 1490 1474 Quod

227 1504 270 1562 ad
282 1520 415 1563 conones
424 1505 573 1578 pertinet,
591 1503 660 1576 jam
682 1509 753 1561 ante
773 1504 989 1576 successimus:
1011 1519 1143 1563 canones
1163 1504 1296 1577 soluere,
1319 1506 1353 1564 in
1374 1507 1488 1579 reticio

225 1623 291 1675 nem
314 1608 498 1665 committere
512 1609 565 1663 est.
601 1604 701 1663 Multa
716 1611 787 1665 sunt
801 1605 945 1671 remedio,
968 1607 1062 1664 multa
1076 1607 1208 1679 inuenta,
1228 1623 1290 1680 per
1304 1623 1385 1681 quac
1393 1609 1488 1682 pietat

226 1715 325 1768 oestro
346 1711 411 1768 sinc
432 1709 639 1766 communione
665 1723 727 1766 esse
754 1722 815 1766 non
833 1708 944 1782 possit,
978 1714 1006 1765 et
1035 1709 1154 1781 intepet·
1172 1708 1365 1782 jndiciorum
1390 1707 1487 1781 sorno

224 1818 368 1869 senuaar.
414 1803 448 1868 Si
470 1803 601 1867 dixerit:
626 1808 710 1878 (luae
730 1815 799 1868 sunt
820 1809 880 1867 ista
902 1810 1057 1868 remedia?
1078 1803 1267 1888 respondes:
1292 1809 1362 1870 Non
1377 1827 1398 1870 o
1412 1811 1489 1871 noti

226 1914 342 1971 noviter
368 1906 576 1991 tinctioata2⁰):
610 1926 755 1986 suspensa
776 1926 871 1970 casca
893 1911 931 1970 de
952 1913 1021 1971 aliis
1042 1913 1206 1987 episcopis,
1234 1929 1386 1987 persono,
1417 1929 1489 1989 quot

224 2015 373 2073 consentit
404 2011 591 2084 confessioni
617 2014 742 2088 pietatis
773 2019 892 2072 nestrae
923 2020 952 2072 et
984 2014 1152 2073 conutitutis
1183 2014 1263 2072 seon
1296 2017 1486 2090 apostolicae,

225 2269 357 2332 opinione,
376 2284 425 2332 qnia
443 2267 603 2316 ortltorloccus
618 2267 691 2330 eulpa
710 2268 838 2321 creditur.
857 2269 959 2316 dicatur
976 2269 1070 2330 injuste
1088 2283 1235 2331 oppressus.
1267 2262 1346 2329 Quae
1364 2264 1428 2319 illae
1439 2263 1488 2317 sint

225 2365 336 2413 causae,
355 2347 390 2401 ob
409 2364 478 2416 quas
494 2346 655 2400 Anastasius
667 2345 861 2400 Macedonitun
880 2348 979 2417 expelli
993 2347 1124 2417 jusserit,
1145 2347 1286 2417 explicant
1297 2348 1436 2418 Euagrius
1447 2348 1488 2409 lli,

224 2439 257 2486 32
276 2435 305 2486 et
321 2439 354 2485 ts
373 2433 402 2485 et
418 2432 581 2486 Theodorus
598 2432 686 2485 lector
706 2431 753 2484 lib.
774 2439 789 2484 ‘i
808 2431 884 2500 (edit.
903 2431 995 2486 Vates.
1014 2449 1041 2501 p.
1055 2437 1122 2499 562).
1160 2432 1240 2497 Quod
1263 2441 1360 2488 autem
1379 2435 1488 2488 Anasta

224 2517 280 2570 sius
298 2516 377 2586 epist.
399 2524 410 2570 l
431 2516 540 2582 scribit,
558 2534 587 2571 se
600 2519 716 2586 propter
734 2521 903 2571 dubitationes
920 2522 1054 2586 precedam,
1074 2536 1137 2586 quae
1156 2523 1188 2570 de
1205 2523 1355 2573 orthodoxa
1372 2526 1488 2588 sclipione

223 2607 249 2655 in
268 2605 387 2670 Scythiae
406 2606 522 2669 pon-tibus
540 2608 655 2655 uidentur
673 2621 728 2655 esse
745 2615 892 2662 commotae,
912 2599 1057 2655 concilium
1070 2602 1279 2657 convocandum
1292 2603 1411 2671 duxisse,
1427 2622 1488 2658 non·

224 2686 292 2739 nihil
310 2687 455 2740 confirmat
472 2685 630 2754 opinionem
642 2685 756 2755 Evagrii
773 2687 790 2740 l.
810 2703 832 2740 c.
845 2687 896 2752 111,
914 2672 956 2739 4ss
986 2686 1028 2739 lbi
1046 2685 1119 2740 enim
1137 2686 1174 2740 ob
1192 2688 1264 2742 hanc
1282 2705 1397 2744 causam
1415 2705 1487 2759 pree·

223 2775 268 2825 ter
280 2770 348 2825 alins
360 2769 552 2825 itacedonium
565 2771 708 2841 expulsum
726 2773 820 2841 putat,
839 2770 915 2838 quod
927 2759 1017 2839 'quum
1034 2770 1187 2841 imperator
1204 2771 1233 2825 iu
1244 2772 1351 2842 hymno
1365 2773 1488 2844 Trissgio

223 2855 274 2910 has
291 2872 372 2911 voees
395 2855 515 2924 adjicere
534 2856 667 2910 voluisset
688 2860 736 2921 Qui
757 2864 894 2924 crucifixos
916 2877 945 2912 es
964 2877 1015 2924 pro
1040 2860 1122 2916 nome,
1146 2856 1311 2925 gravissime
1331 2858 1431 2914 seditio
1449 2876 1489 2913 ex·

224 2944 286 2995 orta
304 2943 357 3005 est,
376 2940 453 3009 cujus
470 2943 567 2994 auctor
589 2958 622 2995 ac
638 2940 767 3011 princeps
779 2940 958 2996 Macedonius
976 2940 1141 2999 habebatur.
1175 2941 1285 3012 Quippe
1305 2947 1423 3014 propter
1440 2944 1490 2998 hoe

223 3044 308 3080 unum
326 3024 548 3080 additamentum
566 3024 754 3080 dubitationes
772 3031 925 3080 commotas
942 3025 1024 3080 imese
1042 3026 1155 3081 inferius
1173 3027 1353 3083 manifestum
1372 3030 1428 3083 liet.

293 3132 322 3198 ¹²)
340 3129 407 3184 bcc
425 3147 483 3183 ecce
506 3133 549 3197 qui
569 3133 620 3207 ille⁸
633 3141 671 3181 cst
693 3134 765 3182 istius
787 3134 896 3182 ciuitatis
968 3135 992 3182 si
1012 3136 1050 3183 ita
1072 3135 1190 3183 custodit.
1208 3159 1242 3169 -
1260 3129 1418 3202 Episcopus
1440 3131 1489 3186 iae

223 3213 265 3268 est
283 3213 458 3279 Timotheus,
477 3212 524 3281 qui
542 3212 689 3267 Theodoro
707 3213 810 3268 lectore
828 3213 904 3267 libi
922 3215 994 3269 teste
1013 3231 1097 3281 quam
1115 3213 1283 3284 perrexisset
1299 3215 1338 3270 cd
1355 3221 1490 3273 monete

222 3298 294 3352 rium
312 3297 497 3362 studitarum,
520 3298 551 3349 ut
573 3297 629 3351 illie
646 3298 819 3367 praefectum
837 3298 992 3364 ordinaret,
1012 3302 1041 3353 et
1063 3298 1109 3353 ille
1127 3300 1245 3369 negaret
1262 3317 1292 3355 se
1310 3301 1349 3356 ab
1368 3319 1402 3356 eo
1421 3301 1491 3357 ordi·

221 3383 364 3437 sadonem
382 3382 521 3453 suscipere
539 3397 634 3451 pesse,
653 3381 700 3450 qui
719 3382 971 3438 Culchedouensem
989 3383 1125 3452 synodum
1143 3384 1323 3440 anathemate
1337 3387 1491 3449 &musnet

220 3470 286 3522 tunc
310 3467 379 3521 dixit
400 3467 437 3521 ci:
462 3472 603 3521 Anattema
625 3474 659 3521 sit
681 3473 804 3530 omnibus,
832 3475 876 3538 qui
897 3481 1048 3523 aversantur
1069 3481 1113 3523 aut
1135 3475 1350 3525 anathematizant
1372 3479 1491 3542 mom

222 3558 465 3607 Calchedonemern!
499 3552 618 3620 Moxque
640 3553 757 3623 propter
777 3552 850 3607 hanc
872 3554 1072 3622 professionem
1095 3554 1131 3610 ab
1154 3554 1325 3626 imperatore
1344 3557 1491 3612 maian

221 3639 250 3691 ct
267 3641 423 3708 correptus,
442 3636 546 3690 dietum
564 3637 678 3706 negavit
695 3638 861 3692 reclamans:
885 3643 1026 3693 Anatleema
1044 3644 1168 3703 omnibus,
1187 3648 1231 3710 qni
1246 3647 1371 3710 synodum
1390 3647 1491 3696 Calete-

221 3727 354 3777 ‹tonensem
371 3729 527 3792 suscipiunt!
561 3723 605 3777 Ita
622 3722 667 3777 ille
686 3722 722 3777 ad
739 3722 838 3777 horam
855 3722 938 3778 fidem
956 3725 1097 3791 mutabat,
1115 3726 1145 3779 et
1161 3739 1212 3796 pro
1230 3731 1360 3796 tempere
1378 3728 1490 3797 paratu

221 3809 282 3861 erat
299 3807 551 3862 Calchedonensem
569 3808 704 3877 synodum
721 3809 766 3862 vel
782 3808 922 3879 suscipere
942 3811 984 3865 vel
1002 3810 1144 3865 demere.

289 3914 319 3979 ¹⁸³)
338 3912 404 3965 bcc
422 3914 586 3965 discissione.
624 3911 691 3966 Post
708 3912 794 3966 verba
811 3923 839 3966 ut
858 3932 909 3981 pro
927 3921 1010 3966 causis
1032 3917 1124 3968 talibus
1146 3912 1320 3983 subintelligi
1345 3914 1489 3971 commode

221 3998 315 4065 potest
331 4016 381 4064 per
398 4015 509 4050 canones
523 4002 584 4062 fieri
601 4001 682 4053 debet.
718 3996 789 4052 Vide
807 3997 953 4053 concilium
971 3996 1134 4053 sardicense
1151 4015 1210 4053 can.
1230 4004 1254 4052 5.

287 4100 319 4165 ¹⁹)
338 4098 371 4151 (Ι1
386 4100 412 4153 c¹
431 4102 518 4160 nabet,
538 4099 613 4167 qaod
631 4117 693 4153 eum
710 4101 728 4155 b
743 4117 777 4155 cc
796 4100 971 4156 correximus.
1007 4100 1072 4155 Mox
1090 4100 1157 4156 bce
1174 4107 1354 4171 imitatem

286 4202 318 4268 2Ι)
336 4200 403 4254 bce
419 4206 529 4256 inuenta.
564 4201 749 4256 Nouissimam
766 4219 801 4257 ea
819 4202 853 4258 de
876 4219 906 4257 re
925 4205 987 4258 erat
1009 4205 1038 4258 et
1055 4203 1163 4273 insigne
1185 4188 1346 4275 exemplum
1366 4206 1487 4262 visitato

218 4285 255 4340 ris
272 4285 301 4339 in
318 4285 423 4341 Urbem
440 4286 528 4354 missi,
551 4286 640 4342 donce
658 4286 817 4357 Symmachi
835 4295 863 4343 et
879 4288 1023 4344 Laurentii
1040 4289 1075 4343 de
1093 4289 1159 4345 sede
1176 4290 1305 4346 Romans
1323 4292 1486 4347 contendeu-

217 4370 287 4425 tium
305 4371 509 4428 eontrovsrsiae
532 4372 592 4426 finis
614 4372 761 4443 impositus
782 4372 842 4428 fuit.
881 4374 1030 4444 Antiquius
1055 4375 1116 4429 erat
1133 4376 1305 4446 exemplum,
1328 4377 1406 4447 quod
1422 4376 1485 4433 Fer·

217 4457 310 4510 tunius
328 4457 475 4511 Donatista
493 4459 567 4527 apud
585 4457 770 4527 Augustinum
788 4459 867 4529 epist.
882 4466 915 4512 44
932 4466 983 4512 n.8
1001 4460 1147 4528 narrabat,
1166 4460 1272 4516 scilicet
1289 4467 1314 4516 in
1333 4468 1393 4533 ipsa
1409 4467 1485 4519 sebb-

216 4549 289 4596 matts
307 4550 415 4598 nouitate
434 4551 545 4611 asnieres
562 4563 621 4598 sitos
639 4565 710 4613 quana
722 4551 864 4610 copitarent
876 4551 974 4612 culpam
985 4548 1131 4607 Caeciliani,
1150 4567 1181 4600 ne
1198 4551 1307 4602 sellim
1320 4555 1408 4615 fieret,
1425 4568 1483 4619 qu·

217 4649 264 4697 que
282 4634 354 4683 modo
372 4636 433 4683 aelle
450 4634 549 4697 sopire,
569 4635 670 4682 deduce
688 4635 817 4699 quemdam
834 4635 1028 4684 interventorem
1044 4638 1140 4699 populo
1153 4651 1215 4685 suae
1227 4640 1406 4689 commnmuis
1417 4638 1486 4703 synd

218 4715 393 4783 Cartnuptnem
411 4720 553 4769 constante.
589 4713 762 4768 Interventor
780 4715 874 4768 numm
892 4732 940 4769 seu
952 4714 1080 4770 visitator
1096 4714 1255 4783 dicebatur,
1274 4717 1323 4786 qui
1340 4717 1483 4773 eeclesiam

217 4799 334 4865 regebat
357 4799 486 4869 episeopo
508 4798 670 4853 destitutam
694 4800 736 4853 vel
759 4801 836 4868 cujus
859 4799 1003 4870 episeopus
1030 4801 1066 4856 ub
1089 4800 1180 4856 officio
1206 4805 1363 4859 summotus
1385 4805 1481 4859 iuerat

217 4883 380 4954 Hujasmodi
398 4886 616 4939 interventorum
634 4885 760 4940 meminit
777 4885 869 4940 Codex
886 4888 970 4941 Afric.
990 4888 1055 4945 ecel.
1073 4905 1095 4943 c.
1110 4895 1150 4943 ts.
