3412 5664
338 314 403 380 276
800 330 827 378 s.
844 329 980 378 saniora
1003 328 1030 376 11
1053 328 1168 376 nnrsn
1206 374 1208 378 ,

208 492 325 559 (arui.)
338 485 422 571 quod
446 484 540 567 absit,
566 505 624 546 nos
646 504 768 568 quoque
791 483 960 548 reddamur
983 483 1153 569 complices
1175 482 1383 568 perditorum.
1429 479 1537 566 Neque

339 591 426 651 trum
447 587 615 672 quisquam
637 585 781 671 legitime
803 587 914 651 credat
936 608 1004 650 esse
1026 588 1211 672 purgatum,
1235 585 1289 670 qui
1303 606 1370 650 non
1387 606 1408 649 a
1422 583 1537 651 beatil

340 690 476 775 apostoli
499 690 572 754 sede
594 692 741 773 receptus
763 692 822 773 est,
851 711 916 774 qua
935 689 999 754 fuit
1021 688 1196 753 mandante
1218 687 1371 772 dejectus.
1416 685 1537 755 Benee

339 793 542 858 dilectionem
557 796 646 856 tuam
661 790 755 857 nosse
770 814 836 857 non
852 792 991 878 ambigo,
1015 793 1099 877 quod
1113 813 1286 877 personam
1298 790 1493 875 hujusmodi,
1512 813 1537 879 qr

339 898 385 960 ita
407 897 490 961 ratio
512 894 703 979 postularet,
733 895 883 960 nonnisi
908 894 1144 960 ecclesiasticae
1165 893 1248 980 legis
1269 893 1382 960 ordine
1405 897 1537 980 compete

339 1000 422 1063 sicut
444 998 596 1062 divinitus
620 998 830 1063 constitutum
853 1002 912 1081 est,
937 997 986 1062 vel
1008 998 1134 1084 possint
1155 997 1206 1062 vel
1228 997 1368 1063 debeant
1385 996 1537 1064 convenia

339 1101 512 1165 absolvere.
558 1101 648 1176 Quod
670 1124 767 1186 quum
789 1101 912 1165 factum
933 1122 1000 1166 non
1023 1101 1076 1185 sit,
1106 1099 1314 1166 manifestum
1336 1103 1397 1184 est,
1424 1099 1537 1166 Petrun

338 1226 391 1286 ea,
421 1227 485 1288 qua
512 1203 638 1287 pridem
664 1205 786 1286 suerat,
817 1203 1028 1288 perversitate
1057 1227 1096 1269 ae
1124 1203 1331 1269 damnatione
1359 1203 1504 1271 detineri

338 1306 465 1371 etiamsi
488 1306 631 1391 legitime
655 1306 772 1392 corrigi
794 1305 957 1390 voluisset,
980 1305 1219 1392 indulgentiam
1234 1305 1387 1392 consequi
1402 1306 1537 1393 debuit]

337 1409 589 1473 ecclesiasticam
611 1408 818 1495 dignitatem:
841 1409 917 1494 quia
939 1409 979 1474 ab
993 1409 1164 1474 haereticis
1179 1409 1405 1494 damnatisque
1418 1408 1491 1473 falsi
1504 1430 1537 1475 ss

336 1512 416 1576 dotii
438 1534 554 1597 nomen
579 1534 754 1595 assumens,
779 1512 933 1577 eeclesiae
956 1512 1133 1600 catholicae
1147 1512 1246 1577 nullis
1265 1511 1387 1597 regulis
1402 1512 1537 1598 potuitpr

336 1615 448 1682 sidere.
486 1613 576 1679 Haec
592 1619 710 1699 autem,
734 1637 814 1700 quae
837 1616 876 1679 de
898 1615 1072 1700 praedietis
1093 1618 1187 1701 gesta
1208 1614 1420 1699 narravimus,
1443 1614 1537 1680 docum

335 1718 377 1783 tis
405 1717 480 1782 inde
507 1718 710 1782 vementibus
738 1718 974 1802 approbantur,
1004 1719 1088 1783 sicut
1110 1717 1462 1803 Constantinopolitani
1488 1716 1537 1783 cler

336 1821 390 1905 qui
413 1820 526 1884 directi
535 1821 561 1905 ⁴)
583 1824 669 1904 sunt,
694 1826 913 1905 agnoverunt,
944 1820 1113 1906 palamque
1135 1824 1350 1887 monstratum
1373 1824 1432 1905 est,
1454 1819 1537 1887 Assa

336 1945 370 1988 se
392 1945 500 1987 eorum
522 1923 635 1988 fecisse
657 1922 859 2007 participem,
883 1946 962 2009 quos
984 1925 1050 1989 suis
1072 1923 1189 1989 litteris
1212 1923 1391 1989 haereticos
1408 1927 1442 1989 et
1455 1922 1537 1989 retrlr

337 2027 405 2111 ipse
428 2026 608 2090 damnatos

420 2130 450 2193 3.
488 2129 653 2213 Perceptis
676 2132 787 2215 ergo⁵)
810 2129 994 2194 summatim
1016 2130 1145 2195 dileetio
1160 2133 1228 2214 tua,
1251 2153 1333 2215 quae
1348 2131 1537 2196 videnturec

336 2231 455 2295 siarum
478 2231 592 2297 fecisse
614 2231 797 2316 dissidium,
828 2253 949 2316 nosque
972 2232 1174 2318 perpendens
1196 2255 1263 2297 non
1284 2232 1445 2299 immerito
1465 2253 1537 2319 pro·

337 2335 495 2399 catholiea
516 2335 676 2400 exstitisse
698 2334 868 2419 sollicitos,
902 2359 967 2400 non
989 2335 1093 2400 solum
1114 2336 1265 2420 deinceps
1288 2357 1323 2400 se
1344 2358 1365 2401 a
1387 2333 1537 2401 communi

336 2436 560 2502 danmatorum
588 2438 716 2502 studeat
743 2439 918 2522 custodire,
948 2438 1003 2502 sed
1025 2437 1145 2504 Christi
1167 2460 1301 2524 gregem
1323 2461 1388 2524 qua
1408 2437 1537 2504 valetis

335 2541 415 2605 stria
436 2540 599 2605 retrahere
621 2564 687 2606 non
710 2542 863 2625 quiescat,
888 2545 921 2605 et
942 2541 1059 2606 domno
1081 2541 1147 2605 filio
1169 2545 1280 2606 nostro
1296 2539 1498 2607 Christianae
1514 2562 1537 2605 m

334 2643 377 2707 tis
390 2643 538 2728 Augusto
552 2645 788 2709 incessabiliter
803 2665 976 2729 suggerere
992 2667 1057 2708 non
1073 2644 1216 2708 omittat:
1241 2646 1277 2708 ut
1291 2643 1396 2728 operis
1412 2644 1461 2709 sui
1474 2664 1537 2709 men

280 2760 284 2767 '
334 2745 417 2829 quod
440 2747 502 2810 fide
525 2746 683 2812 catholica
705 2747 884 2831 inspirante
899 2745 1038 2811 Domino
1060 2751 1171 2812 nostro
1194 2747 1369 2812 clementer
1384 2747 1499 2812 dicitur
1516 2767 1537 2810 e:

335 2852 437 2933 cutus,
461 2849 591 2934 plenam
613 2851 810 2935 temporibus
832 2849 897 2914 suis
920 2871 1032 2934 pacem
1055 2853 1087 2914 et
1102 2847 1223 2915 Christi
1250 2849 1421 2914 veritatem
1449 2850 1537 2914 sincer

334 2955 370 3016 ut
397 2953 588 3037 praecipuus
616 2975 726 3018 sacrae
754 2953 921 3038 religionis
948 2952 1033 3017 filius
1067 2955 1100 3016 et
1132 2951 1186 3037 pia
1214 2953 1383 3018 devotione
1416 2951 1537 3039 oonspic

334 3055 510 3140 tranquilla
532 3056 742 3140 dispositione
764 3058 938 3139 restauret,
967 3059 1001 3119 et
1028 3055 1067 3119 de
1090 3054 1224 3120 ecclesia
1247 3053 1537 3140 Constantinopolit

334 3156 423 3222 Petri
451 3158 662 3223 Alexandrini
697 3157 827 3222 nomine
856 3157 1032 3242 Aeaeiique
1065 3158 1206 3241 sublato,
1245 3179 1304 3243 pro
1336 3178 1399 3242 quo
1431 3160 1537 3242 temper

333 3260 437 3324 omnis
461 3265 571 3325 exorta
594 3266 653 3345 est,
678 3262 903 3325 intemeratam
925 3264 1079 3346 paternae
1101 3260 1285 3325 traditionis
1308 3259 1382 3325 fidei
1403 3263 1477 3346 post
1496 3258 1537 3325 Du

333 3384 411 3425 num
434 3362 594 3448 benignus
617 3363 737 3428 efficiat
758 3363 927 3429 unitatem.
961 3363 1050 3439 Quae
1065 3362 1360 3448 nunquamfuisset
1384 3363 1537 3447 utiquete

334 3468 415 3547 rata,
445 3466 472 3529 si
493 3464 577 3531 hanc
600 3465 785 3552 imperatori
809 3465 1084 3531 Christianissimo
1112 3465 1249 3530 fideliter
1270 3465 1411 3531 Aeacius
1439 3464 1537 3531 insinu

334 3566 496 3633 voluisset.
540 3568 602 3634 Sed
624 3569 700 3633 dum
722 3573 850 3653 patrum
872 3570 1026 3634 terminos
1047 3569 1225 3634 transferre
1247 3569 1379 3634 molitur
1406 3571 1440 3633 et
1459 3566 1537 3633 arnbi

334 3670 429 3734 nibus
452 3671 516 3735 suis
539 3671 825 3756 praevaricationis
848 3673 970 3737 aditum
992 3672 1195 3756 impudenter
1217 3672 1367 3758 exquirit,
1391 3693 1454 3736 nec
1474 3692 1537 3735 veni

334 3772 412 3873 bilia
440 3773 600 3838 dubitavit
627 3774 756 3839 decreta
786 3776 927 3859 calcare,
966 3777 998 3839 et
1030 3775 1116 3839 inter
1147 3796 1240 3840 curas
1271 3774 1419 3860 publicas
1450 3794 1537 3863 occup

332 3875 472 3961 principi
495 3876 677 3941 venerando
693 3877 916 3962 dissimulavit,
940 3900 1022 3962 quae
1036 3882 1181 3961 noverat,
1202 3899 1279 3942 vera
1293 3898 1484 3964 suggerere:
1503 3879 1537 3941 ts

333 4001 366 4042 se
390 3980 620 4046 conscientiam
643 3980 728 4045 eirca
750 3982 887 4046 salutem
908 3981 1033 4067 regiam
1054 3984 1310 4066 potestatemque
1331 3982 1462 4067 gestare
1475 3978 1537 4045 (len

368 4156 384 4163 .-
399 4157 641 4164 ——--.-—--...

331 4236 437 4305 synodo
455 4237 526 4304 lata,
544 4254 616 4306 (puae
634 4236 734 4292 deinde
752 4239 843 4293 altera
859 4237 987 4293 Romana
1003 4237 1109 4308 synodo
1128 4255 1200 4294 anno
1212 4243 1262 4294 486
1280 4237 1307 4294 d.
1320 4236 1346 4292 V
1358 4237 1490 4294 Octobris
1503 4234 1537 4293 hs

332 4322 435 4377 iterata
453 4324 538 4392 atque
557 4323 720 4378 confirmata
738 4326 781 4378 est
799 4325 844 4392 (cl.
858 4323 954 4379 munit.
973 4341 1068 4394 praev.
1087 4324 1116 4377 in
1135 4324 1217 4394 epist.
1238 4326 1289 4392 11).

399 4409 419 4476 ⁴)
439 4406 501 4462 Scil.
527 4426 544 4462 a
567 4408 682 4463 Flauia.
720 4409 761 4463 De
784 4410 885 4478 quibus
907 4410 975 4463 item
997 4409 1034 4464 ad
1056 4409 1148 4480 ipsum
1169 4410 1308 4466 llaritrm
1330 4410 1456 4466 scribens
1476 4408 1537 4465 ssi

332 4492 411 4564 epist.
426 4499 496 4547 1411.
511 4500 527 4548 3
547 4499 747 4550 Calchedoaensi
763 4502 885 4565 concilio,
904 4494 1007 4564 inquit,
1026 4502 1095 4567 quod
1111 4502 1262 4551 universal&
1278 4502 1369 4551 sana&
1387 4507 1413 4551 ei
1429 4500 1537 4552 mio&

331 4586 423 4646 cleric,
443 4583 572 4650 Eutyches
590 4592 615 4636 et
634 4586 775 4637 Dioscorus
798 4602 848 4636 non
868 4587 1014 4651 probantur
1031 4588 1161 4637 mnan?
1196 4586 1239 4636 Aa
1257 4602 1344 4638 eorm
1365 4582 1537 4654 conplices!

331 4669 402 4719 ilaus
419 4676 495 4735 utque
514 4671 607 4721 Petrus
624 4672 831 4723 instructionibus
847 4675 962 4738 plurimis
979 4672 1181 4725 conuenientibus
1199 4689 1249 4725 non
1267 4674 1404 4734 dormias,
1421 4675 1487 4725 sicui
1502 4671 1532 4723 Β

332 4770 390 4820 que,
411 4770 473 4820 quos
490 4757 557 4806 nihii
574 4765 617 4806 trra
635 4758 750 4817 dilectio,
765 4759 951 4822 perviderunt?

398 4838 419 4904 ᾖ)
437 4836 559 4892 Nitidior
576 4839 650 4892 esset
667 4838 743 4893 locus
760 4838 813 4895 hoo
832 4841 929 4895 ordine
947 4843 1109 4897 verborum:
1130 4847 1240 4897 Dileciio
1253 4861 1316 4913 ergo
1333 4852 1379 4897 tua
1396 4846 1526 4912 peremis

329 4926 474 4986 mortariis,
493 4944 559 4995 quae
576 4930 694 4980 videniur
712 4928 845 4982 Ecclesiae
860 4932 955 4994 secisse
974 4935 1116 4994 dirodina,
1135 4948 1231 5000 nosque
1246 4933 1478 4998 perpendentem.
