3412 5664
313 320 377 386 964
754 338 782 387 s.
797 334 1006 387 noanrsosn
1028 337 1144 386 aaran

206 515 231 553 a.
242 504 301 555 621.
314 494 453 576 perator,
469 494 634 576 tamquam
651 491 766 576 ignota
787 490 948 556 dicuntur.
982 491 1076 556 Fides
1099 491 1187 555 enim
1207 491 1290 576 ipsa,
1314 513 1393 577 quae
1412 515 1429 556 a
1446 497 1536 562 heor-

313 597 438 659 stanter
459 594 627 677 asseritur,
659 592 720 657 tibi
742 592 847 657 reddit
868 593 929 659 hoo
950 593 1109 677 muneris,
1143 595 1182 657 ut
1203 593 1350 658 sensibus
1371 595 1429 659 tuis
1446 599 1537 663 aare

315 699 401 760 etum
428 695 477 760 sui
504 694 690 779 inserat³³),
722 698 755 759 et
777 694 963 780 scientiam,
992 717 1051 780 per
1078 716 1175 781 quam
1203 695 1389 781 diligentius
1408 703 1536 783 asseratur,

311 798 474 863 infundat.
512 797 557 862 Et
578 797 736 880 tamen³⁴)
757 797 894 862 interest
916 796 1166 883 dispensationis
1189 796 1270 862 mihi
1293 797 1434 882 creditae,
1453 805 1479 864 rt
1494 823 1538 886 ego

311 921 434 985 quoque
455 899 506 964 vel
529 899 613 984 apud
635 899 775 964 scientes
796 901 876 963 nota
896 921 963 964 non
985 902 1127 965 taceam:
1160 902 1198 964 ut
1224 900 1412 965 succedente
1436 901 1482 965 sibi
1498 924 1538 986 per

310 1002 396 1066 vices
417 1005 598 1086 temporum
621 999 850 1065 catholicorum
872 1000 1123 1086 praedicatione,
1154 1002 1275 1066 sensim
1296 1001 1380 1086 quod
1399 1003 1537 1068 indeficien-

309 1108 360 1169 ter
382 1104 536 1168 asseritur
557 1103 627 1167 sine
649 1102 714 1167 fine
737 1103 894 1168 credatur.

395 1208 425 1271 7.
455 1205 567 1271 Latius
589 1206 679 1289 haec,
703 1226 784 1291 quae
799 1204 840 1269 ad
855 1205 1008 1269 deitatem
1023 1204 1322 1292 humanitatemque
1337 1205 1455 1270 Domini
1465 1207 1538 1270 nosti

187 1370 190 1375 .
308 1308 387 1374 Jesu
403 1307 522 1374 Christi
544 1307 709 1392 pertinent
731 1308 820 1372 etin
843 1329 879 1371 eo
902 1307 1011 1372 unitas
1033 1307 1112 1373 duas
1135 1309 1205 1373 sine
1228 1307 1413 1373 confusione
1432 1312 1537 1388 naturae,

308 1410 484 1495 potuissem
513 1410 688 1474 secundum
715 1411 859 1474 veterum
887 1410 1021 1475 definita
1047 1410 1218 1493 disserere,
1248 1409 1273 1473 si
1305 1413 1389 1475 esset
1413 1410 1539 1475 adversm

308 1534 373 1596 eos,
397 1512 451 1597 qui
466 1511 517 1576 his
532 1511 737 1594 dissentiunt,
762 1511 1000 1596 disputandum.
1031 1511 1093 1578 Sed
1111 1534 1209 1597 quum
1224 1513 1260 1576 in
1274 1513 1422 1577 manibus
1435 1513 1539 1577 omniun

307 1616 375 1680 sint
397 1618 430 1680 et
451 1613 603 1699 synodica
626 1613 801 1678 constituta
823 1617 856 1678 et
877 1613 965 1678 beati
986 1636 1090 1701 papae
1104 1613 1222 1679 Leonis
1242 1614 1404 1699 dogmata,
1425 1612 1540 1700 perstrin-

307 1718 392 1782 xisse
419 1716 526 1801 potius
553 1737 658 1800 pauca
687 1736 784 1800 quam
818 1702 962 1781 evolverd
995 1715 1115 1781 credidi
1149 1715 1393 1786 convenientius
1419 1715 1539 1780 universa.

307 1818 403 1883 Nunc
428 1840 501 1884 vero
524 1839 699 1903 agnoscere
722 1817 800 1882 satis
823 1821 872 1882 est
894 1821 927 1883 et
949 1839 1070 1902 cavere,
1099 1818 1147 1882 ita
1168 1819 1400 1903 proprietatem
1420 1821 1450 1882 et
1466 1836 1540 1881 esser

307 1922 387 1986 tiam
410 1920 633 2006 cogitandam,
663 1921 701 1983 ut
721 1919 858 2003 sciatur,
887 1919 963 2005 quid
985 1940 1157 2005 personae,
1182 1920 1259 2004 quid
1281 1942 1341 1985 nos
1363 1923 1494 2004 oporteat
1507 1917 1541 1981 de

306 2023 391 2088 ferre
413 2021 631 2088 substantiae:
654 2043 736 2107 quae
758 2022 813 2108 qui
834 2021 1022 2086 indecenter
1043 2022 1198 2108 ignorant
1213 2025 1271 2086 aut
1285 2022 1401 2087 callida
1414 2021 1541 2106 impietate

307 2124 521 2208 dissimulant,
545 2124 621 2190 dum
642 2123 797 2189 omittunt
817 2123 948 2208 quod³⁶)
970 2124 1014 2190 sit
1035 2123 1200 2209 proprium
1214 2123 1301 2210 Filii,
1325 2121 1540 2188 tr'inaetendmt

375 2348 407 2415 ³³)
424 2345 470 2401 Ita
485 2362 551 2399 mss.
569 2346 599 2400 et
615 2346 670 2401 vet.
690 2344 733 2399 ed.
770 2347 808 2400 At
825 2349 852 2400 0⁸
870 2361 947 2414 sequ.
966 2352 1078 2402 aanor.

374 2433 407 2501 ³⁴)
425 2431 462 2485 Ηο
474 2432 502 2485 a¹
520 2447 577 2500 seq.
595 2441 699 2498 mnam.
735 2429 801 2484 Mox
819 2447 881 2485 cum
898 2429 925 2484 H
935 2429 965 2484 h¹
983 2435 1075 2484 aenaim
1094 2429 1278 2493 correximus,
1297 2429 1347 2483 nbi
1363 2429 1399 2484 al
1416 2448 1513 2484 unm

372 2518 405 2586 85)
423 2516 461 2570 Ηι
477 2516 506 2570 h¹
526 2532 562 2570 co
584 2521 647 2586 qaid
665 2521 708 2571 rit.
760 2513 874 2569 Rectius
896 2515 925 2568 in
947 2531 1011 2569 mss.
1035 2515 1064 2569 et
1085 2512 1108 2568 ι’
1130 2520 1199 2585 qaod
1219 2520 1266 2577 etr,
1295 2513 1377 2585 quasi
1397 2520 1425 2570 id
1445 2515 1538 2585 quatit

305 2601 412 2658 Deinde
430 2604 454 2656 c¹
469 2603 494 2656 c²
513 2617 575 2655 curn
592 2598 694 2654 JOH⁶
712 2606 738 2653 r'n
756 2599 804 2666 (Ha
821 2598 911 2654 omitt.
929 2602 966 2667 in)
989 2603 1114 2654 Triuiam
1132 2605 1236 2654 andum
1255 2605 1365 2654 infidias
1382 2604 1465 2654 naen
1477 2595 1501 2663 (0
1513 2601 1538 2648 d

303 2690 422 2757 sinitote).
457 2684 660 2754 Perstringitur
675 2683 721 2739 hic
738 2682 878 2739 sententia
890 2682 1056 2754 Scytharum
1074 2684 1286 2750 monachorum,
1304 2685 1438 2752 quatenus
1453 2699 1538 2736 emer

307 2777 434 2827 Trinitate
449 2790 553 2840 pureum
569 2767 733 2824 taeitaFilii
749 2767 924 2839 proprietate
943 2767 1066 2823 dicentes
1084 2769 1174 2823 trinae
1190 2767 1307 2823 insidias
1318 2762 1537 2832 memorarat

304 2857 403 2912 dautes
424 2854 554 2910 nimirum
578 2853 765 2921 occasionem,
791 2855 824 2908 ut
847 2852 890 2908 rel
916 2854 974 2908 tres
995 2853 1194 2908 inducerentur
1214 2851 1274 2920 Dii,
1300 2853 1347 2908 rel
1364 2853 1450 2924 pardo
1464 2844 1537 2906 udat

304 2941 511 2997 attribueretur.
540 2938 624 3005 Nota,
642 2944 734 2992 crim
751 2945 871 2993 animem
889 2937 975 2993 etiam
993 2937 1029 2992 ab
1042 2937 1191 2993 Hormisds
1208 2938 1305 3005 asseri,
1323 2955 1411 3009 eaque
1426 2935 1536 2995 locabant

304 3043 376 3095 quae
399 3025 549 3082 Hincmaro
573 3022 635 3094 (Op.
654 3026 721 3078 tom.
739 3023 753 3076 I
770 3040 836 3094 pag.
854 3026 915 3090 450)
938 3024 1044 3078 mustra
1066 3021 1221 3093 displicuit,
1242 3022 1329 3077 triam
1350 3016 1537 3094 perseuerauit

303 3128 360 3166 una
376 3109 533 3166 substantia
550 3107 635 3162 fidem
651 3106 779 3176 intelligi
816 3106 982 3162 Hormisdae
1004 3105 1184 3178 praeiverant
1201 3107 1356 3178 Gregorius
1371 3107 1435 3163 Nae.
1451 3108 1537 3162 ωδ

304 3196 338 3250 de
356 3194 499 3266 principiis
516 3212 542 3248 v.
555 3198 601 3259 46,
619 3193 649 3246 ct
664 3191 835 3262 Augustinus
853 3191 901 3246 lib.
921 3192 956 3247 de
973 3192 1097 3247 moribus
1108 3192 1182 3248 Eocl
1195 3210 1222 3247 n.
1239 3199 1283 3261 14,
1302 3197 1332 3248 et
1348 3188 1537 3254 mnsesafflir

304 3280 433 3334 eumdem
451 3281 561 3335 secutus
578 3278 621 3333 est
637 3276 767 3347 Pelagius
784 3276 797 3331 I
815 3277 895 3347 epist.
910 3284 942 3332 10
959 3294 984 3332 n.
998 3282 1026 3340 t,
1045 3277 1077 3330 ut
1094 3276 1163 3332 alios
1185 3277 1289 3332 multos
1306 3281 1421 3333 taoeem
1453 3269 1537 3332 llud

303 3383 332 3420 re
351 3363 405 3420 erit
423 3364 585 3430 observare,
607 3361 786 3432 Fulgentium
808 3361 858 3416 lib.
877 3361 911 3416 de
932 3360 1068 3416 incarnat.
1088 3363 1117 3416 et
1138 3364 1211 3432 grat.
1237 3361 1274 3417 ad
1291 3362 1405 3418 Petrum
1425 3363 1452 3416 et
1468 3355 1538 3417 odos

303 3449 350 3519 qui
368 3449 403 3504 de
420 3448 571 3514 sententia,
589 3465 656 3501 num
673 3463 744 3500 unus
761 3462 795 3500 ex
813 3444 951 3501 Trinitate
969 3445 1114 3502 crucifixus
1132 3446 1265 3502 dicendus
1282 3449 1367 3514 oeset,
1383 3448 1467 3518 ipsun
1479 3443 1539 3497 ina

302 3535 484 3604 rogaverant,
503 3532 602 3588 eadem
619 3531 752 3586 methodo
771 3537 856 3600 atque
869 3530 1009 3594 cautione,
1030 3548 1086 3599 qua
1096 3530 1248 3586 Hormisda
1258 3549 1333 3587 nunc
1344 3532 1441 3598 utitur,
1455 3542 1539 3598 repon·

303 3618 383 3673 disse.
413 3618 558 3686 Nusquam
576 3615 650 3672 enim
668 3615 708 3671 eis
726 3615 854 3670 concedit
871 3633 957 3669 unum
969 3614 1004 3671 de
1015 3615 1154 3671 Trinitate
1166 3616 1344 3672 incarnatum
1355 3613 1540 3672 autorucilim

303 3702 466 3774 simpliciter
484 3701 645 3768 dicendum,
663 3700 713 3756 sed
729 3699 779 3756 ubi
796 3700 880 3755 tidem
897 3699 1030 3756 adversus
1042 3699 1223 3758 Nestorianos
1238 3701 1474 3772 Eutychianosque
1487 3698 1541 3753 lucr

301 3789 390 3843 lenter
409 3787 554 3859 explicuit,
572 3786 687 3842 tandem
705 3801 765 3855 cap.
784 3792 816 3841 10
833 3804 861 3841 n.
879 3791 911 3842 18
929 3786 1082 3841 concludit:
1099 3790 1185 3856 Igitur
1203 3807 1254 3842 nos
1274 3791 1401 3855 Trinitas,
1423 3792 1450 3841 td
1461 3795 1495 3840 ea
1507 3801 1542 3837 m

301 3880 373 3928 simul
391 3879 472 3928 Pater
496 3884 521 3927 et
538 3878 619 3928 Filiroe
641 3881 666 3927 et
685 3874 797 3941 Spiritus
819 3881 936 3935 sanotae,
960 3892 1006 3926 nec
1027 3879 1096 3927 salua
1120 3876 1201 3928 Pater
1222 3883 1267 3926 aut
1288 3877 1357 3928 eoru
1380 3875 1494 3941 Spiritus,
1510 3870 1544 3922 set

300 3967 369 4014 solur
387 3963 476 4025 Filius,
494 3963 523 4012 id
539 3968 579 4012 est
595 3963 637 4011 ille
655 3975 726 4026 quem
743 3961 769 4009 in
787 3961 883 4011 unitate
901 3967 1008 4011 nahem
1020 3962 1102 4012 Pater
1118 3969 1281 4012 coaeternam
1297 3962 1348 4013 ribi
1359 3963 1436 4026 filisa
1450 3968 1474 4010 et
1486 3971 1543 4008 eost·

302 4049 399 4114 qualem
414 4048 515 4113 gereret,
532 4047 562 4096 id
578 4052 616 4096 est
634 4061 684 4095 una
701 4059 737 4095 ex
753 4044 877 4097 ibinilate
892 4061 1014 4110 persona,
1032 4045 1148 4096 Christus
1160 4047 1211 4096 Dei
1220 4046 1302 4096 Filius
1313 4049 1410 4105 anim,
1427 4042 1544 4096 mmcd·

300 4150 344 4183 vor
359 4135 474 4197 faceret,
493 4146 571 4182 carne
588 4136 761 4196 conceptura!
774 4138 848 4180 natae
865 4132 948 4181 eride
960 4132 1164 4195 reatreairpinir
1174 4132 1277 4181 murrea:
1296 4126 1434 4182 Christum
1444 4124 1544 4181 consulta

301 4230 356 4266 non
374 4234 446 4267 cinam
464 4218 496 4267 de
513 4217 650 4277 trinitate,
669 4210 718 4264 sed
736 4233 808 4265 unum
826 4217 858 4266 de
873 4215 999 4266 Trinitate
1015 4231 1152 4280 personam
1168 4213 1315 4282 profitens,
1333 4215 1366 4267 ut
1382 4228 1483 4280 omnem
1497 4207 1544 4262 ind·

301 4298 353 4352 diis
364 4299 455 4353 locum
469 4296 675 4368 praecluderet:
694 4297 773 4365 quia,
790 4300 822 4351 ut
838 4296 995 4352 Ferrandus
1013 4296 1093 4367 epist
1112 4297 1150 4353 ad
1166 4297 1329 4353 Anatolium
1347 4297 1418 4353 diac
1435 4315 1456 4352 a
1468 4301 1496 4350 12
1509 4293 1543 4348 alr

300 4385 404 4449 servat,
423 4394 448 4437 et
468 4388 547 4437 Pater
570 4402 632 4436 unua
650 4386 683 4436 de
703 4385 829 4436 Trinitule
847 4392 872 4436 et
891 4385 1003 4451 Spiritus
1020 4393 1123 4437 sunctae
1140 4403 1204 4438 anua
1221 4388 1254 4438 de
1269 4386 1405 4438 Triueme.
1434 4377 1544 4447 ΟΜΝ

299 4467 458 4523 Ferrandus
475 4467 551 4522 idem
568 4482 624 4520 non
641 4465 694 4520 nisi
711 4465 795 4521 certis
812 4466 1017 4522 conditionibus
1035 4466 1185 4537 permittit,
1203 4469 1234 4522 ut
1252 4467 1364 4523 dicatur
1380 4486 1441 4522 esus
1455 4472 1484 4523 dr
1501 4467 1543 4518 rn'·

300 4559 391 4615 nitate,
410 4552 434 4606 si
451 4552 581 4606 nimirum
600 4550 771 4621 adjungatur
788 4557 817 4606 td
833 4562 872 4606 erl
888 4557 976 4614 Filius,
994 4572 1173 4621 suspersam
1191 4559 1224 4608 de
1236 4557 1319 4608 tridua
1334 4558 1457 4624 persordt.
1471 4564 1543 4620 μῆ·

299 4650 337 4691 est
354 4642 489 4692 seeundum
504 4658 606 4692 carnem
627 4656 700 4706 qrram
716 4642 828 4705 suscepit
846 4656 883 4690 ex
900 4640 983 4704 nobb,
1005 4648 1033 4691 ul
1055 4642 1204 4707 dignaretur
1222 4648 1371 4707 medone·
1387 4644 1490 4694 eoram
1504 4652 1541 4702 1·

299 4728 377 4779 noba.
418 4721 540 4777 Subinde
559 4724 588 4777 et
604 4720 752 4790 Dionysius
769 4721 891 4792 Exiguus
912 4721 1032 4792 praefat.
1051 4720 1079 4778 in
1097 4722 1245 4793 epistolem
1261 4723 1355 4779 Pmcli
1373 4723 1410 4779 ad
1425 4724 1542 4778 mma

300 4806 439 4860 Christum
462 4824 546 4860 unum
569 4823 602 4860 ex
626 4804 763 4860 Trinitate
786 4808 852 4877 apte
875 4810 973 4862 contra
994 4807 1135 4863 Theodori
1155 4808 1345 4879 Mopsreeteni
1366 4807 1503 4880 discipulos
1517 4816 1541 4855 κ

298 4890 478 4946 Nestorianos
503 4890 672 4963 praedicari,
699 4906 788 4960 eaque
809 4891 948 4948 locutione
971 4892 1100 4949 Proolum
1122 4893 1280 4950 haereticos
1302 4894 1441 4962 revisisse,
1460 4886 1539 4947 daem
