3412 5664
314 327 374 389 {178
752 344 779 391 s.
796 342 1004 391 uounusonn
1028 343 1143 390 aaran

206 522 229 557 a,
242 513 298 557 aar.
314 493 537 578 όρισθίντων,
550 495 605 558 καλ
620 498 793 571 παντελῶς
809 518 921 578 περιτ-

313 597 352 680 τή
376 598 469 662 ἐστιν
491 594 511 680 ἡ
536 598 745 680 δικαιολογία
773 594 793 681 ἡ
816 616 919 680 προσ·

312 698 482 783 φερομένη
497 709 566 775 τοῖς
583 699 922 782 παρεσκευασμένοις,

311 799 411 865 ὁπότε
433 801 510 883 περὶ
532 800 656 865 τούτου
681 805 744 866 τοῦ
767 801 922 885 πράγμα-

312 927 367 979 τος
394 904 450 967 καλ
485 900 571 987 πρός
603 901 663 968 τόν
702 903 922 980 ἐνδοξότατον

310 1005 366 1068 καὶ
411 1004 739 1088 φιλανθρωπότατον
781 1005 921 1087 βασιλέα

310 1104 370 1170 τόν
405 1104 569 1191 ἡμέτερον
606 1103 684 1170 υίδν
724 1104 786 1170 οὐκ
824 1104 921 1188 ὀλίγα
970 1160 977 1167 ,

309 1206 539 1293 ήσημάναμεν.

351 1311 382 1374 6.
412 1311 479 1373 Καὶ
502 1307 617 1395 ἐπειδὴ
641 1311 719 1394 περὶ
740 1314 799 1393 τῆς
816 1308 918 1392 Ἱερο-
1012 1311 1043 1375 6.
1078 1311 1122 1374 Et
1149 1312 1224 1395 quia
1252 1311 1291 1375 de
1319 1311 1532 1396 Hierosolymis-

310 1416 502 1496 σολυμιτῶν
529 1410 708 1496 ὁμολογίας
735 1408 918 1494 άπεκρινά-
970 1433 1084 1476 norum
1127 1413 1372 1501 1>r0fessi0no²³)
1411 1414 1534 1498 respoud-

308 1521 409 1597 μεθα,
433 1514 489 1577 καλ
511 1518 610 1577 τοῦτο
627 1510 840 1597 ὑπελάβομεν
861 1517 919 1596 τῆς
969 1536 1055 1597 maa,
1095 1515 1155 1579 hoc
1188 1537 1312 1599 quoquo
1342 1518 1535 1581 aestimavimus

308 1617 439 1681 rodeno
455 1618 621 1698 σωτηρίας
635 1615 733 1698 χάριν
750 1613 919 1699 ἁρμοδίως
970 1616 1083 1680 salutis
1110 1638 1219 1681 eorum
1243 1639 1339 1682 causa
1361 1623 1537 1703 ormpetenter

309 1724 522 1801 προσθεῖναι,
545 1718 602 1781 ἵνα
625 1715 686 1783 ἐάν
703 1721 761 1801 τῆς
776 1720 917 1781 καθολι-
969 1718 1164 1801 addendum,
1210 1723 1248 1783 ut
1283 1720 1310 1784 si
1348 1720 1537 1785 communionis

308 1825 368 1904 κῆς
406 1821 584 1903 ἐκκλησίας
626 1819 817 1884 έπιποθοῑσι
855 1823 917 1901 την
969 1820 1163 1902 apostolieae
1206 1820 1432 1905 desiderant²⁶l
1464 1821 1537 1886 uniiu-

307 1923 446 2004 ἕνωσιν,
475 1926 534 2004 τῆς
561 1921 648 1998 ἰδίας
674 1918 853 2005 ὁμολογίας
879 1906 916 1985 τὸ
968 1925 1048 2003 mm,
1086 1922 1318 2006 professionem
1347 1945 1433 1988 suam
1452 1923 1538 2006 scripto

308 2022 394 2107 ὕφος
417 2023 595 2106 ἐγγράφως
616 2029 845 2106 μηνυθεῖσαν,
873 2019 917 2106 ἣν
967 2022 1121 2106 inditam,
1165 2046 1262 2108 quam
1306 2026 1420 2111 legatis
1452 2024 1538 2089 nostris

308 2137 376 2202 τοῖς
412 2121 585 2210 ἡμετέροις
620 2127 844 2209 πρεσβευταῖς
876 2124 915 2189 έν
967 2125 1051 2208 apud
1101 2124 1414 2212 Curnstantinopolim
1458 2126 1538 2211 positis

307 2225 667 2292 Κωνσταυτινουπόλει
759 2224 915 2308 διάγουσι
967 2226 1168 2311 obtuderunt,
1198 2233 1255 2292 aut
1281 2251 1341 2314 per
1361 2251 1431 2294 suos
1450 2229 1483 2292 ad
1499 2248 1538 2290 nos

307 2329 556 2414 προσήνεγκαν,
568 2325 704 2392 διάτάν
719 2328 816 2392 ἰδίων
832 2325 915 2410 πρὸς
966 2327 1123 2413 dirigant,
1152 2332 1208 2393 aut
1229 2330 1426 2395 fraternitati
1446 2334 1538 2394 resta

306 2429 392 2516 ἡμᾶς
406 2430 662 2513 άποστείλωσιν,
679 2428 755 2515 ἢτῇ
770 2425 914 2515 ὑμετέρα
965 2431 1111 2514 tradant,
1135 2432 1245 2495 eodem
1267 2437 1393 2518 tamen,
1424 2433 1492 2496 siout
1507 2430 1537 2493 di·

307 2532 507 2617 άδελφότητι
545 2531 711 2615 δώσουσι,
755 2537 796 2617 τῇ
829 2529 913 2616 αὐτῇ
964 2532 1083 2615 ximuS,
1106 2536 1217 2597 tenore
1239 2535 1462 2620 conscriptam,
1480 2553 1537 2617 quse

305 2637 436 2719 μέντοι,
474 2638 588 2711 καθώς
621 2628 733 2715 εἷπον,
771 2633 913 2716 δυνάμει
964 2633 1004 2697 ad
1026 2655 1085 2698 nos
1107 2635 1209 2699 modis
1224 2636 1373 2700 omnibus
1394 2637 1536 2701 subrostn

305 2735 616 2821 συγγεγραμμένην,
633 2733 717 2819 ἥτις
731 2732 815 2817 πρὸς
829 2731 914 2818 ἡμᾶς
963 2734 1164 2800 ordinatione
1197 2736 1371 2801 deferatur.
1426 2737 1536 2802 Namd

305 2845 386 2904 πᾶσι
413 2850 483 2914 τοῖς
510 2837 646 2922 τρόποις
677 2833 723 2901 δι’
751 2833 913 2920 ὑμετέρας
963 2836 1002 2899 de
1037 2836 1394 2923 Thessalonicensibus,
1435 2858 1536 2924 quorun

305 2938 807 3022 διατυπώσεωςκομισθήσεται.
827 2937 913 3021 Περὶ
965 2938 1004 3001 ad
1031 2959 1090 3002 nos
1118 2939 1218 3024 legati
1247 2941 1308 3005 sub
1336 2938 1536 3005 clementissimi

303 3040 368 3126 γάρ
405 3041 700 3122 Θεσσαλονικέων,
745 3032 794 3104 τόν
830 3038 914 3122 πρός
964 3043 997 3103 et
1017 3040 1193 3106 fidelissimi
1216 3042 1373 3127 principis
1394 3043 1445 3107 filii
1462 3038 1535 3105 nostri

304 3143 389 3229 ἡμᾶς
423 3145 458 3209 ol
489 3143 645 3225 πρέσβεις
677 3139 733 3206 διά
766 3146 825 3225 της
850 3145 912 3205 τοῦ
964 3142 1166 3207 ordinatione
1201 3149 1375 3228 venerumt,
1416 3140 1534 3227 nequid

304 3245 505 3312 πιστοτάτου
528 3243 583 3308 καὶ
607 3241 828 3320 ένδοξοτάτου
849 3245 909 3326 βα-
963 3244 1107 3309 omisisse
1130 3245 1313 3329 credamur,
1337 3268 1427 3311 nosse
1443 3264 1534 3309 rosto

304 3350 423 3424 σιλέως
450 3352 511 3412 τοῦ
538 3344 702 3429 ἡμετέρου
730 3345 809 3409 υίοῦ
838 3345 911 3408 δια·
962 3345 1082 3430 lumus,
1106 3348 1281 3412 secundum
1304 3348 1380 3432 hoe,
1402 3347 1474 3433 quod
1490 3345 1534 3408 llo

303 3449 484 3525 τυπάσεως
495 3440 616 3532 ἦλθον,
628 3447 685 3512 ἵνα
699 3447 777 3531 μήτι
802 3467 908 3530 παρα·
962 3448 1050 3512 mino
1078 3451 1187 3513 nostro
1215 3449 1294 3515 Jesu
1318 3450 1439 3516 Christo
1463 3446 1534 3529 inspi-

303 3552 493 3615 λελοιπέναι
530 3550 697 3633 δόξωμεν,
730 3548 911 3632 γινώσκειν
961 3554 1055 3614 ranto
1082 3551 1254 3635 placuerit,
1289 3574 1414 3617 causam
1437 3570 1534 3615 omnen

303 3651 388 3736 ὑμᾶς
397 3652 593 3736 βουλόμεθα
605 3648 689 3716 κατά
699 3648 909 3733 ταῦτα,άπερ
961 3655 1072 3716 nostra
1112 3653 1321 3737 dispositione
1356 3653 1533 3720 meandum.

302 3760 364 3818 τοῦ
387 3758 508 3837 κυρίου
530 3752 625 3838 ἡμῶν
635 3753 745 3837 Ἰησοῦ
761 3757 910 3835 Χριστοῦ
961 3757 993 3817 et
1029 3754 1103 3839 sill)
1140 3755 1224 3839 quod
1261 3760 1386 3841 oportet
1418 3755 1533 3839 implere

304 3857 507 3940 ἐμπνέοντος
528 3854 667 3940 ἤρεσαν,
697 3853 758 3938 τὴν
781 3852 909 3919 ὑπόθε-
960 3856 1042 3939 rint,
1066 3856 1289 3922 ordinandam.

303 3976 358 4022 σιν
380 3962 493 4022 πάσαν
516 3962 556 4041 τῇ
578 3954 721 4043 ὑμετέρᾳ
737 3956 910 4034 διασκέφει

304 4059 537 4143 ψηλαφητέαν,
582 4058 638 4124 καλ
671 4059 702 4124 εί
730 4058 813 4141 ὅπερ
846 4055 908 4141 χρη

301 4160 519 4245 πληρωσουσι
541 4160 782 4225 διατυπωτεάν,

367 4385 401 4451 ²⁵)
420 4382 478 4435 a¹lr
496 4398 555 4449 soq.
573 4387 761 4450 propositione.
779 4380 805 4434 λ’
825 4401 873 4450 pro
892 4385 1065 4447 confessione,
1084 4381 1120 4435 al.
1137 4388 1309 4450 professione.

367 4470 400 4531 ²⁶)
417 4467 444 4516 λ’
457 4469 481 4520 τ’
499 4487 528 4520 so
546 4472 671 4520 (dederunt
694 4467 728 4532 (δ’
749 4461 988 4533 όοιλενίτιιγίιαίιαιι·
1008 4468 1043 4529 (c'
1063 4479 1088 4519 οι
1104 4471 1311 4537 professionem).
1346 4469 1446 4524 Deinde
1460 4470 1480 4521 τ’
1491 4466 1534 4519 e¹i²

300 4571 361 4607 curn
380 4552 487 4620 aliquot
504 4569 567 4604 mss.
586 4550 682 4618 (etiam
699 4550 738 4618 Ji,
755 4556 853 4618 scripto
871 4557 982 4604 indicent
1000 4549 1031 4617 (i²
1048 4554 1187 4620 indicans),
1210 4574 1285 4623 qaam
1303 4561 1394 4620 (epatis
1414 4559 1495 4608 nostris
1512 4554 1532 4613 ,τ’

298 4643 389 4703 [epatis
406 4639 507 4704 nestris)
525 4641 596 4704 αμιαί
612 4641 855 4704 Corestnntinopolim
872 4641 963 4703 positis
984 4641 1097 4703 offerant
1120 4635 1151 4703 (i²
1168 4641 1339 4706 ολιὶαίτιτιιιλγι
1360 4644 1386 4693 n'
1406 4646 1492 4707 “ripa
1508 4640 1534 4687 is-

297 4731 388 4789 ολμλιαα
407 4743 479 4792 qurum
552 4726 701 4775 obtuderunt

366 4811 398 4873 ²⁷)
416 4807 442 4856 .l¹
461 4813 498 4858 sie
516 4817 618 4873 oporte!
635 4812 773 4874 implerint,
792 4805 820 4856 J²
833 4808 856 4859 (ι’
876 4811 940 4858 sieut
957 4816 1060 4872 oporiet
1078 4811 1185 4874 impleri.
1217 4807 1324 4863 {bidom
1337 4810 1403 4865 oliti
1419 4810 1536 4864 urard:

298 4895 336 4960 lc*
366 4894 548 4957 ονιίιίιοιαίανι)
576 4896 639 4944 leuior
666 4901 729 4952 οίικῖ,
762 4890 925 4959 perturbato
954 4892 983 4944 et
1012 4892 1125 4961 praeter
1157 4894 1280 4948 mentem
1313 4894 1482 4957 llornllsdule.
1502 4888 1537 4959 qui
