3412 5664
503 366 704 416 cancarrus
728 367 740 413 1
764 349 1152 435 (excommunicem.
1176 351 1291 438 11111).
1465 353 1525 418 1121

260 522 391 608 piadem
412 522 582 587 diaconum
610 544 701 586 suum
724 523 764 587 ad
786 523 961 607 episcopos,
991 523 1045 607 qui
1074 521 1276 589 Calchedona
1302 522 1433 588 fuerant
1456 547 1528 589 con·

261 625 402 711 gregati.
448 624 509 701 Qui
536 625 731 709 rescribunt,
762 624 1052 691 Calchedonensem
1080 626 1236 710 synodum
1263 648 1363 710 usque
1391 627 1431 691 ad
1456 650 1528 693 san-

261 729 395 815 guinem
428 749 498 792 esse
532 727 780 810 defendendam,
814 729 889 813 quia
922 750 987 792 non
1015 727 1149 792 alteram
1177 727 1272 793 fidem
1298 728 1412 793 statuit
1433 753 1528 816 quam

260 831 404 915 synodus
431 829 586 895 Nicaena.
631 830 836 895 Timotheum
862 852 937 894 vero
964 853 1029 894 non
1055 831 1157 895 solum
1180 831 1364 915 episcopum
1386 854 1452 896 non
1474 832 1529 897 ha·

260 933 423 1016 beri-sed
445 933 542 998 etiam
565 932 740 999 Christiani
764 932 978 1018 appellatione
1001 933 1130 1017 privari.
1175 933 1228 997 Fit
1250 954 1327 1017 ergo
1349 933 1432 1017 apud
1455 934 1529 999 Ale·

258 1036 432 1101 xandriam
455 1036 536 1100 alter
557 1035 743 1101 Timotheus
767 1035 953 1120 catholicae,
981 1034 1166 1099 Timotheus
1189 1034 1368 1100 haereticus
1389 1036 1530 1101 mittitur

257 1140 297 1203 in
321 1138 453 1203 exilium
475 1138 658 1221 Cersonam,
682 1138 736 1223 qui
758 1140 846 1203 locus
869 1140 917 1201 est
939 1137 974 1201 in
996 1137 1110 1203 Ponto.
1155 1137 1269 1202 Petrus
1291 1137 1387 1223 fugit.

348 1259 380 1322 6.
424 1257 529 1343 Igitur
561 1258 711 1343 quamdiu
738 1257 819 1321 vixit
841 1257 1014 1342 imperator
1036 1255 1100 1321 Leo
1107 1307 1116 1340 ,
1145 1258 1227 1322 vixit
1253 1257 1438 1323 Timotheus
1466 1259 1530 1343 epi·

254 1382 379 1446 scopus
402 1360 617 1426 Alexandriae
641 1384 712 1426 cum
735 1360 851 1444 quiete.
889 1359 993 1435 Quum
1016 1363 1122 1425 autem
1145 1358 1318 1425 Basiliscus
1345 1364 1532 1445 occupasset

252 1462 435 1547 imperium
458 1466 518 1527 111.
545 1466 586 1547 [u.
603 1473 621 1528 i.
639 1471 657 1527 1.
682 1488 706 1526 1,
724 1486 810 1544 usque
831 1464 877 1546 ad]
901 1462 979 1527 locis
1002 1463 1068 1527 suis
1090 1462 1237 1527 reddidit.
1282 1462 1326 1527 Et
1347 1485 1420 1527 mox
1441 1462 1532 1527 venit

252 1563 506 1647 Alexandriam,
529 1569 608 1630 tune
630 1564 817 1629 Timotheus
841 1565 1015 1629 catholicus
1037 1565 1125 1650 fugit
1146 1567 1206 1629 etc.
1233 1568 1274 1649 [o.
1298 1575 1315 1629 i.
1339 1572 1357 1628 1.
1382 1566 1434 1649 1.].

348 1684 381 1747 ’1.
427 1682 606 1768 Imperator
634 1685 742 1769 itaque
765 1684 851 1748 Zeno
877 1684 960 1749 redit
988 1684 1027 1747 ad
1049 1705 1196 1768 regnum,
1226 1682 1399 1749 Basiliscus
1426 1685 1531 1769 oppri-

249 1786 373 1852 mitur.
418 1785 512 1870 Apud
535 1785 765 1851 Alexandriam
793 1809 916 1871 quoque
944 1787 1035 1870 pulso
1057 1786 1204 1850 invasore
1232 1786 1400 1851 Timotheo
1427 1786 1531 1852 Timo·

249 1888 356 1957 ruens
388 1886 564 1952 catholicus
598 1889 741 1953 redditur
774 1889 937 1953 ecclesiae.
983 1888 1044 1953 Sed
1077 1889 1139 1953 isto
1172 1887 1339 1953 Timotheo
1370 1887 1532 1954 haeretico

194 2072 198 2083 Ι
249 1994 365 2059 mor&
394 1990 565 2073 damnato,
601 1990 714 2055 Petrus
743 2013 872 2055 consors
894 1991 995 2075 ipsius
1023 1990 1064 2054 ab
1092 1989 1262 2055 haereticis
1291 1990 1458 2075 episcopus
1481 1995 1530 2056 est

247 2092 443 2161 0111111111.
489 2092 588 2168 Quem
610 2092 820 2157 nihilomiuus
850 2092 945 2176 dejici
963 2093 1062 2176 jussit
1085 2091 1376 2157 Christianissimus
1397 2093 1533 2178 impera·

246 2202 306 2263 tor
333 2197 374 2260 et
400 2194 509 2258 reduci
544 2194 747 2259 Timotheum
775 2194 977 2259 catholicum.
1022 2194 1150 2258 Interea
1183 2215 1280 2278 quum
1313 2193 1444 2277 plurimi
1477 2217 1533 2259 seu

246 2296 370 2365 elerici
394 2317 453 2360 seu
474 2295 623 2360 monachi
647 2318 702 2360 seu
725 2296 897 2360 saecularis
927 2296 1011 2360 vitae
1035 2295 1179 2385 homines
1208 2295 1533 2361 ad‘communionem

244 2396 416 2467 atholici
440 2398 580 2482 episcopi
603 2398 762 2463 Timothei
784 2398 909 2462 nollent
931 2398 1059 2482 penitus
1073 2397 1264 2480 convenire,
1288 2397 1421 2462 diversis
1436 2398 1533 2464 minis

242 2500 378 2569 termis
399 2498 566 2564 uniuersos
590 2500 855 2564 clementissimus
877 2501 1060 2584 imperator.

336 2620 377 2686 8.
418 2618 563 2703 Denique
586 2618 772 2683 Timotheus
795 2620 962 2703 episcopus
984 2619 1096 2683 scribit
1118 2619 1158 2682 ad
1180 2641 1298 2703 papam
1321 2618 1532 2702 Simplicium,

236 2728 279 2792 ut
303 2721 480 2789 scriberet
501 2720 686 2804 imperatori
702 2721 740 2783 dc
755 2720 861 2803 Petra,
886 2721 938 2804 qui
961 2721 1084 2784 latebat
1105 2720 1140 2783 in
1164 2720 1383 2784 Alexandrina
1405 2720 1534 2785 civitate

232 2830 274 2895 et
303 2822 540 2891 insidiabatur
568 2822 746 2903 Ecclesiae,
777 2827 814 2886 ut
841 2822 881 2885 ad
908 2821 1115 2907 longinquius
1144 2822 1365 2904 deportaretur
1392 2821 1532 2885 exilium.

175 2924 185 3001 ;'
229 2928 363 3017 Igitur
398 2945 461 3009 per
487 2924 588 2988 ferme
620 2924 796 2987 triennium
829 2923 879 2987 vel
912 2923 1048 3007 amplius
1085 2926 1215 2986 sanctae
1247 2924 1419 2986 memoriae
1450 2945 1534 3007 papa

175 3058 179 3117 1
224 3026 450 3116 Simplicius
478 3048 543 3089 non
571 3026 696 3089 destiti
723 3027 861 3090 scribere
887 3025 925 3088 ad
949 3025 1103 3088 Acacium
1131 3023 1330 3109 episcopum,
1359 3026 1396 3087 ut
1423 3027 1535 3108 ageret

175 3120 181 3137 ''
222 3154 316 3203 mm
362 3129 582 3213 imperatore,
617 3131 649 3191 et
681 3127 771 3191 fieret
806 3126 844 3191 de
877 3126 974 3191 Petro
986 3176 994 3209 ,
1030 3126 1113 3210 quod
1146 3125 1331 3190 Timotheus
1366 3126 1534 3210 episcopus

175 3224 179 3231 ·
213 3230 461 3327 masat.

328 3351 374 3417 9.
426 3347 490 3414 Sed
512 3348 746 3413 nihilomnino
770 3349 922 3433 perficere
944 3348 1059 3433 potuit.

331 3469 398 3538 10.
454 3467 616 3533 Defuncto
649 3490 787 3552 namque
820 3468 883 3532 isto
918 3466 1103 3549 Timotheo,
1141 3467 1308 3533 lohannes
1344 3490 1535 3535 oeconomus

175 3550 179 3575 ’
210 3574 349 3649 «Ὧι-,11
381 3569 590 3652 candidatus,
614 3571 668 3654 qui
694 3570 800 3633 multis
821 3569 970 3635 laudibus
992 3570 1248 3654 praedicabatur,
1273 3570 1448 3635 catholicus
1470 3572 1536 3656 epi-

210 3698 370 3767 mpua
397 3696 421 3739 a
453 3671 619 3737 catholicis
642 3676 691 3736 est
713 3673 888 3737 ordinatus.
934 3672 995 3749 Qui
1016 3696 1113 3759 quum
1137 3672 1176 3736 ad
1199 3673 1407 3757 apostolicam
1429 3673 1537 3739 sedem

351 3778 417 3845 ica
449 3774 569 3859 scrnpta
590 3774 748 3856 misisset,
778 3776 1022 3859 superveniente
1044 3774 1167 3840 Uranio
1189 3775 1326 3860 quodam
1354 3775 1395 3839 ab
1417 3776 1537 3841 Acacio

209 3884 427 3959 ffinato
452 3880 486 3942 et
508 3879 619 3942 contra
644 3875 827 3941 Johannem
852 3878 921 3961 jam
950 3878 1132 3962 episcopum
1155 3877 1311 3962 quaedam
1339 3878 1423 3942 falsa
1452 3878 1537 3944 defe-

206 3990 352 4069 mte,
389 3978 454 4067 qui
476 3978 573 4044 etiam
596 3978 635 4043 de
657 3979 855 4045 restituendo
877 3979 974 4044 Petro
996 3979 1192 4054 mentionem
1214 3979 1365 4063 faciebat,
1395 3984 1473 4045 tunc
1496 3980 1537 4045 ab

210 4086 472 4181 *capatus
494 4081 636 4165 ejusdem
657 4080 816 4146 iohannis
840 4082 1082 4147 confirmatione
1108 4104 1193 4166 papa
1215 4103 1389 4166 suspensus
1411 4086 1470 4164 est,
1501 4103 1537 4146 eo

175 4232 179 4281 .·
211 4190 325 4285 ‘nd
354 4184 496 4268 scripta
524 4184 607 4268 ejus,
636 4206 718 4268 quae
745 4183 864 4248 totiens
893 4184 932 4248 ad
960 4182 1116 4248 Acacium
1143 4188 1275 4269 propter
1297 4184 1537 4250 Alexandrinae

194 4284 198 4289 ’
208 4290 418 4369 ,eclesiae
444 4285 584 4371 quietem
607 4286 777 4369 direxerat,
801 4286 883 4350 nihil
906 4286 1036 4350 omnino
1058 4285 1260 4370 proficerent.

330 4411 399 4477 11.
438 4402 525 4470 Dum
547 4404 627 4470 haec
650 4410 832 4491 agerentur,
857 4407 1041 4491 supervenit
1062 4406 1147 4471 idem
1169 4404 1336 4470 Johannes
1359 4406 1537 4490 episcopus,

183 4534 186 4539 ·
213 4518 292 4609 qd
315 4512 428 4581 sicut
452 4506 585 4573 decebat
614 4509 655 4573 ab
683 4508 858 4594 apostolica
880 4509 953 4573 sede
976 4512 1142 4593 susceptus
1165 4511 1224 4590 est,
1255 4509 1343 4593 cujus
1366 4509 1463 4573 etiam
1487 4508 1539 4571 ad·

219 4622 372 4689 mm
399 4609 533 4697 plenius
555 4610 704 4675 universa
726 4612 889 4695 patefecit.
924 4609 1006 4687 Quid
1028 4609 1153 4675 multa?
1176 4610 1260 4676 Dum
1283 4610 1395 4676 Aeacii
1417 4610 1538 4694 scripta

220 4722 461 4811 heremus,
494 4734 574 4797 quae
597 4713 635 4777 de
659 4713 754 4777 Petro
777 4717 809 4777 et
831 4713 981 4778 Johanne
1004 4712 1216 4778 Antiochenis
1245 4713 1284 4777 ad
1307 4734 1424 4797 papam
1446 4712 1538 4777 mise·

175 4896 194 4911 Ι
225 4828 305 4905 nt,
332 4835 503 4885 excessus
525 4816 636 4880 Aeacii
661 4816 758 4880 etiam
780 4816 814 4879 in
837 4817 897 4880 hac
922 4837 1018 4879 causa
1044 4815 1253 4900 gravissimus
1276 4813 1535 4898 deprehenditur.

232 4988 240 5001 ,
336 4918 402 4988 12.
453 4913 597 5005 Denique
620 4922 813 4983 memoratus
836 4917 950 4984 Petrus
977 4916 1158 4983 Johannem
1185 4917 1353 5003 quemdam
1376 4916 1537 4984 ordinarit
