<?xml version="1.0" encoding="UTF-8"?>
<!DOCTYPE html PUBLIC "-//W3C//DTD XHTML 1.0 Transitional//EN"
    "http://www.w3.org/TR/xhtml1/DTD/xhtml1-transitional.dtd">
<html xmlns="http://www.w3.org/1999/xhtml" xml:lang="en" lang="en">
 <head>
  <title>
</title>
<meta http-equiv="Content-Type" content="text/html;charset=utf-8" />
  <meta name='ocr-system' content='tesseract 3.04.00' />
  <meta name='ocr-capabilities' content='ocr_page ocr_carea ocr_par ocr_line ocrx_word'/>
</head>
<body>
  <div class='ocr_page' id='page_1' title='image "./epistolaeromano00cousgoog/epistolaeromano00cousgoog_0471.png"; bbox 0 0 3450 5678; ppageno 0'>
   <div class='ocr_carea' id='block_1_1' title="bbox 180 100 978 169">
    <p class='ocr_par' dir='ltr' id='par_1_1' title="bbox 180 100 978 169">
     <span class='ocr_line' id='line_1_1' title="bbox 180 100 978 169; baseline -0.008 0"><span class='ocrx_word' id='word_1_1' title='bbox 180 100 243 169; x_wconf 76' lang='lat'><strong>426</strong></span> <span class='ocrx_word' id='word_1_2' title='bbox 654 115 683 165; x_wconf 90' lang='lat' dir='ltr'><strong>s.</strong></span> <span class='ocrx_word' id='word_1_3' title='bbox 699 111 842 166; x_wconf 80' lang='lat' dir='ltr'><strong>samen</strong></span> <span class='ocrx_word' id='word_1_4' title='bbox 864 113 978 164; x_wconf 75' lang='lat' dir='ltr'><strong>aaran</strong></span> 
     </span>
    </p>
   </div>
   <div class='ocr_carea' id='block_1_2' title="bbox 136 269 1452 3021">
    <p class='ocr_par' dir='ltr' id='par_1_2' title="bbox 136 269 1452 460">
     <span class='ocr_line' id='line_1_2' title="bbox 136 269 1452 360; baseline 0 -22"><span class='ocrx_word' id='word_1_5' title='bbox 136 284 169 352; x_wconf 73' lang='lat' dir='ltr'><strong>a.)</strong></span> <span class='ocrx_word' id='word_1_6' title='bbox 181 275 304 360; x_wconf 87' lang='lat' dir='ltr'><strong>primae</strong></span> <span class='ocrx_word' id='word_1_7' title='bbox 325 271 410 338; x_wconf 88' lang='lat' dir='ltr'><strong>sedis</strong></span> <span class='ocrx_word' id='word_1_8' title='bbox 432 271 622 337; x_wconf 87' lang='lat' dir='ltr'><strong>auctoritate</strong></span> <span class='ocrx_word' id='word_1_9' title='bbox 644 273 811 355; x_wconf 87' lang='lat' dir='ltr'><strong>percepta,</strong></span> <span class='ocrx_word' id='word_1_10' title='bbox 840 290 901 336; x_wconf 89' lang='lat' dir='ltr'><strong>nec</strong></span> <span class='ocrx_word' id='word_1_11' title='bbox 922 269 1130 336; x_wconf 80' lang='lat' dir='ltr'><strong>exammandi</strong></span> <span class='ocrx_word' id='word_1_12' title='bbox 1150 269 1240 337; x_wconf 86' lang='lat' dir='ltr'><strong>Petri</strong></span> <span class='ocrx_word' id='word_1_13' title='bbox 1256 271 1313 357; x_wconf 86' lang='lat' dir='ltr'><strong>jus</strong></span> <span class='ocrx_word' id='word_1_14' title='bbox 1334 269 1452 338; x_wconf 86' lang='lat' dir='ltr'><strong>babuit</strong></span> 
     </span>
     <span class='ocr_line' id='line_1_3' title="bbox 180 373 815 460; baseline -0.006 -18"><span class='ocrx_word' id='word_1_15' title='bbox 180 398 242 442; x_wconf 90' lang='lat' dir='ltr'><strong>nec</strong></span> <span class='ocrx_word' id='word_1_16' title='bbox 263 374 440 460; x_wconf 91' lang='lat' dir='ltr'><strong>recipiendi</strong></span> <span class='ocrx_word' id='word_1_17' title='bbox 461 373 590 460; x_wconf 90' lang='lat' dir='ltr'><strong>penitus</strong></span> <span class='ocrx_word' id='word_1_18' title='bbox 611 374 815 458; x_wconf 87' lang='lat' dir='ltr'><strong>potestatem.</strong></span> 
     </span>
    </p>

    <p class='ocr_par' dir='ltr' id='par_1_3' title="bbox 179 475 1452 3021">
     <span class='ocr_line' id='line_1_4' title="bbox 205 475 1451 561; baseline 0.007 -27"><span class='ocrx_word' id='word_1_19' title='bbox 205 526 209 534; x_wconf 91' lang='lat'>.</span> <span class='ocrx_word' id='word_1_20' title='bbox 264 478 295 543; x_wconf 89' lang='grc'><strong>4.</strong></span> <span class='ocrx_word' id='word_1_21' title='bbox 333 475 449 558; x_wconf 56' lang='lat' dir='ltr'><strong>Quos)</strong></span> <span class='ocrx_word' id='word_1_22' title='bbox 472 475 663 560; x_wconf 76' lang='lat' dir='ltr'>regulariter</span> <span class='ocrx_word' id='word_1_23' title='bbox 685 475 871 559; x_wconf 87' lang='lat' dir='ltr'><strong>constituto,</strong></span> <span class='ocrx_word' id='word_1_24' title='bbox 899 496 959 542; x_wconf 88' lang='lat' dir='ltr'><strong>nec</strong></span> <span class='ocrx_word' id='word_1_25' title='bbox 981 477 1066 561; x_wconf 89' lang='lat' dir='ltr'><strong>apud</strong></span> <span class='ocrx_word' id='word_1_26' title='bbox 1087 497 1146 542; x_wconf 89' lang='lat' dir='ltr'><strong>nos</strong></span> <span class='ocrx_word' id='word_1_27' title='bbox 1168 476 1266 542; x_wconf 89' lang='lat' dir='ltr'><strong>Petro</strong></span> <span class='ocrx_word' id='word_1_28' title='bbox 1286 475 1451 543; x_wconf 83' lang='lat' dir='ltr'><strong>ullatenus</strong></span> 
     </span>
     <span class='ocr_line' id='line_1_5' title="bbox 181 578 1451 666; baseline -0.002 -19"><span class='ocrx_word' id='word_1_29' title='bbox 181 581 343 665; x_wconf 89' lang='lat' dir='ltr'><strong>absoluto,</strong></span> <span class='ocrx_word' id='word_1_30' title='bbox 376 600 470 666; x_wconf 90' lang='lat' dir='ltr'><strong>quem</strong></span> <span class='ocrx_word' id='word_1_31' title='bbox 493 579 662 643; x_wconf 88' lang='lat' dir='ltr'><strong>damnasse</strong></span> <span class='ocrx_word' id='word_1_32' title='bbox 683 599 742 642; x_wconf 91' lang='lat' dir='ltr'><strong>nos</strong></span> <span class='ocrx_word' id='word_1_33' title='bbox 765 579 926 662; x_wconf 87' lang='lat' dir='ltr'><strong>novimus,</strong></span> <span class='ocrx_word' id='word_1_34' title='bbox 962 579 1162 644; x_wconf 76' lang='lat' dir='ltr'><strong>examinasse</strong></span> <span class='ocrx_word' id='word_1_35' title='bbox 1194 579 1245 644; x_wconf 85' lang='lat' dir='ltr'><strong>vel</strong></span> <span class='ocrx_word' id='word_1_36' title='bbox 1273 578 1451 646; x_wconf 72' lang='lat' dir='ltr'><strong>absolvisse</strong></span> 
     </span>
     <span class='ocr_line' id='line_1_6' title="bbox 181 680 1451 768; baseline -0.001 -18"><span class='ocrx_word' id='word_1_37' title='bbox 181 684 355 751; x_wconf 85' lang='lat' dir='ltr'><strong>nescimus:</strong></span> <span class='ocrx_word' id='word_1_38' title='bbox 383 684 494 765; x_wconf 88' lang='lat' dir='ltr'><strong>restat,</strong></span> <span class='ocrx_word' id='word_1_39' title='bbox 519 683 557 745; x_wconf 88' lang='lat' dir='ltr'><strong>ut</strong></span> <span class='ocrx_word' id='word_1_40' title='bbox 578 680 656 745; x_wconf 91' lang='lat' dir='ltr'><strong>illud</strong></span> <span class='ocrx_word' id='word_1_41' title='bbox 679 681 941 765; x_wconf 79' lang='lat' dir='ltr'>demonstremus,</span> <span class='ocrx_word' id='word_1_42' title='bbox 966 682 1110 746; x_wconf 89' lang='lat' dir='ltr'><strong>eumdem</strong></span> <span class='ocrx_word' id='word_1_43' title='bbox 1131 681 1274 766; x_wconf 87' lang='lat' dir='ltr'><strong>Petrum,</strong></span> <span class='ocrx_word' id='word_1_44' title='bbox 1297 703 1393 768; x_wconf 87' lang='lat' dir='ltr'><strong>quem</strong></span> <span class='ocrx_word' id='word_1_45' title='bbox 1414 704 1451 750; x_wconf 86' lang='lat' dir='ltr'><strong>se</strong></span> 
     </span>
     <span class='ocr_line' id='line_1_7' title="bbox 180 783 1451 872; baseline 0.001 -22"><span class='ocrx_word' id='word_1_46' title='bbox 180 788 353 872; x_wconf 87' lang='lat' dir='ltr'><strong>purgatum</strong></span> <span class='ocrx_word' id='word_1_47' title='bbox 380 784 603 850; x_wconf 89' lang='lat' dir='ltr'><strong>communione</strong></span> <span class='ocrx_word' id='word_1_48' title='bbox 631 784 787 868; x_wconf 80' lang='lat' dir='ltr'><strong>recepisse</strong></span> <span class='ocrx_word' id='word_1_49' title='bbox 815 783 999 868; x_wconf 70' lang='lat' dir='ltr'><strong>praetendit</strong></span> <span class='ocrx_word' id='word_1_50' title='bbox 1020 784 1176 868; x_wconf 85' lang='lat' dir='ltr'><strong>Aeacius,</strong></span> <span class='ocrx_word' id='word_1_51' title='bbox 1213 806 1381 871; x_wconf 88' lang='lat' dir='ltr'><strong>nunquam</strong></span> <span class='ocrx_word' id='word_1_52' title='bbox 1408 786 1451 851; x_wconf 91' lang='lat' dir='ltr'><strong>ab</strong></span> 
     </span>
     <span class='ocr_line' id='line_1_8' title="bbox 179 886 1450 974; baseline -0.001 -20"><span class='ocrx_word' id='word_1_53' title='bbox 179 887 361 954; x_wconf 77' lang='lat' dir='ltr'><strong>haereticae</strong></span> <span class='ocrx_word' id='word_1_54' title='bbox 382 887 613 952; x_wconf 78' lang='lat' dir='ltr'><strong>communionis</strong></span> <span class='ocrx_word' id='word_1_55' title='bbox 636 887 828 970; x_wconf 85' lang='lat' dir='ltr'><strong>contagione</strong></span> <span class='ocrx_word' id='word_1_56' title='bbox 851 907 1006 969; x_wconf 82' lang='lat' dir='ltr'><strong>cessasse,</strong></span> <span class='ocrx_word' id='word_1_57' title='bbox 1036 886 1122 972; x_wconf 80' lang='lat' dir='ltr'><strong>ac²⁸)</strong></span> <span class='ocrx_word' id='word_1_58' title='bbox 1151 907 1218 951; x_wconf 91' lang='lat' dir='ltr'><strong>non</strong></span> <span class='ocrx_word' id='word_1_59' title='bbox 1246 887 1350 952; x_wconf 90' lang='lat' dir='ltr'><strong>solum</strong></span> <span class='ocrx_word' id='word_1_60' title='bbox 1378 887 1450 974; x_wconf 91' lang='lat' dir='ltr'><strong>ipso</strong></span> 
     </span>
     <span class='ocr_line' id='line_1_9' title="bbox 179 987 1451 1075; baseline 0 -19"><span class='ocrx_word' id='word_1_61' title='bbox 179 994 332 1075; x_wconf 83' lang='lat' dir='ltr'><strong>tenrpore,</strong></span> <span class='ocrx_word' id='word_1_62' title='bbox 355 1010 418 1074; x_wconf 90' lang='lat' dir='ltr'><strong>quo</strong></span> <span class='ocrx_word' id='word_1_63' title='bbox 440 990 467 1053; x_wconf 92' lang='lat' dir='ltr'><strong>ei</strong></span> <span class='ocrx_word' id='word_1_64' title='bbox 490 988 899 1072; x_wconf 80' lang='lat' dir='ltr'><strong>communicavit&#39;Acacius,</strong></span> <span class='ocrx_word' id='word_1_65' title='bbox 924 987 1091 1053; x_wconf 89' lang='lat' dir='ltr'><strong>sedetiam</strong></span> <span class='ocrx_word' id='word_1_66' title='bbox 1105 990 1451 1073; x_wconf 87' lang='lat' dir='ltr'><strong>postcommunionem</strong></span> 
     </span>
     <span class='ocr_line' id='line_1_10' title="bbox 180 1089 1451 1178; baseline 0.001 -20"><span class='ocrx_word' id='word_1_67' title='bbox 180 1092 446 1178; x_wconf 85' lang='lat' dir='ltr'><strong>praevaricatoris</strong></span> <span class='ocrx_word' id='word_1_68' title='bbox 461 1091 573 1156; x_wconf 83' lang='lat' dir='ltr'><strong>Aeacii</strong></span> <span class='ocrx_word' id='word_1_69' title='bbox 596 1112 721 1174; x_wconf 87' lang='lat' dir='ltr'><strong>semper</strong></span> <span class='ocrx_word' id='word_1_70' title='bbox 736 1089 991 1155; x_wconf 87' lang='lat' dir='ltr'><strong>Alexandrinum</strong></span> <span class='ocrx_word' id='word_1_71' title='bbox 1006 1090 1137 1155; x_wconf 89' lang='lat' dir='ltr'><strong>Petrum</strong></span> <span class='ocrx_word' id='word_1_72' title='bbox 1158 1091 1193 1157; x_wconf 91' lang='lat' dir='ltr'><strong>in</strong></span> <span class='ocrx_word' id='word_1_73' title='bbox 1215 1092 1451 1160; x_wconf 87' lang='lat' dir='ltr'><strong>haereticorum</strong></span> 
     </span>
     <span class='ocr_line' id='line_1_11' title="bbox 181 1192 1450 1281; baseline 0.001 -21"><span class='ocrx_word' id='word_1_74' title='bbox 181 1195 316 1281; x_wconf 88' lang='lat' dir='ltr'><strong>collegio</strong></span> <span class='ocrx_word' id='word_1_75' title='bbox 337 1193 542 1279; x_wconf 88' lang='lat' dir='ltr'><strong>perdurasse,</strong></span> <span class='ocrx_word' id='word_1_76' title='bbox 573 1196 668 1277; x_wconf 89' lang='lat' dir='ltr'><strong>atque</strong></span> <span class='ocrx_word' id='word_1_77' title='bbox 696 1193 743 1257; x_wconf 89' lang='lat' dir='ltr'><strong>ita</strong></span> <span class='ocrx_word' id='word_1_78' title='bbox 771 1196 803 1258; x_wconf 90' lang='lat' dir='ltr'><strong>et</strong></span> <span class='ocrx_word' id='word_1_79' title='bbox 830 1214 888 1277; x_wconf 90' lang='lat' dir='ltr'><strong>per</strong></span> <span class='ocrx_word' id='word_1_80' title='bbox 909 1192 994 1257; x_wconf 89' lang='lat' dir='ltr'><strong>bunc</strong></span> <span class='ocrx_word' id='word_1_81' title='bbox 1017 1193 1172 1258; x_wconf 88' lang='lat' dir='ltr'><strong>Acacium</strong></span> <span class='ocrx_word' id='word_1_82' title='bbox 1199 1193 1339 1279; x_wconf 87' lang='lat' dir='ltr'><strong>perfidae</strong></span> <span class='ocrx_word' id='word_1_83' title='bbox 1366 1216 1450 1261; x_wconf 82' lang='lat' dir='ltr'><strong>oom-</strong></span> 
     </span>
     <span class='ocr_line' id='line_1_12' title="bbox 181 1295 1450 1383; baseline 0 -20"><span class='ocrx_word' id='word_1_84' title='bbox 181 1297 342 1363; x_wconf 87' lang='lat' dir='ltr'><strong>munionis</strong></span> <span class='ocrx_word' id='word_1_85' title='bbox 364 1296 541 1380; x_wconf 83' lang='lat' dir='ltr'><strong>suscepisse</strong></span> <span class='ocrx_word' id='word_1_86' title='bbox 564 1296 759 1380; x_wconf 78' lang='lat' dir='ltr'><strong>contagium,</strong></span> <span class='ocrx_word' id='word_1_87' title='bbox 784 1299 817 1359; x_wconf 91' lang='lat' dir='ltr'><strong>et</strong></span> <span class='ocrx_word' id='word_1_88' title='bbox 838 1317 896 1379; x_wconf 91' lang='lat' dir='ltr'><strong>per</strong></span> <span class='ocrx_word' id='word_1_89' title='bbox 918 1295 1061 1360; x_wconf 90' lang='lat' dir='ltr'><strong>eamdem</strong></span> <span class='ocrx_word' id='word_1_90' title='bbox 1083 1295 1147 1360; x_wconf 90' lang='lat' dir='ltr'><strong>illis</strong></span> <span class='ocrx_word' id='word_1_91' title='bbox 1168 1296 1351 1380; x_wconf 88' lang='lat' dir='ltr'><strong>haereticis,</strong></span> <span class='ocrx_word' id='word_1_92' title='bbox 1381 1297 1450 1383; x_wconf 87' lang='lat' dir='ltr'><strong>qui·</strong></span> 
     </span>
     <span class='ocr_line' id='line_1_13' title="bbox 180 1397 1451 1487; baseline -0.001 -21"><span class='ocrx_word' id='word_1_93' title='bbox 180 1400 240 1466; x_wconf 93' lang='lat' dir='ltr'><strong>bus</strong></span> <span class='ocrx_word' id='word_1_94' title='bbox 261 1399 424 1486; x_wconf 76' lang='lat' dir='ltr'><strong>Petrm²⁹)</strong></span> <span class='ocrx_word' id='word_1_95' title='bbox 447 1398 721 1480; x_wconf 87' lang='lat' dir='ltr'><strong>communicabat,</strong></span> <span class='ocrx_word' id='word_1_96' title='bbox 755 1397 866 1487; x_wconf 86' lang='lat' dir='ltr'><strong>eadem</strong></span> <span class='ocrx_word' id='word_1_97' title='bbox 895 1401 985 1482; x_wconf 85' lang='lat' dir='ltr'><strong>peste</strong></span> <span class='ocrx_word' id='word_1_98' title='bbox 1013 1398 1230 1483; x_wconf 86' lang='lat' dir='ltr'><strong>conjunctum.</strong></span> <span class='ocrx_word' id='word_1_99' title='bbox 1275 1397 1337 1475; x_wconf 86' lang='lat' dir='ltr'><strong>Qui</strong></span> <span class='ocrx_word' id='word_1_100' title='bbox 1358 1421 1451 1484; x_wconf 86' lang='lat' dir='ltr'><strong>prae·</strong></span> 
     </span>
     <span class='ocr_line' id='line_1_14' title="bbox 181 1499 1452 1588; baseline 0 -21"><span class='ocrx_word' id='word_1_101' title='bbox 181 1501 317 1588; x_wconf 86' lang='lat' dir='ltr'><strong>sumpsit</strong></span> <span class='ocrx_word' id='word_1_102' title='bbox 337 1523 404 1566; x_wconf 93' lang='lat' dir='ltr'><strong>non</strong></span> <span class='ocrx_word' id='word_1_103' title='bbox 426 1505 551 1566; x_wconf 86' lang='lat' dir='ltr'><strong>servato</strong></span> <span class='ocrx_word' id='word_1_104' title='bbox 573 1500 683 1564; x_wconf 91' lang='lat' dir='ltr'><strong>ordine</strong></span> <span class='ocrx_word' id='word_1_105' title='bbox 705 1499 836 1564; x_wconf 90' lang='lat' dir='ltr'><strong>Petmm</strong></span> <span class='ocrx_word' id='word_1_106' title='bbox 859 1501 1029 1585; x_wconf 90' lang='lat' dir='ltr'><strong>suscipere,</strong></span> <span class='ocrx_word' id='word_1_107' title='bbox 1053 1521 1113 1565; x_wconf 91' lang='lat' dir='ltr'><strong>nec</strong></span> <span class='ocrx_word' id='word_1_108' title='bbox 1136 1501 1354 1566; x_wconf 86' lang='lat' dir='ltr'><strong>examinatum</strong></span> <span class='ocrx_word' id='word_1_109' title='bbox 1377 1523 1452 1567; x_wconf 88' lang='lat' dir='ltr'><strong>cum</strong></span> 
     </span>
     <span class='ocr_line' id='line_1_15' title="bbox 181 1603 1450 1690; baseline -0.002 -20"><span class='ocrx_word' id='word_1_110' title='bbox 181 1626 242 1670; x_wconf 90' lang='lat' dir='ltr'><strong>nec</strong></span> <span class='ocrx_word' id='word_1_111' title='bbox 263 1604 468 1690; x_wconf 83' lang='lat' dir='ltr'><strong>cognoscitur</strong></span> <span class='ocrx_word' id='word_1_112' title='bbox 494 1603 651 1687; x_wconf 86' lang='lat' dir='ltr'><strong>recepisse</strong></span> <span class='ocrx_word' id='word_1_113' title='bbox 679 1606 868 1688; x_wconf 86' lang='lat' dir='ltr'><strong>purgatum:</strong></span> <span class='ocrx_word' id='word_1_114' title='bbox 896 1607 928 1667; x_wconf 89' lang='lat' dir='ltr'><strong>et</strong></span> <span class='ocrx_word' id='word_1_115' title='bbox 954 1603 1026 1668; x_wconf 90' lang='lat' dir='ltr'><strong>ideo</strong></span> <span class='ocrx_word' id='word_1_116' title='bbox 1055 1607 1184 1688; x_wconf 90' lang='lat' dir='ltr'><strong>praeter</strong></span> <span class='ocrx_word' id='word_1_117' title='bbox 1210 1603 1295 1668; x_wconf 88' lang='lat' dir='ltr'><strong>sedis</strong></span> <span class='ocrx_word' id='word_1_118' title='bbox 1323 1607 1450 1689; x_wconf 75' lang='lat' dir='ltr'><strong>aposto</strong></span> 
     </span>
     <span class='ocr_line' id='line_1_16' title="bbox 181 1705 1450 1792; baseline -0.001 -19"><span class='ocrx_word' id='word_1_119' title='bbox 181 1707 262 1773; x_wconf 90' lang='lat' dir='ltr'><strong>licae</strong></span> <span class='ocrx_word' id='word_1_120' title='bbox 282 1706 479 1792; x_wconf 86' lang='lat' dir='ltr'><strong>notitiam³⁰)</strong></span> <span class='ocrx_word' id='word_1_121' title='bbox 506 1728 572 1770; x_wconf 87' lang='lat' dir='ltr'><strong>non</strong></span> <span class='ocrx_word' id='word_1_122' title='bbox 600 1706 778 1790; x_wconf 81' lang='lat' dir='ltr'><strong>legitimam</strong></span> <span class='ocrx_word' id='word_1_123' title='bbox 805 1705 866 1770; x_wconf 89' lang='lat' dir='ltr'><strong>sibi</strong></span> <span class='ocrx_word' id='word_1_124' title='bbox 889 1706 958 1790; x_wconf 88' lang='lat' dir='ltr'><strong>ejus</strong></span> <span class='ocrx_word' id='word_1_125' title='bbox 983 1706 1200 1790; x_wconf 90' lang='lat' dir='ltr'><strong>receptionem</strong></span> <span class='ocrx_word' id='word_1_126' title='bbox 1219 1727 1376 1790; x_wconf 88' lang='lat' dir='ltr'><strong>usurpare</strong></span> <span class='ocrx_word' id='word_1_127' title='bbox 1397 1728 1450 1772; x_wconf 83' lang='lat' dir='ltr'><strong>ro·</strong></span> 
     </span>
     <span class='ocr_line' id='line_1_17' title="bbox 181 1807 1450 1892; baseline 0 -18"><span class='ocrx_word' id='word_1_128' title='bbox 181 1810 288 1892; x_wconf 89' lang='lat' dir='ltr'><strong>luisse,</strong></span> <span class='ocrx_word' id='word_1_129' title='bbox 310 1811 348 1873; x_wconf 89' lang='lat' dir='ltr'><strong>ut</strong></span> <span class='ocrx_word' id='word_1_130' title='bbox 369 1808 638 1873; x_wconf 86' lang='lat' dir='ltr'><strong>examinationem</strong></span> <span class='ocrx_word' id='word_1_131' title='bbox 661 1808 729 1891; x_wconf 88' lang='lat' dir='ltr'><strong>ejus</strong></span> <span class='ocrx_word' id='word_1_132' title='bbox 752 1810 784 1871; x_wconf 91' lang='lat' dir='ltr'><strong>et</strong></span> <span class='ocrx_word' id='word_1_133' title='bbox 806 1807 1030 1892; x_wconf 88' lang='lat' dir='ltr'><strong>purgationem</strong></span> <span class='ocrx_word' id='word_1_134' title='bbox 1051 1811 1158 1892; x_wconf 88' lang='lat' dir='ltr'><strong>posset</strong></span> <span class='ocrx_word' id='word_1_135' title='bbox 1179 1828 1237 1892; x_wconf 91' lang='lat' dir='ltr'><strong>pro</strong></span> <span class='ocrx_word' id='word_1_136' title='bbox 1259 1830 1317 1873; x_wconf 84' lang='lat' dir='ltr'><strong>aua</strong></span> <span class='ocrx_word' id='word_1_137' title='bbox 1338 1809 1450 1875; x_wconf 83' lang='lat' dir='ltr'><strong>volun·</strong></span> 
     </span>
     <span class='ocr_line' id='line_1_18' title="bbox 181 1910 1451 1997; baseline 0.001 -21"><span class='ocrx_word' id='word_1_138' title='bbox 181 1914 250 1977; x_wconf 87' lang='lat' dir='ltr'><strong>tate</strong></span> <span class='ocrx_word' id='word_1_139' title='bbox 271 1911 388 1993; x_wconf 88' lang='lat' dir='ltr'><strong>metiri,</strong></span> <span class='ocrx_word' id='word_1_140' title='bbox 419 1914 514 1995; x_wconf 90' lang='lat' dir='ltr'><strong>atque</strong></span> <span class='ocrx_word' id='word_1_141' title='bbox 536 1931 608 1974; x_wconf 90' lang='lat' dir='ltr'><strong>eum</strong></span> <span class='ocrx_word' id='word_1_142' title='bbox 630 1932 690 1974; x_wconf 90' lang='lat' dir='ltr'><strong>nee</strong></span> <span class='ocrx_word' id='word_1_143' title='bbox 712 1910 930 1974; x_wconf 88' lang='lat' dir='ltr'><strong>examinatum</strong></span> <span class='ocrx_word' id='word_1_144' title='bbox 958 1931 1018 1974; x_wconf 91' lang='lat' dir='ltr'><strong>nec</strong></span> <span class='ocrx_word' id='word_1_145' title='bbox 1044 1910 1201 1994; x_wconf 87' lang='lat' dir='ltr'><strong>reciperet</strong></span> <span class='ocrx_word' id='word_1_146' title='bbox 1222 1912 1355 1976; x_wconf 81' lang='lat' dir='ltr'><strong>ormino</strong></span> <span class='ocrx_word' id='word_1_147' title='bbox 1376 1932 1451 1997; x_wconf 86' lang='lat' dir='ltr'><strong>pur·</strong></span> 
     </span>
     <span class='ocr_line' id='line_1_19' title="bbox 182 2012 1449 2100; baseline -0.001 -19"><span class='ocrx_word' id='word_1_148' title='bbox 182 2017 304 2100; x_wconf 76' lang='lat' dir='ltr'><strong>gaeum</strong></span> <span class='ocrx_word' id='word_1_149' title='bbox 348 2012 449 2089; x_wconf 80' lang='lat' dir='ltr'><strong>Quem</strong></span> <span class='ocrx_word' id='word_1_150' title='bbox 478 2013 504 2077; x_wconf 94' lang='lat' dir='ltr'><strong>si</strong></span> <span class='ocrx_word' id='word_1_151' title='bbox 533 2034 643 2078; x_wconf 87' lang='lat' dir='ltr'><strong>revera</strong></span> <span class='ocrx_word' id='word_1_152' title='bbox 670 2012 767 2078; x_wconf 88' lang='lat' dir='ltr'><strong>vellet</strong></span> <span class='ocrx_word' id='word_1_153' title='bbox 788 2012 1006 2077; x_wconf 88' lang='lat' dir='ltr'><strong>examinatum</strong></span> <span class='ocrx_word' id='word_1_154' title='bbox 1032 2016 1267 2099; x_wconf 84' lang='lat' dir='ltr'><strong>purgatumque</strong></span> <span class='ocrx_word' id='word_1_155' title='bbox 1293 2014 1449 2099; x_wconf 86' lang='lat' dir='ltr'><strong>recipere,</strong></span> 
     </span>
     <span class='ocr_line' id='line_1_20' title="bbox 182 2113 1450 2201; baseline 0.002 -20"><span class='ocrx_word' id='word_1_156' title='bbox 182 2117 326 2181; x_wconf 87' lang='lat' dir='ltr'><strong>ordinem</strong></span> <span class='ocrx_word' id='word_1_157' title='bbox 354 2115 390 2179; x_wconf 90' lang='lat' dir='ltr'><strong>in</strong></span> <span class='ocrx_word' id='word_1_158' title='bbox 418 2115 486 2199; x_wconf 87' lang='lat' dir='ltr'><strong>ejus</strong></span> <span class='ocrx_word' id='word_1_159' title='bbox 515 2115 752 2180; x_wconf 85' lang='lat' dir='ltr'><strong>examinatione</strong></span> <span class='ocrx_word' id='word_1_160' title='bbox 779 2117 812 2178; x_wconf 90' lang='lat' dir='ltr'><strong>et</strong></span> <span class='ocrx_word' id='word_1_161' title='bbox 839 2113 1069 2201; x_wconf 57' lang='lat' dir='ltr'><strong>receptionem)</strong></span> <span class='ocrx_word' id='word_1_162' title='bbox 1102 2114 1208 2198; x_wconf 90' lang='lat' dir='ltr'><strong>potius</strong></span> <span class='ocrx_word' id='word_1_163' title='bbox 1241 2115 1450 2183; x_wconf 86' lang='lat' dir='ltr'><strong>custodisset:</strong></span> 
     </span>
     <span class='ocr_line' id='line_1_21' title="bbox 183 2216 1451 2302; baseline 0.002 -19"><span class='ocrx_word' id='word_1_164' title='bbox 183 2219 238 2284; x_wconf 88' lang='lat' dir='ltr'><strong>sed</strong></span> <span class='ocrx_word' id='word_1_165' title='bbox 259 2217 477 2283; x_wconf 80' lang='lat' dir='ltr'><strong>utrideretur</strong></span> <span class='ocrx_word' id='word_1_166' title='bbox 498 2219 618 2302; x_wconf 87' lang='lat' dir='ltr'><strong>magis,</strong></span> <span class='ocrx_word' id='word_1_167' title='bbox 647 2240 742 2302; x_wconf 89' lang='lat' dir='ltr'><strong>quam</strong></span> <span class='ocrx_word' id='word_1_168' title='bbox 769 2217 925 2282; x_wconf 88' lang='lat' dir='ltr'><strong>veraciter</strong></span> <span class='ocrx_word' id='word_1_169' title='bbox 951 2220 1050 2301; x_wconf 90' lang='lat' dir='ltr'><strong>esset,</strong></span> <span class='ocrx_word' id='word_1_170' title='bbox 1075 2216 1149 2301; x_wconf 89' lang='lat' dir='ltr'><strong>jure</strong></span> <span class='ocrx_word' id='word_1_171' title='bbox 1170 2217 1313 2302; x_wconf 86' lang='lat' dir='ltr'><strong>purgari.</strong></span> <span class='ocrx_word' id='word_1_172' title='bbox 1359 2217 1451 2285; x_wconf 84' lang='lat' dir='ltr'><strong>Sicut</strong></span> 
     </span>
     <span class='ocr_line' id='line_1_22' title="bbox 183 2319 1449 2408; baseline -0.001 -22"><span class='ocrx_word' id='word_1_173' title='bbox 183 2343 260 2408; x_wconf 89' lang='lat' dir='ltr'><strong>ergo</strong></span> <span class='ocrx_word' id='word_1_174' title='bbox 282 2324 357 2386; x_wconf 90' lang='lat' dir='ltr'><strong>ante</strong></span> <span class='ocrx_word' id='word_1_175' title='bbox 379 2342 445 2384; x_wconf 93' lang='lat' dir='ltr'><strong>non</strong></span> <span class='ocrx_word' id='word_1_176' title='bbox 467 2320 555 2404; x_wconf 89' lang='lat' dir='ltr'><strong>prius</strong></span> <span class='ocrx_word' id='word_1_177' title='bbox 577 2319 752 2403; x_wconf 86' lang='lat' dir='ltr'><strong>damnavit,</strong></span> <span class='ocrx_word' id='word_1_178' title='bbox 776 2342 872 2404; x_wconf 88' lang='lat' dir='ltr'><strong>quarn</strong></span> <span class='ocrx_word' id='word_1_179' title='bbox 894 2322 927 2384; x_wconf 88' lang='lat' dir='ltr'><strong>et</strong></span> <span class='ocrx_word' id='word_1_180' title='bbox 946 2319 1081 2383; x_wconf 84' lang='lat' dir='ltr'><strong>referret</strong></span> <span class='ocrx_word' id='word_1_181' title='bbox 1102 2322 1135 2384; x_wconf 90' lang='lat' dir='ltr'><strong>et</strong></span> <span class='ocrx_word' id='word_1_182' title='bbox 1156 2323 1302 2403; x_wconf 89' lang='lat' dir='ltr'><strong>posceret</strong></span> <span class='ocrx_word' id='word_1_183' title='bbox 1323 2324 1449 2406; x_wconf 66' lang='lat' dir='ltr'><strong>aposta</strong></span> 
     </span>
     <span class='ocr_line' id='line_1_23' title="bbox 182 2421 1450 2509; baseline 0.001 -19"><span class='ocrx_word' id='word_1_184' title='bbox 182 2423 292 2509; x_wconf 78' lang='grc'><strong>110011)</strong></span> <span class='ocrx_word' id='word_1_185' title='bbox 314 2424 473 2509; x_wconf 89' lang='lat' dir='ltr'><strong>potestate</strong></span> <span class='ocrx_word' id='word_1_186' title='bbox 496 2422 729 2506; x_wconf 86' lang='lat' dir='ltr'><strong>damnandum,</strong></span> <span class='ocrx_word' id='word_1_187' title='bbox 767 2422 812 2486; x_wconf 89' lang='lat' dir='ltr'><strong>sic</strong></span> <span class='ocrx_word' id='word_1_188' title='bbox 841 2427 873 2486; x_wconf 90' lang='lat' dir='ltr'><strong>et</strong></span> <span class='ocrx_word' id='word_1_189' title='bbox 899 2423 934 2485; x_wconf 94' lang='lat' dir='ltr'><strong>in</strong></span> <span class='ocrx_word' id='word_1_190' title='bbox 961 2421 1144 2506; x_wconf 88' lang='lat' dir='ltr'><strong>recipiendo</strong></span> <span class='ocrx_word' id='word_1_191' title='bbox 1171 2421 1300 2487; x_wconf 91' lang='lat' dir='ltr'><strong>modum</strong></span> <span class='ocrx_word' id='word_1_192' title='bbox 1321 2443 1450 2491; x_wconf 76' lang='lat' dir='ltr'><strong>serrare</strong></span> 
     </span>
     <span class='ocr_line' id='line_1_24' title="bbox 183 2518 1449 2612; baseline -0.001 -20"><span class='ocrx_word' id='word_1_193' title='bbox 183 2518 358 2609; x_wconf 69' lang='lat' dir='ltr'><strong>debuisset,</strong></span> <span class='ocrx_word' id='word_1_194' title='bbox 377 2528 413 2590; x_wconf 90' lang='lat' dir='ltr'><strong>ut</strong></span> <span class='ocrx_word' id='word_1_195' title='bbox 433 2525 619 2609; x_wconf 88' lang='lat' dir='ltr'><strong>priusquam</strong></span> <span class='ocrx_word' id='word_1_196' title='bbox 641 2546 675 2589; x_wconf 90' lang='lat' dir='ltr'><strong>se</strong></span> <span class='ocrx_word' id='word_1_197' title='bbox 697 2525 725 2589; x_wconf 90' lang='lat' dir='ltr'><strong>ei</strong></span> <span class='ocrx_word' id='word_1_198' title='bbox 749 2525 971 2589; x_wconf 89' lang='lat' dir='ltr'><strong>communione</strong></span> <span class='ocrx_word' id='word_1_199' title='bbox 985 2525 1144 2608; x_wconf 88' lang='lat' dir='ltr'><strong>misceret,</strong></span> <span class='ocrx_word' id='word_1_200' title='bbox 1167 2545 1225 2609; x_wconf 86' lang='lat' dir='ltr'><strong>per</strong></span> <span class='ocrx_word' id='word_1_201' title='bbox 1246 2524 1354 2591; x_wconf 86' lang='lat' dir='ltr'><strong>sedem</strong></span> <span class='ocrx_word' id='word_1_202' title='bbox 1376 2548 1449 2612; x_wconf 84' lang='lat' dir='ltr'><strong>apo</strong></span> 
     </span>
     <span class='ocr_line' id='line_1_25' title="bbox 182 2625 1449 2714; baseline 0.002 -21"><span class='ocrx_word' id='word_1_203' title='bbox 182 2628 330 2694; x_wconf 83' lang='lat' dir='ltr'><strong>stolicam</strong></span> <span class='ocrx_word' id='word_1_204' title='bbox 350 2629 496 2713; x_wconf 89' lang='lat' dir='ltr'><strong>posceret</strong></span> <span class='ocrx_word' id='word_1_205' title='bbox 518 2627 693 2692; x_wconf 87' lang='lat' dir='ltr'><strong>examinari</strong></span> <span class='ocrx_word' id='word_1_206' title='bbox 716 2650 787 2692; x_wconf 92' lang='lat' dir='ltr'><strong>eum</strong></span> <span class='ocrx_word' id='word_1_207' title='bbox 809 2629 842 2691; x_wconf 89' lang='lat' dir='ltr'><strong>et</strong></span> <span class='ocrx_word' id='word_1_208' title='bbox 863 2625 1010 2712; x_wconf 89' lang='lat' dir='ltr'><strong>legitima</strong></span> <span class='ocrx_word' id='word_1_209' title='bbox 1031 2627 1156 2691; x_wconf 88' lang='lat' dir='ltr'><strong>ratione</strong></span> <span class='ocrx_word' id='word_1_210' title='bbox 1177 2627 1326 2712; x_wconf 86' lang='lat' dir='ltr'><strong>purgari:</strong></span> <span class='ocrx_word' id='word_1_211' title='bbox 1350 2650 1449 2714; x_wconf 72' lang='lat' dir='ltr'><strong>qu-</strong></span> 
     </span>
     <span class='ocr_line' id='line_1_26' title="bbox 182 2728 1449 2814; baseline 0 -17"><span class='ocrx_word' id='word_1_212' title='bbox 182 2753 243 2797; x_wconf 92' lang='lat' dir='ltr'><strong>nec</strong></span> <span class='ocrx_word' id='word_1_213' title='bbox 265 2729 471 2795; x_wconf 88' lang='lat' dir='ltr'><strong>examinandi</strong></span> <span class='ocrx_word' id='word_1_214' title='bbox 493 2731 550 2793; x_wconf 89' lang='lat' dir='ltr'><strong>aut</strong></span> <span class='ocrx_word' id='word_1_215' title='bbox 570 2729 746 2814; x_wconf 90' lang='lat' dir='ltr'><strong>recipiendi</strong></span> <span class='ocrx_word' id='word_1_216' title='bbox 768 2751 840 2800; x_wconf 87' lang='lat' dir='ltr'><strong>eum</strong></span> <span class='ocrx_word' id='word_1_217' title='bbox 862 2729 995 2794; x_wconf 91' lang='lat' dir='ltr'><strong>haberet</strong></span> <span class='ocrx_word' id='word_1_218' title='bbox 1010 2730 1080 2814; x_wconf 91' lang='lat' dir='ltr'><strong>ipse</strong></span> <span class='ocrx_word' id='word_1_219' title='bbox 1094 2728 1305 2813; x_wconf 87' lang='lat' dir='ltr'><strong>pontificium,</strong></span> <span class='ocrx_word' id='word_1_220' title='bbox 1328 2733 1364 2796; x_wconf 88' lang='lat' dir='ltr'><strong>et</strong></span> <span class='ocrx_word' id='word_1_221' title='bbox 1382 2752 1449 2797; x_wconf 76' lang='lat' dir='ltr'><strong>nm</strong></span> 
     </span>
     <span class='ocr_line' id='line_1_27' title="bbox 182 2831 1447 2918; baseline 0 -19"><span class='ocrx_word' id='word_1_222' title='bbox 182 2834 246 2899; x_wconf 90' lang='lat' dir='ltr'><strong>nisi</strong></span> <span class='ocrx_word' id='word_1_223' title='bbox 268 2854 325 2917; x_wconf 90' lang='lat' dir='ltr'><strong>per</strong></span> <span class='ocrx_word' id='word_1_224' title='bbox 347 2832 433 2896; x_wconf 92' lang='lat' dir='ltr'><strong>illius</strong></span> <span class='ocrx_word' id='word_1_225' title='bbox 456 2831 539 2896; x_wconf 89' lang='lat' dir='ltr'><strong>sedis</strong></span> <span class='ocrx_word' id='word_1_226' title='bbox 562 2832 785 2897; x_wconf 83' lang='lat' dir='ltr'><strong>auctoritatem</strong></span> <span class='ocrx_word' id='word_1_227' title='bbox 813 2852 1064 2918; x_wconf 88' lang='lat' dir='ltr'><strong>consensumque</strong></span> <span class='ocrx_word' id='word_1_228' title='bbox 1091 2831 1152 2896; x_wconf 93' lang='lat' dir='ltr'><strong>hoc</strong></span> <span class='ocrx_word' id='word_1_229' title='bbox 1173 2834 1283 2916; x_wconf 87' lang='lat' dir='ltr'><strong>posset</strong></span> <span class='ocrx_word' id='word_1_230' title='bbox 1303 2832 1447 2918; x_wconf 81' lang='lat' dir='ltr'><strong>implere,</strong></span> 
     </span>
     <span class='ocr_line' id='line_1_28' title="bbox 183 2933 1448 3021; baseline 0 -20"><span class='ocrx_word' id='word_1_231' title='bbox 183 2937 216 3001; x_wconf 91' lang='lat' dir='ltr'><strong>et</strong></span> <span class='ocrx_word' id='word_1_232' title='bbox 223 2935 262 3019; x_wconf 80' lang='grc'><strong>31)</strong></span> <span class='ocrx_word' id='word_1_233' title='bbox 285 2935 354 3000; x_wconf 92' lang='lat' dir='ltr'><strong>sine</strong></span> <span class='ocrx_word' id='word_1_234' title='bbox 377 2934 466 3018; x_wconf 87' lang='lat' dir='ltr'><strong>cujus</strong></span> <span class='ocrx_word' id='word_1_235' title='bbox 489 2934 680 3000; x_wconf 84' lang='lat' dir='ltr'><strong>auctoritate</strong></span> <span class='ocrx_word' id='word_1_236' title='bbox 703 2956 776 2999; x_wconf 91' lang='lat' dir='ltr'><strong>eum</strong></span> <span class='ocrx_word' id='word_1_237' title='bbox 790 2954 857 2999; x_wconf 91' lang='lat' dir='ltr'><strong>non</strong></span> <span class='ocrx_word' id='word_1_238' title='bbox 871 2936 1020 3019; x_wconf 89' lang='lat' dir='ltr'><strong>potuerat</strong></span> <span class='ocrx_word' id='word_1_239' title='bbox 1037 2935 1106 3019; x_wconf 90' lang='lat' dir='ltr'><strong>ipse</strong></span> <span class='ocrx_word' id='word_1_240' title='bbox 1121 2933 1286 3019; x_wconf 89' lang='lat' dir='ltr'><strong>damnare,</strong></span> <span class='ocrx_word' id='word_1_241' title='bbox 1310 2938 1345 3000; x_wconf 88' lang='lat' dir='ltr'><strong>et</strong></span> <span class='ocrx_word' id='word_1_242' title='bbox 1359 2935 1448 3021; x_wconf 73' lang='lat' dir='ltr'><strong>cnjus</strong></span> 
     </span>
    </p>
   </div>
   <div class='ocr_carea' id='block_1_3' title="bbox 182 3154 1448 4760">
    <p class='ocr_par' dir='ltr' id='par_1_4' title="bbox 183 3154 1447 3310">
     <span class='ocr_line' id='line_1_29' title="bbox 184 3154 1447 3226; baseline 0.001 -15"><span class='ocrx_word' id='word_1_243' title='bbox 184 3163 233 3211; x_wconf 78' lang='lat' dir='ltr'><strong>nisi</strong></span> <span class='ocrx_word' id='word_1_244' title='bbox 251 3164 338 3226; x_wconf 76' lang='lat' dir='ltr'><strong>petita</strong></span> <span class='ocrx_word' id='word_1_245' title='bbox 350 3162 420 3211; x_wconf 80' lang='lat' dir='ltr'><strong>seclia</strong></span> <span class='ocrx_word' id='word_1_246' title='bbox 441 3162 597 3225; x_wconf 72' lang='lat' dir='ltr'><strong>apostoticae</strong></span> <span class='ocrx_word' id='word_1_247' title='bbox 618 3161 810 3224; x_wconf 65' lang='lat' dir='ltr'><strong>praespiciens,</strong></span> <span class='ocrx_word' id='word_1_248' title='bbox 833 3157 932 3225; x_wconf 82' lang='lat' dir='ltr'><strong>utpote</strong></span> <span class='ocrx_word' id='word_1_249' title='bbox 953 3160 1008 3209; x_wconf 63' lang='lat' dir='ltr'><strong>scire</strong></span> <span class='ocrx_word' id='word_1_250' title='bbox 1029 3160 1104 3222; x_wconf 72' lang='lat' dir='ltr'><strong>arjm</strong></span> <span class='ocrx_word' id='word_1_251' title='bbox 1125 3159 1293 3222; x_wconf 73' lang='lat' dir='ltr'><strong>auctoritate,</strong></span> <span class='ocrx_word' id='word_1_252' title='bbox 1315 3154 1447 3224; x_wconf 68' lang='lat' dir='ltr'><strong>quemad·</strong></span> 
     </span>
     <span class='ocr_line' id='line_1_30' title="bbox 183 3239 1251 3310; baseline 0.002 -15"><span class='ocrx_word' id='word_1_253' title='bbox 183 3242 296 3296; x_wconf 89' lang='lat' dir='ltr'><strong>modum</strong></span> <span class='ocrx_word' id='word_1_254' title='bbox 313 3241 388 3296; x_wconf 82' lang='lat' dir='ltr'><strong>infra</strong></span> <span class='ocrx_word' id='word_1_255' title='bbox 404 3248 460 3295; x_wconf 75' lang='lat' dir='ltr'><strong>nt</strong></span> <span class='ocrx_word' id='word_1_256' title='bbox 478 3240 591 3307; x_wconf 73' lang='lat' dir='ltr'><strong>dicitur,</strong></span> <span class='ocrx_word' id='word_1_257' title='bbox 609 3256 672 3294; x_wconf 89' lang='lat' dir='ltr'><strong>eum</strong></span> <span class='ocrx_word' id='word_1_258' title='bbox 690 3239 825 3309; x_wconf 86' lang='lat' dir='ltr'><strong>(Petrum)</strong></span> <span class='ocrx_word' id='word_1_259' title='bbox 843 3259 893 3295; x_wconf 81' lang='lat' dir='ltr'><strong>noa</strong></span> <span class='ocrx_word' id='word_1_260' title='bbox 908 3251 1031 3309; x_wconf 71' lang='lat' dir='ltr'><strong>poemat</strong></span> <span class='ocrx_word' id='word_1_261' title='bbox 1047 3245 1103 3310; x_wconf 80' lang='lat' dir='ltr'><strong>ipse</strong></span> <span class='ocrx_word' id='word_1_262' title='bbox 1121 3246 1251 3298; x_wconf 74' lang='lat' dir='ltr'><strong>dmaore.</strong></span> 
     </span>
    </p>

    <p class='ocr_par' dir='ltr' id='par_1_5' title="bbox 182 3325 1447 3474">
     <span class='ocr_line' id='line_1_31' title="bbox 250 3325 1447 3396; baseline 0.003 -17"><span class='ocrx_word' id='word_1_263' title='bbox 250 3328 283 3395; x_wconf 87' lang='grc'><strong>11)</strong></span> <span class='ocrx_word' id='word_1_264' title='bbox 300 3326 336 3379; x_wconf 81' lang='grc'><strong>111</strong></span> <span class='ocrx_word' id='word_1_265' title='bbox 355 3330 438 3391; x_wconf 82' lang='lat' dir='ltr'><strong>Quod,</strong></span> <span class='ocrx_word' id='word_1_266' title='bbox 457 3327 491 3380; x_wconf 86' lang='lat'><strong>0¹</strong></span> <span class='ocrx_word' id='word_1_267' title='bbox 504 3328 530 3381; x_wconf 91' lang='grc'><strong>01</strong></span> <span class='ocrx_word' id='word_1_268' title='bbox 548 3331 608 3396; x_wconf 81' lang='lat' dir='ltr'><strong>qaia</strong></span> <span class='ocrx_word' id='word_1_269' title='bbox 621 3331 775 3394; x_wconf 59' lang='lat' dir='ltr'><strong>regulariter</strong></span> <span class='ocrx_word' id='word_1_270' title='bbox 786 3330 911 3391; x_wconf 74' lang='lat' dir='ltr'><strong>constitit,</strong></span> <span class='ocrx_word' id='word_1_271' title='bbox 931 3341 1051 3395; x_wconf 88' lang='lat' dir='ltr'><strong>moxque</strong></span> <span class='ocrx_word' id='word_1_272' title='bbox 1063 3325 1092 3380; x_wconf 88' lang='lat' dir='ltr'><strong>d¹</strong></span> <span class='ocrx_word' id='word_1_273' title='bbox 1105 3345 1177 3396; x_wconf 77' lang='lat' dir='ltr'><strong>quera</strong></span> <span class='ocrx_word' id='word_1_274' title='bbox 1192 3336 1328 3396; x_wconf 66' lang='lat' dir='ltr'><strong>matu</strong></span> <span class='ocrx_word' id='word_1_275' title='bbox 1345 3332 1372 3382; x_wconf 78' lang='lat' dir='ltr'><strong>ta</strong></span> <span class='ocrx_word' id='word_1_276' title='bbox 1382 3346 1447 3383; x_wconf 72' lang='lat' dir='ltr'><strong>cou-</strong></span> 
     </span>
     <span class='ocr_line' id='line_1_32' title="bbox 182 3402 1061 3474; baseline -0.002 -10"><span class='ocrx_word' id='word_1_277' title='bbox 182 3417 326 3474; x_wconf 77' lang='lat' dir='ltr'><strong>murriomr,</strong></span> <span class='ocrx_word' id='word_1_278' title='bbox 344 3410 380 3464; x_wconf 83' lang='grc'><strong>111</strong></span> <span class='ocrx_word' id='word_1_279' title='bbox 396 3415 594 3466; x_wconf 67' lang='lat' dir='ltr'><strong>coronatorem.</strong></span> <span class='ocrx_word' id='word_1_280' title='bbox 1055 3402 1061 3413; x_wconf 63' lang='grc'><em>’</em></span> 
     </span>
    </p>

    <p class='ocr_par' dir='ltr' id='par_1_6' title="bbox 183 3494 1446 3644">
     <span class='ocr_line' id='line_1_33' title="bbox 249 3494 1446 3568; baseline 0.003 -18"><span class='ocrx_word' id='word_1_281' title='bbox 249 3498 282 3565; x_wconf 89' lang='grc'><strong>11)</strong></span> <span class='ocrx_word' id='word_1_282' title='bbox 300 3496 344 3550; x_wconf 88' lang='lat' dir='ltr'><strong>Ita</strong></span> <span class='ocrx_word' id='word_1_283' title='bbox 361 3497 388 3551; x_wconf 87' lang='grc'><strong>01</strong></span> <span class='ocrx_word' id='word_1_284' title='bbox 400 3499 426 3550; x_wconf 85' lang='grc'><strong>01</strong></span> <span class='ocrx_word' id='word_1_285' title='bbox 438 3495 479 3562; x_wconf 81' lang='lat' dir='ltr'><strong>d²;</strong></span> <span class='ocrx_word' id='word_1_286' title='bbox 496 3496 532 3550; x_wconf 68' lang='lat' dir='ltr'><strong>Fd</strong></span> <span class='ocrx_word' id='word_1_287' title='bbox 543 3494 584 3549; x_wconf 77' lang='grc'><strong>1111</strong></span> <span class='ocrx_word' id='word_1_288' title='bbox 597 3495 631 3549; x_wconf 95' lang='grc'><strong>01</strong></span> <span class='ocrx_word' id='word_1_289' title='bbox 650 3515 696 3550; x_wconf 81' lang='lat' dir='ltr'><strong>nec</strong></span> <span class='ocrx_word' id='word_1_290' title='bbox 713 3516 763 3550; x_wconf 80' lang='lat' dir='ltr'><strong>ron</strong></span> <span class='ocrx_word' id='word_1_291' title='bbox 779 3502 871 3558; x_wconf 70' lang='lat' dir='ltr'><strong>solur,</strong></span> <span class='ocrx_word' id='word_1_292' title='bbox 890 3496 925 3551; x_wconf 85' lang='grc'><strong>01</strong></span> <span class='ocrx_word' id='word_1_293' title='bbox 936 3516 983 3552; x_wconf 80' lang='lat' dir='ltr'><strong>nec</strong></span> <span class='ocrx_word' id='word_1_294' title='bbox 993 3502 1079 3552; x_wconf 60' lang='lat' dir='ltr'><strong>aare.</strong></span> <span class='ocrx_word' id='word_1_295' title='bbox 1107 3500 1226 3565; x_wconf 82' lang='lat' dir='ltr'><strong>Moxque</strong></span> <span class='ocrx_word' id='word_1_296' title='bbox 1238 3495 1276 3551; x_wconf 83' lang='grc'><strong>111</strong></span> <span class='ocrx_word' id='word_1_297' title='bbox 1292 3516 1344 3568; x_wconf 76' lang='lat' dir='ltr'><strong>quo</strong></span> <span class='ocrx_word' id='word_1_298' title='bbox 1361 3509 1388 3553; x_wconf 73' lang='lat' dir='ltr'><strong>et</strong></span> <span class='ocrx_word' id='word_1_299' title='bbox 1401 3503 1446 3561; x_wconf 73' lang='lat' dir='ltr'><strong>tte.</strong></span> 
     </span>
     <span class='ocr_line' id='line_1_34' title="bbox 183 3579 1119 3644; baseline -0.002 -8"><span class='ocrx_word' id='word_1_300' title='bbox 183 3580 313 3636; x_wconf 64' lang='grc'><strong>1111111111</strong></span> <span class='ocrx_word' id='word_1_301' title='bbox 330 3581 463 3636; x_wconf 88' lang='lat' dir='ltr'><strong>omittunt</strong></span> <span class='ocrx_word' id='word_1_302' title='bbox 480 3587 516 3644; x_wconf 79' lang='lat' dir='ltr'><strong>ei,</strong></span> <span class='ocrx_word' id='word_1_303' title='bbox 534 3597 568 3636; x_wconf 85' lang='lat' dir='ltr'><strong>ac</strong></span> <span class='ocrx_word' id='word_1_304' title='bbox 584 3579 685 3635; x_wconf 87' lang='lat' dir='ltr'><strong>deinde</strong></span> <span class='ocrx_word' id='word_1_305' title='bbox 703 3580 737 3635; x_wconf 88' lang='lat'><strong>0¹</strong></span> <span class='ocrx_word' id='word_1_306' title='bbox 751 3580 822 3636; x_wconf 86' lang='grc'><strong>0101</strong></span> <span class='ocrx_word' id='word_1_307' title='bbox 841 3592 866 3637; x_wconf 78' lang='lat' dir='ltr'><strong>et</strong></span> <span class='ocrx_word' id='word_1_308' title='bbox 882 3587 910 3636; x_wconf 78' lang='lat' dir='ltr'><strong>in</strong></span> <span class='ocrx_word' id='word_1_309' title='bbox 927 3586 1119 3637; x_wconf 65' lang='lat' dir='ltr'><strong>hammonem.</strong></span> 
     </span>
    </p>

    <p class='ocr_par' dir='ltr' id='par_1_7' title="bbox 183 3665 1448 4062">
     <span class='ocr_line' id='line_1_35' title="bbox 250 3665 1447 3736; baseline 0.004 -16"><span class='ocrx_word' id='word_1_310' title='bbox 250 3668 283 3736; x_wconf 83' lang='grc'><strong>11)</strong></span> <span class='ocrx_word' id='word_1_311' title='bbox 302 3665 330 3720; x_wconf 87' lang='lat' dir='ltr'><strong>d¹</strong></span> <span class='ocrx_word' id='word_1_312' title='bbox 349 3671 428 3721; x_wconf 76' lang='lat' dir='ltr'><strong>Petro</strong></span> <span class='ocrx_word' id='word_1_313' title='bbox 501 3687 550 3722; x_wconf 80' lang='lat' dir='ltr'><strong>noa</strong></span> <span class='ocrx_word' id='word_1_314' title='bbox 567 3670 686 3736; x_wconf 77' lang='lat' dir='ltr'><strong>praedato</strong></span> <span class='ocrx_word' id='word_1_315' title='bbox 704 3672 803 3721; x_wconf 72' lang='lat' dir='ltr'><strong>ordim.</strong></span> <span class='ocrx_word' id='word_1_316' title='bbox 838 3668 936 3722; x_wconf 77' lang='lat' dir='ltr'><strong>Petrus</strong></span> <span class='ocrx_word' id='word_1_317' title='bbox 954 3668 1048 3723; x_wconf 79' lang='lat' dir='ltr'><strong>autem</strong></span> <span class='ocrx_word' id='word_1_318' title='bbox 1066 3683 1129 3721; x_wconf 85' lang='lat' dir='ltr'><strong>cum</strong></span> <span class='ocrx_word' id='word_1_319' title='bbox 1146 3666 1327 3736; x_wconf 73' lang='lat' dir='ltr'><strong>Eutychiani·</strong></span> <span class='ocrx_word' id='word_1_320' title='bbox 1343 3668 1374 3723; x_wconf 73' lang='lat' dir='ltr'><strong>et</strong></span> <span class='ocrx_word' id='word_1_321' title='bbox 1388 3667 1447 3725; x_wconf 77' lang='grc'><strong>011·</strong></span> 
     </span>
     <span class='ocr_line' id='line_1_36' title="bbox 183 3740 1447 3823; baseline 0.001 -16"><span class='ocrx_word' id='word_1_322' title='bbox 183 3752 386 3807; x_wconf 87' lang='lat' dir='ltr'><strong>chedonensem</strong></span> <span class='ocrx_word' id='word_1_323' title='bbox 401 3751 536 3822; x_wconf 86' lang='lat' dir='ltr'><strong>synodum</strong></span> <span class='ocrx_word' id='word_1_324' title='bbox 554 3753 604 3807; x_wconf 88' lang='lat' dir='ltr'><strong>aut</strong></span> <span class='ocrx_word' id='word_1_325' title='bbox 619 3750 719 3806; x_wconf 89' lang='lat' dir='ltr'><strong>Leonis</strong></span> <span class='ocrx_word' id='word_1_326' title='bbox 730 3740 882 3822; x_wconf 51' lang='lat' dir='ltr'><strong>‘epistolam</strong></span> <span class='ocrx_word' id='word_1_327' title='bbox 898 3753 1091 3822; x_wconf 88' lang='lat' dir='ltr'><strong>respuentibus</strong></span> <span class='ocrx_word' id='word_1_328' title='bbox 1108 3752 1345 3819; x_wconf 81' lang='lat' dir='ltr'><strong>communicabat,</strong></span> <span class='ocrx_word' id='word_1_329' title='bbox 1363 3769 1447 3823; x_wconf 77' lang='lat' dir='ltr'><strong>quun</strong></span> 
     </span>
     <span class='ocr_line' id='line_1_37' title="bbox 183 3835 1447 3906; baseline 0.002 -14"><span class='ocrx_word' id='word_1_330' title='bbox 183 3836 298 3892; x_wconf 83' lang='lat' dir='ltr'><strong>Aeacius</strong></span> <span class='ocrx_word' id='word_1_331' title='bbox 315 3837 414 3892; x_wconf 85' lang='lat' dir='ltr'><strong>saltem</strong></span> <span class='ocrx_word' id='word_1_332' title='bbox 426 3837 455 3890; x_wconf 90' lang='lat' dir='ltr'><strong>in</strong></span> <span class='ocrx_word' id='word_1_333' title='bbox 466 3835 588 3906; x_wconf 87' lang='lat' dir='ltr'><strong>speciem</strong></span> <span class='ocrx_word' id='word_1_334' title='bbox 601 3837 700 3891; x_wconf 91' lang='lat' dir='ltr'><strong>horum</strong></span> <span class='ocrx_word' id='word_1_335' title='bbox 711 3836 933 3892; x_wconf 87' lang='lat' dir='ltr'><strong>communionem</strong></span> <span class='ocrx_word' id='word_1_336' title='bbox 945 3837 1067 3892; x_wconf 84' lang='lat' dir='ltr'><strong>aversari</strong></span> <span class='ocrx_word' id='word_1_337' title='bbox 1078 3837 1227 3892; x_wconf 88' lang='lat' dir='ltr'><strong>videretur.</strong></span> <span class='ocrx_word' id='word_1_338' title='bbox 1253 3837 1370 3893; x_wconf 83' lang='lat' dir='ltr'><strong>Patnrm</strong></span> <span class='ocrx_word' id='word_1_339' title='bbox 1381 3853 1447 3895; x_wconf 78' lang='lat' dir='ltr'><strong>raro</strong></span> 
     </span>
     <span class='ocr_line' id='line_1_38' title="bbox 183 3921 1448 3995; baseline 0.002 -19"><span class='ocrx_word' id='word_1_340' title='bbox 183 3922 259 3978; x_wconf 86' lang='lat' dir='ltr'><strong>nulla</strong></span> <span class='ocrx_word' id='word_1_341' title='bbox 269 3921 377 3977; x_wconf 88' lang='lat' dir='ltr'><strong>ratione</strong></span> <span class='ocrx_word' id='word_1_342' title='bbox 389 3923 529 3976; x_wconf 86' lang='lat' dir='ltr'><strong>mutatum</strong></span> <span class='ocrx_word' id='word_1_343' title='bbox 545 3921 642 3989; x_wconf 83' lang='lat' dir='ltr'><strong>fuisse,</strong></span> <span class='ocrx_word' id='word_1_344' title='bbox 660 3923 857 3978; x_wconf 84' lang='lat' dir='ltr'><strong>confirmarunt</strong></span> <span class='ocrx_word' id='word_1_345' title='bbox 872 3922 946 3977; x_wconf 87' lang='lat' dir='ltr'><strong>illius</strong></span> <span class='ocrx_word' id='word_1_346' title='bbox 957 3922 993 3977; x_wconf 86' lang='lat' dir='ltr'><strong>ad</strong></span> <span class='ocrx_word' id='word_1_347' title='bbox 1006 3922 1143 3979; x_wconf 79' lang='lat' dir='ltr'><strong>Flaritam</strong></span> <span class='ocrx_word' id='word_1_348' title='bbox 1153 3922 1264 3978; x_wconf 81' lang='lat' dir='ltr'><strong>litterae</strong></span> <span class='ocrx_word' id='word_1_349' title='bbox 1276 3923 1314 3979; x_wconf 75' lang='lat' dir='ltr'><strong>ab</strong></span> <span class='ocrx_word' id='word_1_350' title='bbox 1326 3921 1448 3995; x_wconf 72' lang='lat' dir='ltr'><strong>Evagrio</strong></span> 
     </span>
     <span class='ocr_line' id='line_1_39' title="bbox 183 4007 544 4062; baseline -0.006 0"><span class='ocrx_word' id='word_1_351' title='bbox 183 4007 260 4062; x_wconf 73' lang='lat' dir='ltr'><strong>liba</strong></span> <span class='ocrx_word' id='word_1_352' title='bbox 278 4024 300 4062; x_wconf 92' lang='lat' dir='ltr'><strong>c.</strong></span> <span class='ocrx_word' id='word_1_353' title='bbox 314 4014 348 4062; x_wconf 77' lang='grc'><strong>23</strong></span> <span class='ocrx_word' id='word_1_354' title='bbox 365 4014 544 4061; x_wconf 84' lang='lat' dir='ltr'><strong>memoratae.</strong></span> 
     </span>
    </p>

    <p class='ocr_par' dir='ltr' id='par_1_8' title="bbox 249 4091 1042 4163">
     <span class='ocr_line' id='line_1_40' title="bbox 249 4091 1042 4163; baseline 0.003 -17"><span class='ocrx_word' id='word_1_355' title='bbox 249 4094 282 4159; x_wconf 84' lang='lat'><strong>⁸⁰)</strong></span> <span class='ocrx_word' id='word_1_356' title='bbox 301 4091 420 4146; x_wconf 92' lang='grc'><strong>010101</strong></span> <span class='ocrx_word' id='word_1_357' title='bbox 438 4097 574 4155; x_wconf 67' lang='lat' dir='ltr'><strong>licentiata,</strong></span> <span class='ocrx_word' id='word_1_358' title='bbox 593 4109 712 4163; x_wconf 83' lang='lat' dir='ltr'><strong>moxque</strong></span> <span class='ocrx_word' id='word_1_359' title='bbox 730 4093 915 4163; x_wconf 58' lang='grc'><strong>0101010011.</strong></span> <span class='ocrx_word' id='word_1_360' title='bbox 933 4099 1042 4162; x_wconf 73' lang='lat' dir='ltr'><strong>madri.</strong></span> 
     </span>
    </p>

    <p class='ocr_par' dir='ltr' id='par_1_9' title="bbox 184 4177 1445 4502">
     <span class='ocr_line' id='line_1_41' title="bbox 251 4177 1445 4250; baseline 0.005 -19"><span class='ocrx_word' id='word_1_361' title='bbox 251 4180 283 4245; x_wconf 85' lang='lat'><strong>³¹)</strong></span> <span class='ocrx_word' id='word_1_362' title='bbox 301 4177 330 4232; x_wconf 86' lang='lat' dir='ltr'><strong>d¹</strong></span> <span class='ocrx_word' id='word_1_363' title='bbox 349 4183 509 4247; x_wconf 75' lang='lat' dir='ltr'><strong>purgatione.</strong></span> <span class='ocrx_word' id='word_1_364' title='bbox 546 4178 618 4233; x_wconf 88' lang='lat' dir='ltr'><strong>Tum</strong></span> <span class='ocrx_word' id='word_1_365' title='bbox 640 4181 665 4233; x_wconf 83' lang='grc'><strong>01</strong></span> <span class='ocrx_word' id='word_1_366' title='bbox 682 4195 758 4246; x_wconf 84' lang='lat' dir='ltr'><strong>seqq.</strong></span> <span class='ocrx_word' id='word_1_367' title='bbox 778 4199 809 4234; x_wconf 81' lang='lat' dir='ltr'><strong>ne</strong></span> <span class='ocrx_word' id='word_1_368' title='bbox 831 4183 961 4234; x_wconf 65' lang='lat' dir='ltr'><strong>rideretur</strong></span> <span class='ocrx_word' id='word_1_369' title='bbox 985 4187 1064 4246; x_wconf 68' lang='lat' dir='ltr'><strong>napis</strong></span> <span class='ocrx_word' id='word_1_370' title='bbox 1085 4199 1158 4250; x_wconf 70' lang='lat' dir='ltr'><strong>quan</strong></span> <span class='ocrx_word' id='word_1_371' title='bbox 1179 4177 1339 4248; x_wconf 74' lang='lat' dir='ltr'><strong>(sequentia</strong></span> <span class='ocrx_word' id='word_1_372' title='bbox 1360 4178 1445 4237; x_wconf 62' lang='lat' dir='ltr'><strong>affin</strong></span> 
     </span>
     <span class='ocr_line' id='line_1_42' title="bbox 184 4262 1440 4336; baseline 0.002 -20"><span class='ocrx_word' id='word_1_373' title='bbox 184 4263 229 4329; x_wconf 85' lang='grc'><strong>111)</strong></span> <span class='ocrx_word' id='word_1_374' title='bbox 246 4273 336 4332; x_wconf 75' lang='lat' dir='ltr'><strong>posset</strong></span> <span class='ocrx_word' id='word_1_375' title='bbox 346 4267 411 4330; x_wconf 73' lang='lat' dir='ltr'><strong>jere</strong></span> <span class='ocrx_word' id='word_1_376' title='bbox 426 4282 549 4332; x_wconf 70' lang='lat' dir='ltr'><strong>mare.</strong></span> <span class='ocrx_word' id='word_1_377' title='bbox 582 4262 729 4333; x_wconf 83' lang='lat' dir='ltr'><strong>Sequimur</strong></span> <span class='ocrx_word' id='word_1_378' title='bbox 746 4282 809 4318; x_wconf 88' lang='lat' dir='ltr'><strong>msa.</strong></span> <span class='ocrx_word' id='word_1_379' title='bbox 822 4263 904 4317; x_wconf 80' lang='grc'><strong>111111</strong></span> <span class='ocrx_word' id='word_1_380' title='bbox 915 4263 956 4317; x_wconf 76' lang='lat' dir='ltr'><strong>F·</strong></span> <span class='ocrx_word' id='word_1_381' title='bbox 968 4263 1052 4318; x_wconf 86' lang='grc'><strong>11101</strong></span> <span class='ocrx_word' id='word_1_382' title='bbox 1065 4264 1137 4319; x_wconf 93' lang='grc'><strong>0101</strong></span> <span class='ocrx_word' id='word_1_383' title='bbox 1150 4263 1179 4318; x_wconf 80' lang='grc'><strong>(11</strong></span> <span class='ocrx_word' id='word_1_384' title='bbox 1192 4263 1222 4318; x_wconf 84' lang='grc'><strong>(11</strong></span> <span class='ocrx_word' id='word_1_385' title='bbox 1239 4264 1276 4330; x_wconf 90' lang='grc'><strong>(01</strong></span> <span class='ocrx_word' id='word_1_386' title='bbox 1287 4270 1440 4336; x_wconf 64' lang='lat' dir='ltr'><strong>preroga)</strong></span> 
     </span>
     <span class='ocr_line' id='line_1_43' title="bbox 184 4347 1426 4502; baseline 0 -99"><span class='ocrx_word' id='word_1_387' title='bbox 184 4350 213 4404; x_wconf 85' lang='lat' dir='ltr'><strong>ct</strong></span> <span class='ocrx_word' id='word_1_388' title='bbox 229 4364 346 4502; x_wconf 49' lang='lat' dir='ltr'><strong>pigrius:</strong></span> <span class='ocrx_word' id='word_1_389' title='bbox 360 4347 654 4488; x_wconf 51' lang='lat' dir='ltr'><strong>pmfflpfffi’</strong></span> <span class='ocrx_word' id='word_1_390' title='bbox 672 4349 764 4487; x_wconf 71' lang='lat' dir='ltr'><strong>siOpro</strong></span> <span class='ocrx_word' id='word_1_391' title='bbox 779 4355 829 4488; x_wconf 53' lang='lat' dir='ltr'><strong>:qd</strong></span> <span class='ocrx_word' id='word_1_392' title='bbox 844 4349 985 4490; x_wconf 58' lang='lat' dir='ltr'><strong>logporlqctur</strong></span> <span class='ocrx_word' id='word_1_393' title='bbox 1001 4355 1098 4404; x_wconf 71' lang='lat' dir='ltr'><strong>scilieet</strong></span> <span class='ocrx_word' id='word_1_394' title='bbox 1113 4348 1162 4488; x_wconf 65' lang='lat' dir='ltr'><strong>apli¹</strong></span> <span class='ocrx_word' id='word_1_395' title='bbox 1173 4348 1316 4489; x_wconf 54' lang='lat' dir='ltr'><strong>mm</strong></span> <span class='ocrx_word' id='word_1_396' title='bbox 1347 4432 1426 4491; x_wconf 52' lang='lat' dir='ltr'><strong><em>w</em></strong></span> 
     </span>
    </p>

    <p class='ocr_par' dir='ltr' id='par_1_10' title="bbox 183 4450 1328 4589">
     <span class='ocr_line' id='line_1_44' title="bbox 363 4450 1328 4503; baseline 0.003 -17"><span class='ocrx_word' id='word_1_397' title='bbox 363 4450 426 4487; x_wconf 90' lang='lat' dir='ltr'><strong>mss.</strong></span> <span class='ocrx_word' id='word_1_398' title='bbox 650 4477 655 4487; x_wconf 91' lang='lat'><em>.</em></span> <span class='ocrx_word' id='word_1_399' title='bbox 727 4451 762 4488; x_wconf 88' lang='lat' dir='ltr'><strong>cc</strong></span> <span class='ocrx_word' id='word_1_400' title='bbox 829 4453 894 4503; x_wconf 81' lang='lat' dir='ltr'><strong>apos</strong></span> <span class='ocrx_word' id='word_1_401' title='bbox 955 4455 984 4498; x_wconf 81' lang='lat' dir='ltr'><strong>a,</strong></span> <span class='ocrx_word' id='word_1_402' title='bbox 1002 4451 1121 4502; x_wconf 89' lang='lat' dir='ltr'><strong>moxque</strong></span> <span class='ocrx_word' id='word_1_403' title='bbox 1318 4474 1328 4498; x_wconf 90' lang='lat'><strong>,</strong></span> 
     </span>
     <span class='ocr_line' id='line_1_45' title="bbox 183 4516 1058 4589; baseline -0.002 -16"><span class='ocrx_word' id='word_1_404' title='bbox 183 4516 221 4572; x_wconf 81' lang='grc'><strong>111</strong></span> <span class='ocrx_word' id='word_1_405' title='bbox 236 4530 356 4587; x_wconf 78' lang='lat' dir='ltr'><strong>posceret</strong></span> <span class='ocrx_word' id='word_1_406' title='bbox 373 4530 400 4572; x_wconf 77' lang='lat' dir='ltr'><strong>ee</strong></span> <span class='ocrx_word' id='word_1_407' title='bbox 416 4523 574 4585; x_wconf 66' lang='lat' dir='ltr'><strong>mauri,</strong></span> <span class='ocrx_word' id='word_1_408' title='bbox 592 4536 625 4573; x_wconf 85' lang='lat' dir='ltr'><strong>ac</strong></span> <span class='ocrx_word' id='word_1_409' title='bbox 642 4521 740 4588; x_wconf 89' lang='lat' dir='ltr'><strong>postea</strong></span> <span class='ocrx_word' id='word_1_410' title='bbox 756 4518 786 4573; x_wconf 87' lang='lat' dir='ltr'><strong>d¹</strong></span> <span class='ocrx_word' id='word_1_411' title='bbox 799 4518 828 4573; x_wconf 86' lang='lat' dir='ltr'><strong>d²</strong></span> <span class='ocrx_word' id='word_1_412' title='bbox 847 4539 893 4574; x_wconf 80' lang='lat' dir='ltr'><strong>nec</strong></span> <span class='ocrx_word' id='word_1_413' title='bbox 910 4524 1058 4589; x_wconf 79' lang='lat' dir='ltr'><strong>recipiendi.</strong></span> 
     </span>
    </p>

    <p class='ocr_par' dir='ltr' id='par_1_11' title="bbox 251 4603 1407 4674">
     <span class='ocr_line' id='line_1_46' title="bbox 251 4603 1407 4674; baseline 0.003 -17"><span class='ocrx_word' id='word_1_414' title='bbox 251 4605 284 4671; x_wconf 90' lang='grc'><strong>11)</strong></span> <span class='ocrx_word' id='word_1_415' title='bbox 300 4603 345 4658; x_wconf 73' lang='lat' dir='ltr'><strong>la</strong></span> <span class='ocrx_word' id='word_1_416' title='bbox 361 4620 424 4658; x_wconf 85' lang='lat' dir='ltr'><strong>mss.</strong></span> <span class='ocrx_word' id='word_1_417' title='bbox 443 4603 514 4657; x_wconf 78' lang='grc'><strong>11111</strong></span> <span class='ocrx_word' id='word_1_418' title='bbox 525 4603 566 4657; x_wconf 76' lang='lat' dir='ltr'><strong>F·</strong></span> <span class='ocrx_word' id='word_1_419' title='bbox 579 4605 613 4658; x_wconf 93' lang='grc'><strong>01</strong></span> <span class='ocrx_word' id='word_1_420' title='bbox 626 4603 718 4670; x_wconf 83' lang='grc'><strong>01111,</strong></span> <span class='ocrx_word' id='word_1_421' title='bbox 735 4603 803 4659; x_wconf 89' lang='lat' dir='ltr'><strong>editi</strong></span> <span class='ocrx_word' id='word_1_422' title='bbox 821 4603 915 4660; x_wconf 75' lang='lat' dir='ltr'><strong>dolam</strong></span> <span class='ocrx_word' id='word_1_423' title='bbox 931 4617 972 4667; x_wconf 79' lang='lat' dir='ltr'><strong>et,-</strong></span> <span class='ocrx_word' id='word_1_424' title='bbox 989 4620 1109 4674; x_wconf 88' lang='lat' dir='ltr'><strong>moxque</strong></span> <span class='ocrx_word' id='word_1_425' title='bbox 1121 4604 1156 4659; x_wconf 88' lang='grc'><strong>01</strong></span> <span class='ocrx_word' id='word_1_426' title='bbox 1168 4607 1194 4658; x_wconf 94' lang='grc'><strong>01</strong></span> <span class='ocrx_word' id='word_1_427' title='bbox 1208 4615 1329 4674; x_wconf 71' lang='lat' dir='ltr'><strong>potarat.</strong></span> <span class='ocrx_word' id='word_1_428' title='bbox 1348 4604 1407 4661; x_wconf 75' lang='lat' dir='ltr'><strong>cu&#39;r</strong></span> 
     </span>
    </p>

    <p class='ocr_par' dir='ltr' id='par_1_12' title="bbox 183 4686 1370 4760">
     <span class='ocr_line' id='line_1_47' title="bbox 183 4686 1370 4760; baseline 0.008 -20"><span class='ocrx_word' id='word_1_429' title='bbox 183 4686 258 4742; x_wconf 87' lang='lat' dir='ltr'><strong>solus</strong></span> <span class='ocrx_word' id='word_1_430' title='bbox 275 4686 304 4742; x_wconf 88' lang='lat' dir='ltr'><strong>d¹</strong></span> <span class='ocrx_word' id='word_1_431' title='bbox 322 4700 348 4743; x_wconf 77' lang='lat' dir='ltr'><strong>et</strong></span> <span class='ocrx_word' id='word_1_432' title='bbox 365 4694 482 4744; x_wconf 79' lang='lat' dir='ltr'><strong>daarnorr&#39;</strong></span> <span class='ocrx_word' id='word_1_433' title='bbox 498 4695 537 4744; x_wconf 82' lang='lat' dir='ltr'><strong>oet</strong></span> <span class='ocrx_word' id='word_1_434' title='bbox 551 4695 660 4758; x_wconf 77' lang='lat' dir='ltr'><strong>purgari</strong></span> <span class='ocrx_word' id='word_1_435' title='bbox 677 4700 702 4743; x_wconf 77' lang='lat' dir='ltr'><strong>et</strong></span> <span class='ocrx_word' id='word_1_436' title='bbox 719 4695 766 4754; x_wconf 85' lang='lat' dir='ltr'><strong>ud,</strong></span> <span class='ocrx_word' id='word_1_437' title='bbox 784 4690 814 4743; x_wconf 85' lang='lat' dir='ltr'><strong>et</strong></span> <span class='ocrx_word' id='word_1_438' title='bbox 829 4689 913 4759; x_wconf 80' lang='lat' dir='ltr'><strong>paulo</strong></span> <span class='ocrx_word' id='word_1_439' title='bbox 930 4692 994 4760; x_wconf 87' lang='lat' dir='ltr'><strong>post</strong></span> <span class='ocrx_word' id='word_1_440' title='bbox 1011 4707 1073 4744; x_wconf 84' lang='lat' dir='ltr'><strong>mss.</strong></span> <span class='ocrx_word' id='word_1_441' title='bbox 1094 4689 1155 4744; x_wconf 88' lang='grc'><strong>001</strong></span> <span class='ocrx_word' id='word_1_442' title='bbox 1174 4695 1370 4749; x_wconf 58' lang='lat' dir='ltr'><strong>conmenta.</strong></span> 
     </span>
    </p>
   </div>
   <div class='ocr_carea' id='block_1_4' title="bbox 0 0 1731 5678">
    <p class='ocr_par' dir='ltr' id='par_1_13' title="bbox 0 0 1731 5678">
     <span class='ocr_line' id='line_1_48' title="bbox 0 0 1731 5678; baseline 0 0"><span class='ocrx_word' id='word_1_443' title='bbox 0 0 1731 5678; x_wconf 95' lang='lat' dir='ltr'><strong> </strong></span> 
     </span>
    </p>
   </div>
  </div>
 </body>
</html>
