3412 5664
295 325 337 390 26
663 343 796 391 uomrs
819 340 970 392 ressvrs
994 343 1031 390 m
1052 343 1193 391 osunen

295 503 413 559 dornano
435 522 502 579 pepe
522 505 621 578 scripta
647 506 801 578 suscepisse
821 503 899 560 tradit
921 502 1062 560 Liberatus
1083 503 1196 560 breviar.
1218 523 1243 560 c.
1263 504 1310 568 18.
1335 504 1380 562 nbi
1402 506 1562 581 praesentim

294 589 435 662 epistotam
452 591 521 647 trane
534 591 681 665 nuncupari
697 588 767 647 haud
783 597 885 646 temere
900 590 1058 646 sentiamus.

511 757 550 819 In
572 758 689 819 domnii
709 773 810 836 pepse
831 757 978 836 epistolas
999 755 1084 817 4-6
1106 752 1243 836 („Lteet“
1264 757 1344 840 etc).

228 881 282 949 {21¹}
381 882 409 936 1.
435 880 501 936 Tres
515 880 575 936 illas
591 880 719 955 epistolas
734 880 962 936 eminentissimus
978 879 1118 936 cardinatis
1128 879 1257 935 Batonius
1269 878 1325 950 jam
1340 897 1424 954 penes
1439 897 1471 937 se
1483 879 1565 937 habe·

295 966 340 1022 bat
354 983 387 1022 ex
401 965 527 1021 t'stteano
543 965 636 1021 codice
651 974 741 1021 erutas
757 974 785 1021 et
799 981 862 1020 enm
876 964 962 1021 altero
977 972 1136 1039 pervetusto
1151 964 1297 1038 exemplari
1312 983 1335 1021 s.
1350 965 1425 1047 l’etri
1440 967 1468 1022 in
1485 965 1566 1022 svet-

293 1051 352 1108 tam
368 1051 523 1107 monasterii
538 1051 565 1106 in
572 1049 676 1106 l'mbria
688 1050 849 1112 contulerat,
865 1066 948 1123 quum
955 1049 1053 1106 Itomae
1065 1051 1092 1106 in
1104 1049 1280 1124 epistolarum
1292 1049 1494 1125 pontificiarum
1506 1050 1566 1108 eol·

294 1130 410 1192 lectione
434 1133 569 1208 prodiere.
607 1134 681 1192 Unde
708 1134 782 1190 nulla
809 1133 897 1190 habita
922 1136 1027 1190 ratione
1047 1134 1231 1190 avellanensis
1258 1135 1359 1191 codicis
1380 1137 1446 1192 setis
1468 1135 1566 1192 habuit

294 1221 410 1277 duorum
426 1221 546 1294 priorum
558 1221 633 1276 initia
648 1222 705 1276 suis
720 1218 859 1276 annalibus
875 1221 1006 1276 inserere.
1032 1218 1115 1276 Nobis
1130 1221 1216 1294 igitur
1230 1219 1354 1276 eumdem
1369 1220 1500 1285 codicem,
1516 1222 1567 1296 qui

294 1323 366 1363 nune
385 1307 412 1361 in
433 1305 558 1361 Vaticana
578 1304 740 1362 bibliotheca
766 1312 932 1366 asservatur,
959 1304 1049 1361 denuo
1070 1321 1270 1379 recognoscere
1290 1307 1378 1362 visum
1397 1313 1441 1363 est
1462 1322 1567 1381 operae

294 1393 411 1466 pretium
420 1382 451 1463 ¹).

379 1475 407 1531 2.
445 1474 481 1530 lie
497 1483 627 1548 tempore,
643 1492 697 1549 quo
713 1474 781 1531 duae
796 1476 900 1548 priores
916 1476 1086 1549 conscriptae
1101 1483 1174 1538 sunt,
1190 1475 1366 1550 disceptatur.
1397 1476 1488 1533 Prima
1502 1476 1567 1551 qui-

293 1562 353 1618 dem
368 1560 512 1617 consulatu
532 1561 709 1635 consignatur
724 1558 823 1616 Fausti.
854 1559 907 1616 Sed
923 1576 1006 1634 quum
1026 1561 1049 1615 is
1064 1559 1222 1617 consulatus
1237 1562 1265 1616 in
1280 1577 1378 1617 annum
1394 1560 1459 1618 490
1473 1561 1565 1625 cadat,

294 1665 349 1721 quo
365 1643 635 1713 Gelasinsiiomanne
650 1643 779 1701 eeclesiae
794 1646 914 1719 regimen
930 1645 1050 1701 nondum
1065 1654 1230 1718 susceperat,
1246 1645 1376 1702 baronius
1387 1647 1458 1703 lianc
1468 1655 1566 1702 noum

295 1731 353 1788 taisi
374 1739 526 1804 suspectam
548 1729 636 1792 habet,
657 1738 685 1785 et
700 1731 800 1786 Albino
815 1746 866 1803 pro
882 1730 992 1786 Fausto
1013 1729 1233 1787 substituendum
1253 1747 1313 1786 esse
1334 1730 1491 1788 arbitratur.
1521 1730 1566 1787 Ad

293 1816 362 1875 hanc
383 1823 472 1872 eutem
493 1816 647 1888 opinionem
669 1832 723 1870 non
739 1813 789 1869 alia
804 1813 911 1870 videtur
925 1816 1030 1870 ratione
1045 1814 1183 1878 inductus,
1206 1817 1256 1872 nisi
1272 1815 1345 1889 qnod
1361 1833 1376 1871 e
1396 1814 1485 1871 tribus
1500 1817 1566 1872 istis

293 1901 415 1975 epistolis
430 1909 567 1973 postrema
582 1900 615 1955 ad
631 1902 773 1974 episcopos
787 1917 837 1973 per
852 1898 978 1955 Picenum
993 1901 1159 1956 constitutos
1175 1899 1264 1956 Albini
1279 1900 1400 1956 consulis
1417 1917 1517 1956 nomen
1534 1902 1566 1958 in

294 1986 347 2043 dne
362 1985 524 2058 adscriptum
541 1983 646 2040 habeat.
675 1985 773 2040 Verum
789 1986 892 2040 etiamsi
908 1985 973 2040 haee
987 1986 1089 2058 pariter
1103 1984 1231 2041 adversus
1241 1983 1411 2059 Pelaginnam
1426 1985 1565 2042 haeresim

294 2077 406 2146 pugnat,
429 2068 491 2126 inde
512 2079 600 2126 tamen
621 2086 675 2126 non
693 2070 826 2143 sequitur,
848 2079 878 2125 ut
899 2079 928 2125 et
947 2068 1043 2125 eodem
1058 2078 1181 2145 tempore
1201 2071 1354 2143 conscripta
1377 2070 1471 2128 luerit.
1502 2070 1566 2128 Jam

294 2173 358 2212 vero
374 2154 581 2218 observavimus,
604 2154 697 2211 Felicis
714 2154 734 2210 ll
755 2153 895 2228 epistolam
914 2154 952 2211 16
975 2155 1085 2211 Fausto
1101 2158 1228 2225 consule,
1250 2157 1278 2211 in
1293 2154 1371 2226 cnjus
1386 2155 1566 2212 consulatum

294 2259 322 2298 re
338 2243 395 2315 ipsa
415 2241 550 2303 convenit,
572 2242 766 2314 consignatam,
790 2239 896 2294 Gelasio
913 2239 997 2295 nihilo
1013 2241 1101 2295 minus
1116 2242 1144 2296 in
1160 2240 1307 2314 archetypo
1322 2233 1500 2314 exemplari&
1515 2240 1564 2296 ud·
1600 2256 1603 2265 ·

293 2327 420 2400 scriptam
435 2342 504 2381 esse.
526 2325 580 2381 Nec
595 2325 645 2380 alia
660 2326 778 2381 occurrit
794 2323 875 2395 hujus
888 2325 926 2380 rei
938 2325 1016 2387 ratio,
1032 2325 1083 2380 nisi
1100 2327 1162 2399 quin
1174 2324 1296 2380 Gelasius
1304 2323 1360 2395 jam
1373 2323 1405 2380 ab
1417 2324 1566 2384 annoetto

293 2410 374 2467 Felici
390 2410 421 2466 nb
443 2410 565 2483 epistolis
588 2409 677 2471 luerit.
699 2418 780 2482 atque
802 2408 938 2483 praedicta
955 2409 1070 2483 epistola
1091 2408 1188 2465 Felicis
1208 2411 1368 2466 auctoritate
1388 2427 1421 2466 ae
1440 2411 1564 2473 nomios.

292 2497 376 2570 ipsius
392 2495 492 2552 calerno
508 2503 535 2551 et
550 2496 661 2569 ingenio
676 2496 775 2568 scripta
791 2494 836 2549 sit.
864 2493 950 2561 Quum
966 2502 1056 2550 nutem
1071 2494 1138 2551 nibil
1154 2493 1254 2557 obstet,
1271 2495 1415 2569 quominus
1431 2495 1563 2569 idipsum

294 2583 363 2638 circa
379 2578 507 2655 epistolas
523 2579 581 2635 illas
597 2581 746 2654 contigisse
761 2580 918 2640 sentiamus,
942 2588 972 2634 ut
987 2579 1112 2634 nimirum
1128 2578 1225 2636 Felicis
1241 2580 1349 2635 nomine
1364 2578 1396 2635 nd
1407 2579 1562 2636 Honorium

293 2667 397 2728 missae,
421 2672 516 2739 posteo
530 2663 626 2721 Gelasii
642 2681 739 2720 nornen
755 2664 924 2724 retinuerint,
946 2665 1008 2736 quia
1025 2665 1141 2738 scriptae
1156 2663 1188 2718 ab
1203 2662 1251 2720 ilio
1268 2663 1386 2726 luerunt.
1407 2664 1471 2720 ideo
1487 2673 1563 2721 rete·

292 2768 352 2806 rum
368 2749 491 2806 codicum
507 2747 567 2804 fidei
584 2748 747 2806 haerendum
763 2757 790 2803 et
806 2750 916 2805 Fausto
932 2740 1050 2805 console
1061 2749 1234 2805 retinendum
1250 2765 1310 2805 esse
1325 2748 1460 2805 duximus.
1493 2749 1563 2806 ilinc

292 2845 320 2891 et
335 2835 510 2910 epistolarum
531 2834 635 2890 illarum
657 2835 769 2908 prienam
787 2835 859 2889 sient
874 2842 901 2890 ot
915 2842 1084 2907 sequentem,
1108 2850 1187 2908 qnam
1205 2850 1259 2889 nnn
1275 2833 1357 2907 longe
1372 2842 1436 2907 post
1451 2835 1560 2890 missam

292 2938 352 2977 csse
367 2928 395 2976 et
411 2920 522 2975 lionorii
539 2920 703 2994 impatientia
718 2917 813 2974 suadet
834 2927 861 2974 et
877 2917 973 2974 Gelasii
989 2919 1093 2982 caritas,
1113 2918 1193 2974 l'elici
1215 2921 1358 2975 restituere
1374 2919 1479 2976 liceret.
1510 2920 1561 2975 l'e·

292 3022 351 3061 rum
367 3022 449 3079 qunnr
466 3003 563 3059 Gelasii
578 3022 676 3061 nomen
692 3021 755 3078 prae
771 3021 802 3059 se
817 3003 904 3059 lerant
918 3019 970 3060 nec
985 3003 1069 3058 ullum
1085 3012 1212 3078 appareat
1226 2997 1435 3066 incommodum,
1448 3006 1472 3060 si
1487 3006 1561 3061 inter

291 3090 426 3164 pontilicis
450 3088 530 3159 liujus
545 3092 645 3164 scripta
660 3089 838 3151 collocentur,
853 3090 935 3144 immo
959 3087 1094 3162 quoddam
1108 3089 1145 3144 sit
1159 3089 1330 3145 commodum
1346 3097 1401 3144 tres
1417 3089 1560 3163 epistolas.

291 3192 357 3249 quas
373 3184 478 3231 veteres
493 3174 601 3231 codices
617 3174 775 3245 conjunctas
790 3181 1001 3248 repraesentant,
1025 3189 1148 3247 quaeque
1163 3173 1194 3228 ad
1211 3172 1331 3229 eamdem
1346 3173 1479 3230 haeresim
1495 3190 1561 3230 con·

291 3259 429 3316 tutandam
451 3261 567 3315 attinent
590 3258 670 3315 etad
692 3259 815 3315 eumdem
836 3259 973 3332 pertinent
992 3259 1163 3331 scriptorem,
1184 3259 1221 3313 ita
1241 3259 1377 3314 ordinatas
1399 3257 1501 3322 baberi.
1531 3268 1561 3315 ut

291 3346 420 3400 continua
435 3351 462 3400 et
477 3361 532 3399 non
548 3345 699 3400 intermissa
714 3345 784 3400 serie
806 3343 861 3417 legi
876 3344 990 3416 possint,
1011 3359 1055 3397 cas
1072 3343 1115 3399 hic
1128 3343 1283 3400 censuimus
1299 3342 1472 3400 exhibendas.

539 3509 577 3570 In
598 3483 715 3571 Geles'ii
735 3527 837 3587 pepoe
859 3509 1058 3587 epistolemb
1081 3505 1305 3589 („Miramnr“).

207 3633 279 3702 [tlt]
373 3629 520 3704 Epistolam
536 3632 604 3689 hanc
619 3649 673 3688 non
690 3632 774 3706 longo
789 3640 852 3706 post
867 3633 1034 3706 superiorem
1051 3631 1192 3688 intervallo
1208 3631 1360 3705 ponendam
1377 3649 1438 3689 csse
1460 3641 1489 3689 ct
1509 3635 1560 3690 im·

290 3717 418 3791 patientia
435 3715 546 3772 lionorii
562 3724 589 3773 et
605 3717 701 3772 Gelasii
716 3718 812 3773 caritas
828 3716 1002 3791 persuadent.
1030 3716 1257 3786 Quemadmodum
1271 3718 1342 3773 enirn
1358 3735 1389 3773 cn
1399 3717 1558 3782 commotio,

290 3818 342 3875 qna
358 3801 494 3857 lionorius
509 3801 608 3858 Gelesii
628 3800 838 3858 admonitionem
860 3804 974 3877 excepit,
1001 3819 1062 3858 enm
1078 3801 1179 3858 diutins
1197 3804 1333 3858 sustinere
1354 3819 1408 3859 non
1424 3805 1559 3877 permisit,

290 3903 368 3960 quarn
383 3886 434 3942 sibi
450 3886 481 3942 nb
497 3904 530 3944 eo
546 3887 641 3943 iactam
658 3887 768 3962 putabat
790 3887 923 3959 injuriam,
949 3890 1028 3944 itaet
1046 3887 1180 3944 Gelasium
1195 3890 1265 3943 ursit
1280 3890 1386 3950 ceritas,
1402 3897 1433 3945 ut
1448 3897 1560 3963 pertur-

288 3971 424 4030 bationem
439 3972 511 4029 iliius
528 3974 724 4048 quamprimum
739 3972 857 4048 sedaret..

511 4123 549 4185 In
570 4123 687 4186 Geleeii
708 4138 808 4202 pepee
830 4121 991 4200 epistolem
1012 4121 1030 4182 7
1052 4119 1146 4204 („Utn‘
1156 4122 1326 4206 primnm“).

222 4249 279 4316 [n³]
372 4245 505 4301 Vaticanis
527 4247 598 4321 typis
620 4263 690 4303 anno
713 4244 792 4302 1591
819 4259 859 4302 ex
878 4253 987 4303 vetusto
1014 4248 1112 4304 codice
1137 4247 1277 4303 Vaticano
1302 4248 1418 4321 primum
1443 4249 1556 4323 prodiit.

289 4329 350 4387 Eam
366 4329 398 4386 ad
420 4330 533 4387 aiterum
555 4331 676 4403 ejusdem
696 4330 875 4387 biidiotbccne
892 4331 1036 4405 exemplar,
1059 4331 1131 4406 quod
1148 4333 1212 4389 olim
1228 4334 1385 4390 monasterii
1399 4352 1422 4389 s.
1439 4333 1514 4391 Petri
1530 4336 1559 4392 iu

356 4563 375 4625 ¹)
393 4560 452 4615 Nec
468 4576 518 4614 nos
536 4578 609 4616 nova
626 4560 773 4615 collatione
791 4560 920 4615 Vaticani
936 4567 1001 4616 test
1025 4560 1105 4615 nobis
1127 4562 1362 4631 supersedendum
1383 4562 1451 4628 rabi,
1473 4564 1560 4633 pluro

288 4628 389 4683 menda
405 4629 524 4683 feliciter
542 4629 736 4683 submovimus.
760 4629 839 4683 Unde
853 4634 1003 4684 Vaticanum
1020 4629 1097 4684 illum
1110 4629 1266 4685 Cousbnntii
1283 4631 1327 4686 vel
1344 4646 1456 4700 prorsus
1468 4631 1560 4688 alium

287 4696 419 4762 codicem,
437 4700 486 4775 nui
504 4699 539 4751 nb
558 4697 720 4785 nnpnsmucnsi
737 4697 789 4753 siri
807 4697 959 4752 doctissimi
976 4698 1053 4753 haud
1070 4716 1161 4767 nequa
1172 4699 1298 4754 sollertis
1309 4699 1484 4769 recognitum
1496 4716 1559 4756 esee

287 4763 552 4899 deprbhi'diblibmlibc
563 4769 682 4887 hibidem
699 4851 730 4886 su
752 4852 784 4888 rn
801 4835 890 4889 solnm
902 4835 936 4889 de
949 4833 1047 4888 Felicis
1060 4835 1178 4904 epistola
1191 4839 1222 4890 14
1241 4836 1418 4890 observatum
1436 4837 1488 4902 esi,
1506 4838 1560 4893 sed

285 4900 402 4955 fortusse
420 4918 471 4971 pro
489 4903 552 4958 boin
569 4852 618 4957 idle
636 4900 725 4971 episto
755 4920 817 4957 rum
835 4903 958 4973 ejusdem
976 4903 1111 4974 temporis
1130 4903 1202 4959 serie
1221 4904 1325 4959 dictum
1343 4904 1426 4959 volet.
1448 4904 1530 4979 [Eat]
