3412 5664
681 321 880 370 mersronnm
903 311 954 368 42.
1409 311 1451 373 53
1543 325 1549 337 ‘

236 500 274 546 teu
285 503 329 542 esse
341 484 476 541 memoriae
490 482 628 556 proditum
645 491 701 545 est,
724 491 751 538 et
772 483 887 554 pristino
903 481 1029 556 liturgiae
1044 500 1135 539 sacrae
1150 485 1204 539 ritu
1220 485 1247 539 in
1263 500 1362 541 novum
1379 486 1451 541 ordi·

233 589 275 630 reu
285 569 444 627 mudnuaudo
461 575 603 623 tractatum
619 584 680 623 esse
695 574 844 623 constaret.
876 566 1040 642 Quamquam
1063 569 1114 624 hec
1135 585 1204 642 opus
1220 566 1312 642 perfici
1327 571 1379 625 rilc
1394 587 1449 625 uon

231 658 303 732 potuit.
314 655 356 711 uisi
369 655 413 728 qui
430 654 458 709 in
473 652 586 708 ecclesia
600 669 649 708 seu
666 654 738 708 luter
752 668 827 708 sacra
842 653 970 725 mysteria
984 651 1093 726 legendi
1108 661 1155 709 eut
1170 652 1346 727 neclegendi
1358 664 1449 710 essent

229 741 280 804 liri,
295 737 448 815 praefinitum
470 746 553 794 esset.
591 736 630 792 hd
652 737 705 793 hoc
725 745 815 792 autem
837 735 1049 810 praefinieodum
1072 738 1193 812 plurimis
1210 739 1344 812 episcopis
1360 739 1449 795 erudi·

229 827 280 882 tione
290 825 425 898 conspicuis
442 839 512 896 opus
528 822 627 885 luisse,
645 824 705 895 quls
721 827 813 895 neget.

285 910 323 966 15.
355 908 421 965 lliuc
436 923 525 981 neque
539 907 573 962 de
589 908 708 981 gersuino
724 907 797 962 vocis
818 909 983 979 apocryphi
1004 907 1159 971 intellectu,
1182 924 1270 982 neque
1290 925 1339 963 cur
1353 910 1381 964 in
1397 909 1450 965 hoc

225 996 302 1052 leuem
313 1002 350 1049 tol
363 995 476 1067 scripta.
493 1008 562 1066 quae
579 991 656 1047 laude
672 1008 726 1047 non
743 990 868 1046 videntur
882 991 1006 1066 indigna,
1030 994 1101 1048 iuter
1121 993 1275 1066 apocrypho
1290 1010 1448 1050 recensean-

224 1090 263 1141 tm.
274 1079 370 1135 multum
386 1085 428 1134 est
444 1075 629 1133 laborandum.
661 1075 721 1132 Sive
737 1076 807 1131 euim
824 1092 884 1130 cum
902 1075 1065 1150 Hieronymo
1082 1078 1160 1150 epist.
1180 1077 1196 1133 7
1213 1076 1246 1132 ad
1261 1076 1368 1134 Laetam
1384 1095 1448 1152 apo-

222 1164 292 1238 crypho
307 1161 474 1224 definiamus.
496 1178 573 1235 quae
593 1180 650 1218 non
671 1170 739 1217 sunt
760 1176 873 1230 eorum,
902 1179 1023 1233 quornm
1050 1165 1138 1218 titulis
1159 1169 1376 1233 praenotantur
1397 1173 1447 1219 out

220 1257 422 1322 promouetur
436 1252 602 1321 peroratur,
624 1249 681 1301 sive
703 1246 753 1302 hoc
776 1248 884 1301 nourine
906 1245 1093 1319 designemus,
1116 1262 1184 1319 quae
1199 1245 1232 1302 ab
1248 1246 1389 1304 haereticis
1407 1247 1446 1303 vel

219 1335 318 1408 aspectis
331 1331 483 1389 hominihus
498 1332 649 1405 composita
665 1340 711 1386 aut
726 1330 876 1386 adulterata
890 1331 953 1393 sint,
969 1348 1019 1386 sen
1034 1333 1114 1386 etium
1130 1347 1317 1404 nuncupemus
1333 1332 1447 1406 quodvis

219 1418 321 1492 opuscul
335 1417 460 1474 nonnihil
476 1416 622 1471 admixtum
637 1417 673 1471 sit
688 1414 759 1471 haud
775 1416 840 1471 satis
858 1430 954 1487 purum
971 1423 998 1470 et
1012 1418 1149 1490 integrum
1164 1432 1214 1471 nec
1229 1415 1261 1471 ah
1273 1419 1346 1473 omni
1359 1419 1448 1491 suspi-

218 1505 273 1559 riore
283 1501 400 1564 liberum
424 1518 456 1557 er
472 1499 596 1557 omnibus
611 1499 664 1556 illis
681 1499 771 1561 lihris.
794 1498 892 1573 quibus
914 1500 1035 1555 llelosius
1056 1502 1222 1574 apocryphi
1241 1509 1333 1558 uotam
1355 1503 1446 1563 inurit,

218 1587 292 1644 sellun
313 1598 370 1643 asse
395 1586 534 1642 latendum
561 1593 616 1647 est,
643 1587 670 1641 in
697 1601 776 1658 quem
803 1582 892 1657 aliqua
916 1601 948 1639 es
970 1584 1011 1640 his
1033 1584 1188 1641 notionibus
1214 1602 1270 1641 nou
1296 1587 1447 1647 conveniet.

217 1673 315 1728 licetuon
329 1688 423 1727 omues
437 1672 466 1726 iu
480 1669 606 1744 singulos
626 1669 730 1726 cadant.
767 1668 860 1742 ltaque
881 1671 1016 1725 communi
1038 1671 1145 1725 nomiae
1165 1673 1252 1745 impar
1273 1672 1384 1727 omniuo
1405 1681 1446 1727 est

217 1756 328 1818 imorum.
349 1758 394 1830 qui
412 1757 576 1828 apocryphi
585 1754 754 1826 judicantur,
776 1770 903 1816 censura;
920 1753 962 1809 vel
977 1762 1051 1810 certe
1065 1755 1092 1810 in
1108 1771 1141 1811 co
1157 1754 1295 1811 dumtaxat
1310 1755 1446 1830 generalis

216 1841 332 1915 estquod
354 1857 387 1897 ex
404 1842 443 1896 eis
459 1839 551 1896 mullus
562 1839 702 1910 judicatur
717 1840 832 1914 (lignus,
856 1840 902 1912 qui
917 1838 1024 1913 publice
1040 1840 1065 1895 iu
1082 1839 1195 1896 ecclesia
1210 1839 1331 1915 legatur,
1353 1840 1445 1897 nullus

216 1924 312 1983 elidem
325 1925 366 1982 vel
381 1926 570 1982 auctoritatem
585 1927 613 1980 in
627 1923 747 1980 Ecclesia
762 1923 909 1980 laciendum
925 1932 1068 1981 censeatur
1079 1924 1202 1981 idoneus.
1225 1924 1294 1981 llinc
1304 1925 1445 1982 Hormisda

216 2010 331 2084 queml
345 2009 401 2067 ml
414 2009 506 2071 libros.
519 2026 589 2084 quos
604 2008 728 2084 probavit
743 2008 784 2064 vel
798 2007 958 2082 improbavit
973 2008 1104 2072 Gelasius,
1119 2026 1273 2073 secernens,
1289 2010 1322 2067 de
1337 2018 1445 2084 postre-

216 2096 253 2150 nis
263 2097 300 2151 ait:
314 2113 384 2171 quos
398 2100 429 2152 in
451 2099 653 2153 auctoritatem
666 2102 785 2167 potrum
800 2112 857 2150 non
873 2098 978 2166 recipit
993 2110 1132 2165 examen,
1150 2111 1180 2150 ac
1191 2094 1225 2150 de
1237 2096 1345 2169 primis:
1363 2105 1444 2152 certo

214 2181 319 2238 lilrrraos
333 2184 419 2239 etiam
441 2189 568 2239 veterem
583 2185 612 2237 in
635 2183 837 2237 auctoritatem
851 2181 1019 2252 recipiendo
1040 2188 1142 2238 corteto
1158 2181 1269 2253 Spiritu
1284 2184 1445 2238 instruente

213 2269 355 2340 rehem·

277 2352 316 2409 16.
344 2351 472 2426 ignoscat
491 2348 569 2407 nobis
590 2350 691 2413 lector,
713 2351 737 2405 sl
758 2364 820 2404 eum
842 2349 943 2405 tamdiu
964 2351 1148 2425 ingestorum
1166 2350 1445 2425 sequentiumlimine

215 2431 364 2494 lidummns.
394 2435 423 2492 ld
439 2435 513 2511 quod
528 2435 660 2492 consultis
681 2434 800 2509 undique
821 2433 955 2491 veteribus
971 2434 1061 2498 libris,
1083 2451 1199 2510 quorum
1214 2437 1291 2510 copia
1306 2452 1355 2493 nec
1371 2445 1445 2493 tante

216 2535 252 2575 aar
262 2529 302 2578 tam
314 2522 416 2578 diversa
432 2519 557 2578 omnibus
574 2519 650 2577 obvia
662 2528 713 2582 est,
730 2519 888 2582 deteximus,
904 2520 1063 2595 singillatim
1079 2520 1222 2594 explanare
1238 2522 1324 2577 visum
1335 2521 1443 2596 aliquod

217 2620 287 2677 φατε
302 2609 425 2681 pretium.
463 2605 531 2662 llinc
551 2622 634 2680 porro
657 2604 826 2678 exploratum
847 2604 1002 2668 habuimus.
1025 2622 1095 2662 auno
1116 2605 1216 2662 Christi
1230 2606 1293 2663 495
1313 2604 1443 2663 llomaee

215 2687 463 2748 Gelasioeelebratam
478 2706 538 2746 esse
552 2689 700 2764 synodum.
722 2690 749 2744 iu
771 2705 824 2763 qua
843 2691 931 2763 primo
952 2697 1041 2746 actum
1062 2697 1104 2747 est
1124 2691 1158 2747 de
1180 2688 1241 2748 lidei
1256 2690 1444 2765 explanatione

215 2776 390 2851 luminumque
406 2776 440 2833 de
455 2776 554 2832 deitate
569 2775 685 2849 Spiritus
701 2775 799 2834 sancti.
821 2782 878 2830 tum
899 2776 1087 2832 canonicarum
1108 2777 1206 2832 veteris
1228 2793 1258 2833 ac
1278 2777 1340 2832 nori
1361 2783 1441 2833 testa·

215 2862 471 2936 numnpturmum
487 2859 612 2917 adtectus
634 2866 676 2915 est
696 2859 850 2932 catalogus,
873 2876 903 2915 ac
924 2859 1031 2916 demum
1052 2860 1086 2917 dc
1107 2860 1196 2923 libris.
1219 2862 1265 2935 qui
1285 2860 1393 2936 legendi
1415 2863 1442 2918 iu

215 2942 296 3001 mma
306 2947 345 3003 rel
360 2964 416 3003 non
432 2946 540 3020 legendi
554 2947 618 3008 sint,
633 2961 683 3001 seu
698 2946 743 3018 qui
759 2946 787 3000 in
799 2946 988 3001 auctoritatem
999 2945 1146 3019 recipiendi
1159 2945 1200 3002 vel
1216 2962 1271 3002 non
1287 2946 1442 3019 reeipiendi.

215 3024 287 3086 ellum
299 3040 338 3087 est
351 3032 500 3088 desuetum.
531 3029 759 3104 deprehendimus
775 3045 886 3103 quoque
900 3037 1065 3104 postremam
1081 3031 1149 3086 hauc
1164 3038 1282 3104 partem,
1298 3030 1372 3086 velut
1386 3032 1442 3087 Ile·

215 3117 295 3171 crem
305 3118 338 3173 de
352 3118 528 3189 recipiendis
540 3117 624 3172 libris
638 3119 777 3187 scriptum
792 3133 810 3170 o
828 3115 941 3172 Gelasio
951 3132 1036 3187 papa
1052 3132 1116 3172 cum
1128 3116 1213 3172 LXX
1225 3119 1295 3172 viris
1309 3117 1442 3173 eruditis·

215 3198 269 3255 siris
282 3206 429 3275 episcopis,
450 3209 512 3257 ante
532 3200 667 3257 saeculum
686 3199 719 3255 lll
740 3201 883 3273 separatim
904 3199 989 3255 luisse
1010 3199 1187 3274 divulgatum.
1222 3200 1307 3257 Simul
1322 3208 1350 3256 et
1365 3199 1442 3257 nobis

215 3285 317 3347 mitit,
337 3287 364 3343 id
386 3285 460 3361 qnod
476 3286 598 3342 Gelasius
619 3287 676 3341 sive
691 3286 725 3341 dc
740 3286 875 3341 canonicis
891 3286 1033 3359 seripturis
1048 3287 1104 3342 sive
1116 3285 1149 3342 dc
1164 3283 1239 3342 libris
1254 3286 1442 3343 ecclesiasticis

216 3370 286 3432 snm,
299 3370 328 3426 ab
343 3370 485 3427 llormisda
501 3388 555 3427 uon
570 3373 628 3426 sine
643 3372 798 3426 accessione
814 3369 855 3425 vel
871 3371 1018 3426 mutatione
1039 3371 1210 3445 recognitum
1225 3387 1299 3435 esse,
1320 3370 1443 3445 adeoque

217 3446 325 3526 ἥμιν
339 3456 531 3531 distinguenda
546 3472 606 3512 esse
622 3455 723 3511 decreti
739 3454 819 3525 hujus
835 3455 964 3529 exernpla,
978 3471 1046 3529 quae
1058 3454 1155 3512 Gelasii
1167 3464 1194 3512 et
1206 3472 1273 3531 quee
1286 3455 1443 3513 llormisdae

217 3548 286 3594 nnec
298 3558 355 3615 prae
371 3558 401 3597 se
416 3541 516 3598 lerunt.
554 3540 648 3615 licque
662 3540 689 3597 id
704 3541 792 3596 miuus
807 3557 965 3614 persuasum
982 3540 1046 3603 luit,
1063 3541 1137 3598 nulla
1150 3559 1264 3616 prorsus
1280 3542 1385 3598 ratione
1401 3540 1442 3597 vel
1461 3604 1463 3609 ,

217 3626 338 3682 &comte
352 3627 401 3683 niti
423 3626 570 3682 multorum
585 3627 680 3682 animis
693 3626 799 3681 insitam
815 3627 979 3699 opinionem,
996 3643 1048 3700 qua
1064 3627 1116 3683 huc
1131 3626 1270 3684 decretum
1284 3630 1399 3684 Asterie
1415 3635 1443 3683 et

217 3699 329 3768 Praedo
343 3710 501 3768 consulibus
516 3710 619 3768 editum
634 3728 684 3784 pro
700 3720 775 3766 certo
791 3719 906 3784 ponunt.

532 3861 569 3922 In
591 3860 709 3923 Galerii
729 3877 830 3940 papae
853 3861 1017 3940 epistolem
1037 3859 1088 3922 42.

678 3982 808 4040 llouitum
823 3983 942 4040 editoris.

277 4100 297 4155 l.
322 4101 533 4178 Religiosissime
544 4102 752 4177 disputationem
767 4103 948 4159 doctissimam
964 4105 1081 4160 auctoris
1098 4104 1184 4159 nostri
1199 4106 1364 4179 sagacissimi
1379 4123 1442 4179 pro·
1456 4112 1533 4184 [Ed]

216 4171 313 4252 ⁴illelius,
327 4188 391 4245 nihil
407 4187 606 4250 subtrahentes.
621 4205 705 4263 pauca
720 4196 833 4250 tantum.
850 4185 895 4243 uhi
910 4187 975 4262 quid
989 4187 1171 4264 supplendum
1186 4198 1232 4245 aut
1250 4190 1441 4266 corrigendum

217 4258 331 4337 vilebatur,
344 4274 370 4329 in
386 4274 459 4330 notis
475 4280 624 4329 monentes.
657 4274 694 4329 lta
709 4272 827 4348 prudens
842 4272 930 4329 lector
944 4280 1166 4349 argumentorum
1181 4274 1288 4347 pondus
1303 4277 1362 4349 ipsc
1377 4292 1442 4349 pen-

216 4342 274 4414 ffll.
289 4374 331 4414 nec
352 4359 534 4433 suspicionem
554 4360 582 4415 iu
604 4376 654 4414 nos
670 4359 755 4422 leret,
777 4360 800 4414 si
821 4359 934 4434 vestigia
955 4358 1018 4415 alias
1039 4357 1226 4432 probatissima
1242 4359 1291 4416 hac
1307 4362 1334 4416 in
1351 4377 1380 4417 rc
1396 4359 1441 4417 de·

217 4441 349 4498 memus.
387 4442 456 4499 lllud
473 4442 580 4516 quidem
596 4445 635 4499 vir
650 4445 883 4518 ingeniosissimus
899 4445 1000 4518 optime
1016 4443 1172 4500 enucleatus
1188 4452 1243 4508 est.
1261 4444 1398 4520 quomodo
1414 4454 1442 4502 et

216 4527 311 4586 mmo,
326 4527 482 4584 llomnisdae
498 4529 637 4603 inscriptio
652 4528 825 4585 admittenda.
853 4527 925 4584 ldem
947 4528 1003 4584 lere
1019 4529 1164 4586 universim
1185 4537 1297 4603 postero
1318 4537 1441 4604 tempore

217 4595 517 4687 'desideriorum
533 4615 582 4670 etsi
599 4621 689 4670 textus
705 4615 889 4670 recensionem
905 4613 1000 4670 exinde
1015 4614 1168 4671 discernere
1184 4631 1239 4670 uon
1254 4614 1378 4673 simililer
1392 4632 1441 4689 po·

216 4734 480 4754 —g———n

259 4810 273 4873 ¹)
286 4808 314 4862 ln
332 4825 416 4880 opere
434 4808 490 4864 iem
508 4811 619 4880 saepius
636 4811 751 4867 nudato
774 4816 806 4866 de
823 4817 935 4882 antiquis
957 4815 1144 4866 colleetlom'dns
1162 4823 1187 4866 et
1205 4814 1381 4868 collectoribus
1398 4831 1442 4868 ca·

208 4891 272 4929 m
287 4878 394 4948 pcrtll
414 4895 473 4948 cap.
490 4885 518 4933 11
538 4885 590 4945 §4-
