<?xml version="1.0" encoding="UTF-8"?>
<!DOCTYPE html PUBLIC "-//W3C//DTD XHTML 1.0 Transitional//EN"
    "http://www.w3.org/TR/xhtml1/DTD/xhtml1-transitional.dtd">
<html xmlns="http://www.w3.org/1999/xhtml" xml:lang="en" lang="en">
 <head>
  <title>
</title>
<meta http-equiv="Content-Type" content="text/html;charset=utf-8" />
  <meta name='ocr-system' content='tesseract 3.04.00' />
  <meta name='ocr-capabilities' content='ocr_page ocr_carea ocr_par ocr_line ocrx_word'/>
</head>
<body>
  <div class='ocr_page' id='page_1' title='image "./epistolaeromano00cousgoog/epistolaeromano00cousgoog_0619.png"; bbox 0 0 3450 5678; ppageno 0'>
   <div class='ocr_carea' id='block_1_1' title="bbox 296 314 1092 381">
    <p class='ocr_par' dir='ltr' id='par_1_1' title="bbox 296 314 1092 381">
     <span class='ocr_line' id='line_1_1' title="bbox 296 314 1092 381; baseline -0.009 -2"><span class='ocrx_word' id='word_1_1' title='bbox 296 314 360 381; x_wconf 78' lang='lat'>572</span> <span class='ocrx_word' id='word_1_2' title='bbox 771 327 798 374; x_wconf 89' lang='lat' dir='ltr'>s.</span> <span class='ocrx_word' id='word_1_3' title='bbox 816 326 956 374; x_wconf 76' lang='lat' dir='ltr'>‹rnuasn</span> <span class='ocrx_word' id='word_1_4' title='bbox 978 325 1092 373; x_wconf 71' lang='lat' dir='ltr'>rursu</span> 
     </span>
    </p>
   </div>
   <div class='ocr_carea' id='block_1_2' title="bbox 288 481 1574 2417">
    <p class='ocr_par' dir='ltr' id='par_1_2' title="bbox 288 481 1574 2417">
     <span class='ocr_line' id='line_1_2' title="bbox 298 481 1573 569; baseline -0.002 -19"><span class='ocrx_word' id='word_1_5' title='bbox 298 509 356 550; x_wconf 89' lang='lat' dir='ltr'>nec</span> <span class='ocrx_word' id='word_1_6' title='bbox 380 485 418 549; x_wconf 85' lang='lat' dir='ltr'>de</span> <span class='ocrx_word' id='word_1_7' title='bbox 446 484 606 569; x_wconf 71' lang='lat' dir='ltr'>perceptis</span> <span class='ocrx_word' id='word_1_8' title='bbox 628 483 750 567; x_wconf 83' lang='lat' dir='ltr'>gratias</span> <span class='ocrx_word' id='word_1_9' title='bbox 773 481 951 565; x_wconf 87' lang='lat' dir='ltr'>referende,</span> <span class='ocrx_word' id='word_1_10' title='bbox 980 502 1040 546; x_wconf 89' lang='lat' dir='ltr'>nec</span> <span class='ocrx_word' id='word_1_11' title='bbox 1068 485 1104 545; x_wconf 93' lang='lat' dir='ltr'>ut</span> <span class='ocrx_word' id='word_1_12' title='bbox 1126 481 1236 546; x_wconf 89' lang='lat' dir='ltr'>cadem</span> <span class='ocrx_word' id='word_1_13' title='bbox 1259 482 1454 548; x_wconf 84' lang='lat' dir='ltr'>intemerata</span> <span class='ocrx_word' id='word_1_14' title='bbox 1477 484 1573 550; x_wconf 86' lang='lat' dir='ltr'>dura·</span> 
     </span>
     <span class='ocr_line' id='line_1_3' title="bbox 298 584 1574 672; baseline -0.001 -20"><span class='ocrx_word' id='word_1_15' title='bbox 298 592 371 652; x_wconf 86' lang='lat' dir='ltr'>rent</span> <span class='ocrx_word' id='word_1_16' title='bbox 393 586 579 672; x_wconf 86' lang='lat' dir='ltr'>suppliciter</span> <span class='ocrx_word' id='word_1_17' title='bbox 603 584 814 668; x_wconf 88' lang='lat' dir='ltr'>implorando,</span> <span class='ocrx_word' id='word_1_18' title='bbox 839 584 1013 648; x_wconf 81' lang='lat' dir='ltr'>incolumes</span> <span class='ocrx_word' id='word_1_19' title='bbox 1030 587 1177 649; x_wconf 73' lang='lat' dir='ltr'>constare</span> <span class='ocrx_word' id='word_1_20' title='bbox 1193 585 1424 670; x_wconf 86' lang='lat' dir='ltr'>nequiverunt:</span> <span class='ocrx_word' id='word_1_21' title='bbox 1449 594 1574 671; x_wconf 88' lang='lat' dir='ltr'>quanto</span> 
     </span>
     <span class='ocr_line' id='line_1_4' title="bbox 298 686 1572 774; baseline -0.002 -19"><span class='ocrx_word' id='word_1_22' title='bbox 298 690 401 774; x_wconf 81' lang='lat' dir='ltr'>inagis</span> <span class='ocrx_word' id='word_1_23' title='bbox 423 692 494 773; x_wconf 84' lang='lat' dir='ltr'>post</span> <span class='ocrx_word' id='word_1_24' title='bbox 517 687 800 772; x_wconf 87' lang='lat' dir='ltr'>praevaricationis</span> <span class='ocrx_word' id='word_1_25' title='bbox 824 688 961 770; x_wconf 88' lang='lat' dir='ltr'>ruinam,</span> <span class='ocrx_word' id='word_1_26' title='bbox 984 686 1052 772; x_wconf 66' lang='lat' dir='ltr'>inl)</span> <span class='ocrx_word' id='word_1_27' title='bbox 1076 710 1171 770; x_wconf 71' lang='lat' dir='ltr'>squaru</span> <span class='ocrx_word' id='word_1_28' title='bbox 1193 688 1279 751; x_wconf 88' lang='lat' dir='ltr'>mala</span> <span class='ocrx_word' id='word_1_29' title='bbox 1301 688 1351 751; x_wconf 86' lang='lat' dir='ltr'>sui</span> <span class='ocrx_word' id='word_1_30' title='bbox 1372 688 1572 753; x_wconf 85' lang='lat' dir='ltr'>confidentia</span> 
     </span>
     <span class='ocr_line' id='line_1_5' title="bbox 299 788 1574 876; baseline -0.005 -18"><span class='ocrx_word' id='word_1_31' title='bbox 299 795 480 860; x_wconf 70' lang='lat' dir='ltr'><strong>Creatorem</strong></span> <span class='ocrx_word' id='word_1_32' title='bbox 504 790 687 854; x_wconf 86' lang='lat' dir='ltr'>nullatenus</span> <span class='ocrx_word' id='word_1_33' title='bbox 710 789 901 873; x_wconf 88' lang='lat' dir='ltr'>inquirendo</span> <span class='ocrx_word' id='word_1_34' title='bbox 923 788 1085 853; x_wconf 76' lang='lat' dir='ltr'>lethaliter</span> <span class='ocrx_word' id='word_1_35' title='bbox 1108 790 1308 873; x_wconf 80' lang='lat' dir='ltr'>incidermrt,</span> <span class='ocrx_word' id='word_1_36' title='bbox 1325 790 1446 876; x_wconf 87' lang='lat' dir='ltr'>absque</span> <span class='ocrx_word' id='word_1_37' title='bbox 1461 791 1574 856; x_wconf 73' lang='lat' dir='ltr'>(livino</span> 
     </span>
     <span class='ocr_line' id='line_1_6' title="bbox 298 892 1572 980; baseline -0.002 -19"><span class='ocrx_word' id='word_1_38' title='bbox 298 917 428 961; x_wconf 90' lang='lat' dir='ltr'>munere</span> <span class='ocrx_word' id='word_1_39' title='bbox 450 895 515 958; x_wconf 89' lang='lat' dir='ltr'>suis</span> <span class='ocrx_word' id='word_1_40' title='bbox 545 893 664 956; x_wconf 82' lang='lat' dir='ltr'>viribus</span> <span class='ocrx_word' id='word_1_41' title='bbox 693 892 741 956; x_wconf 85' lang='lat' dir='ltr'>vel</span> <span class='ocrx_word' id='word_1_42' title='bbox 772 893 861 978; x_wconf 83' lang='lat' dir='ltr'>aegri</span> <span class='ocrx_word' id='word_1_43' title='bbox 888 895 1031 976; x_wconf 87' lang='lat' dir='ltr'>perstare</span> <span class='ocrx_word' id='word_1_44' title='bbox 1053 914 1119 956; x_wconf 89' lang='lat' dir='ltr'>nou</span> <span class='ocrx_word' id='word_1_45' title='bbox 1142 896 1296 978; x_wconf 88' lang='lat' dir='ltr'>possunt,</span> <span class='ocrx_word' id='word_1_46' title='bbox 1326 894 1396 958; x_wconf 88' lang='lat' dir='ltr'>sine</span> <span class='ocrx_word' id='word_1_47' title='bbox 1424 917 1490 980; x_wconf 90' lang='lat' dir='ltr'>quo</span> <span class='ocrx_word' id='word_1_48' title='bbox 1512 918 1572 959; x_wconf 88' lang='lat' dir='ltr'>uec</span> 
     </span>
     <span class='ocr_line' id='line_1_7' title="bbox 288 994 1569 1084; baseline -0.002 -21"><span class='ocrx_word' id='word_1_49' title='bbox 288 998 417 1084; x_wconf 74' lang='lat' dir='ltr'>&#39;integri</span> <span class='ocrx_word' id='word_1_50' title='bbox 440 996 611 1082; x_wconf 80' lang='lat' dir='ltr'>persistere</span> <span class='ocrx_word' id='word_1_51' title='bbox 639 995 817 1059; x_wconf 80' lang='lat' dir='ltr'>valuerunt.</span> <span class='ocrx_word' id='word_1_52' title='bbox 864 994 921 1058; x_wconf 76' lang='lat' dir='ltr'>Sin</span> <span class='ocrx_word' id='word_1_53' title='bbox 955 1015 1029 1057; x_wconf 89' lang='lat' dir='ltr'>vero</span> <span class='ocrx_word' id='word_1_54' title='bbox 1058 995 1227 1079; x_wconf 88' lang='lat' dir='ltr'>quisquam</span> <span class='ocrx_word' id='word_1_55' title='bbox 1255 1018 1321 1061; x_wconf 90' lang='lat' dir='ltr'>uon</span> <span class='ocrx_word' id='word_1_56' title='bbox 1349 996 1569 1081; x_wconf 69' lang='lat' dir='ltr'>possibilitate</span> 
     </span>
     <span class='ocr_line' id='line_1_8' title="bbox 297 1097 1571 1186; baseline 0 -21"><span class='ocrx_word' id='word_1_57' title='bbox 297 1100 462 1165; x_wconf 84' lang='lat' dir='ltr'>iaerrltatis</span> <span class='ocrx_word' id='word_1_58' title='bbox 490 1099 666 1181; x_wconf 89' lang='lat' dir='ltr'>humanae,</span> <span class='ocrx_word' id='word_1_59' title='bbox 695 1097 749 1162; x_wconf 88' lang='lat' dir='ltr'>sed</span> <span class='ocrx_word' id='word_1_60' title='bbox 772 1119 829 1182; x_wconf 91' lang='lat' dir='ltr'>per</span> <span class='ocrx_word' id='word_1_61' title='bbox 858 1098 999 1161; x_wconf 88' lang='lat' dir='ltr'>divinam</span> <span class='ocrx_word' id='word_1_62' title='bbox 1023 1098 1163 1182; x_wconf 81' lang='lat' dir='ltr'>gratiam</span> <span class='ocrx_word' id='word_1_63' title='bbox 1185 1097 1246 1162; x_wconf 88' lang='lat' dir='ltr'>hoe</span> <span class='ocrx_word' id='word_1_64' title='bbox 1269 1102 1393 1164; x_wconf 77' lang='lat' dir='ltr'>asserat</span> <span class='ocrx_word' id='word_1_65' title='bbox 1414 1100 1451 1165; x_wconf 91' lang='lat' dir='ltr'>in</span> <span class='ocrx_word' id='word_1_66' title='bbox 1474 1101 1571 1186; x_wconf 67' lang='lat' dir='ltr'>isael)</span> 
     </span>
     <span class='ocr_line' id='line_1_9' title="bbox 298 1199 1573 1294; baseline 0 -26"><span class='ocrx_word' id='word_1_67' title='bbox 298 1205 364 1268; x_wconf 84' lang='lat' dir='ltr'>rita</span> <span class='ocrx_word' id='word_1_68' title='bbox 386 1201 581 1287; x_wconf 80' lang='lat' dir='ltr'>quibuslibet</span> <span class='ocrx_word' id='word_1_69' title='bbox 603 1201 724 1264; x_wconf 85' lang='lat' dir='ltr'>sanctis</span> <span class='ocrx_word' id='word_1_70' title='bbox 746 1222 839 1284; x_wconf 89' lang='lat' dir='ltr'>posse</span> <span class='ocrx_word' id='word_1_71' title='bbox 862 1201 1011 1294; x_wconf 82' lang='lat' dir='ltr'>conferri,</span> <span class='ocrx_word' id='word_1_72' title='bbox 1037 1201 1118 1265; x_wconf 87' lang='lat' dir='ltr'>beue</span> <span class='ocrx_word' id='word_1_73' title='bbox 1134 1199 1261 1285; x_wconf 88' lang='lat' dir='ltr'>quidem</span> <span class='ocrx_word' id='word_1_74' title='bbox 1276 1201 1358 1266; x_wconf 85' lang='lat' dir='ltr'>facit</span> <span class='ocrx_word' id='word_1_75' title='bbox 1378 1202 1473 1288; x_wconf 87' lang='lat' dir='ltr'>(nam</span> <span class='ocrx_word' id='word_1_76' title='bbox 1489 1203 1573 1267; x_wconf 88' lang='lat' dir='ltr'>dono</span> 
     </span>
     <span class='ocr_line' id='line_1_10' title="bbox 299 1302 1572 1390; baseline 0.002 -21"><span class='ocrx_word' id='word_1_77' title='bbox 299 1307 358 1370; x_wconf 84' lang='lat' dir='ltr'>llei</span> <span class='ocrx_word' id='word_1_78' title='bbox 382 1307 498 1368; x_wconf 89' lang='lat' dir='ltr'>cuncta</span> <span class='ocrx_word' id='word_1_79' title='bbox 520 1302 684 1388; x_wconf 88' lang='lat' dir='ltr'>possibilia</span> <span class='ocrx_word' id='word_1_80' title='bbox 707 1306 796 1381; x_wconf 72' lang='lat' dir='ltr'>sunt)</span> <span class='ocrx_word' id='word_1_81' title='bbox 820 1303 898 1366; x_wconf 87' lang='lat' dir='ltr'>talia</span> <span class='ocrx_word' id='word_1_82' title='bbox 921 1302 1117 1366; x_wconf 88' lang='lat' dir='ltr'>confidenter</span> <span class='ocrx_word' id='word_1_83' title='bbox 1139 1303 1277 1387; x_wconf 88' lang='lat' dir='ltr'>opinari,</span> <span class='ocrx_word' id='word_1_84' title='bbox 1301 1307 1335 1368; x_wconf 90' lang='lat' dir='ltr'>et</span> <span class='ocrx_word' id='word_1_85' title='bbox 1349 1327 1482 1390; x_wconf 88' lang='lat' dir='ltr'>sperare</span> <span class='ocrx_word' id='word_1_86' title='bbox 1498 1306 1572 1371; x_wconf 87' lang='lat' dir='ltr'>lide-</span> 
     </span>
     <span class='ocr_line' id='line_1_11' title="bbox 299 1405 1571 1494; baseline 0.002 -22"><span class='ocrx_word' id='word_1_87' title='bbox 299 1409 388 1472; x_wconf 92' lang='lat' dir='ltr'>liter:</span> <span class='ocrx_word' id='word_1_88' title='bbox 416 1408 472 1471; x_wconf 88' lang='lat' dir='ltr'>sed</span> <span class='ocrx_word' id='word_1_89' title='bbox 494 1410 602 1470; x_wconf 89' lang='lat' dir='ltr'>utnun</span> <span class='ocrx_word' id='word_1_90' title='bbox 637 1405 734 1489; x_wconf 91' lang='lat' dir='ltr'>aliqui</span> <span class='ocrx_word' id='word_1_91' title='bbox 762 1406 843 1469; x_wconf 89' lang='lat' dir='ltr'>tales</span> <span class='ocrx_word' id='word_1_92' title='bbox 852 1406 877 1490; x_wconf 55' lang='grc' dir='ltr'>Ι3)</span> <span class='ocrx_word' id='word_1_93' title='bbox 901 1405 1095 1488; x_wconf 83' lang='lat' dir='ltr'>exstiterint,</span> <span class='ocrx_word' id='word_1_94' title='bbox 1124 1405 1177 1489; x_wconf 91' lang='lat' dir='ltr'>qui</span> <span class='ocrx_word' id='word_1_95' title='bbox 1201 1428 1301 1491; x_wconf 88' lang='lat' dir='ltr'>usque</span> <span class='ocrx_word' id='word_1_96' title='bbox 1327 1408 1368 1471; x_wconf 90' lang='lat' dir='ltr'>ad</span> <span class='ocrx_word' id='word_1_97' title='bbox 1391 1407 1479 1473; x_wconf 86' lang='lat' dir='ltr'>hane</span> <span class='ocrx_word' id='word_1_98' title='bbox 1501 1430 1571 1494; x_wconf 87' lang='lat' dir='ltr'>per·</span> 
     </span>
     <span class='ocr_line' id='line_1_12' title="bbox 299 1507 1573 1594; baseline 0.001 -20"><span class='ocrx_word' id='word_1_99' title='bbox 299 1511 471 1575; x_wconf 82' lang='lat' dir='ltr'>tectionem</span> <span class='ocrx_word' id='word_1_100' title='bbox 507 1509 592 1573; x_wconf 85' lang='lat' dir='ltr'>ritae</span> <span class='ocrx_word' id='word_1_101' title='bbox 628 1508 806 1591; x_wconf 88' lang='lat' dir='ltr'>praesentis</span> <span class='ocrx_word' id='word_1_102' title='bbox 844 1507 1053 1590; x_wconf 89' lang='lat' dir='ltr'>accederent,</span> <span class='ocrx_word' id='word_1_103' title='bbox 1092 1508 1174 1573; x_wconf 89' lang='lat' dir='ltr'>siout</span> <span class='ocrx_word' id='word_1_104' title='bbox 1210 1531 1368 1594; x_wconf 84' lang='lat' dir='ltr'>nusquam</span> <span class='ocrx_word' id='word_1_105' title='bbox 1404 1511 1573 1577; x_wconf 86' lang='lat' dir='ltr'>evidenter</span> 
     </span>
     <span class='ocr_line' id='line_1_13' title="bbox 299 1609 1574 1695; baseline 0.002 -18"><span class='ocrx_word' id='word_1_106' title='bbox 299 1613 488 1695; x_wconf 84' lang='lat' dir='ltr'>adstruitur,</span> <span class='ocrx_word' id='word_1_107' title='bbox 518 1612 564 1675; x_wconf 88' lang='lat' dir='ltr'>sio</span> <span class='ocrx_word' id='word_1_108' title='bbox 593 1633 651 1674; x_wconf 89' lang='lat' dir='ltr'>uos</span> <span class='ocrx_word' id='word_1_109' title='bbox 673 1610 768 1674; x_wconf 82' lang='lat' dir='ltr'>facile</span> <span class='ocrx_word' id='word_1_110' title='bbox 791 1610 840 1674; x_wconf 89' lang='lat' dir='ltr'>vel</span> <span class='ocrx_word' id='word_1_111' title='bbox 863 1610 989 1673; x_wconf 87' lang='lat' dir='ltr'>iirmare</span> <span class='ocrx_word' id='word_1_112' title='bbox 1015 1609 1064 1674; x_wconf 88' lang='lat' dir='ltr'>rel</span> <span class='ocrx_word' id='word_1_113' title='bbox 1085 1611 1278 1695; x_wconf 82' lang='lat' dir='ltr'>impugnare</span> <span class='ocrx_word' id='word_1_114' title='bbox 1305 1633 1372 1677; x_wconf 90' lang='lat' dir='ltr'>non</span> <span class='ocrx_word' id='word_1_115' title='bbox 1401 1614 1574 1695; x_wconf 83' lang='lat' dir='ltr'>convenit3</span> 
     </span>
     <span class='ocr_line' id='line_1_14' title="bbox 298 1712 1570 1802; baseline 0 -22"><span class='ocrx_word' id='word_1_116' title='bbox 298 1716 463 1802; x_wconf 81' lang='lat' dir='ltr'>magisque</span> <span class='ocrx_word' id='word_1_117' title='bbox 486 1715 626 1778; x_wconf 89' lang='lat' dir='ltr'>sobrium</span> <span class='ocrx_word' id='word_1_118' title='bbox 649 1717 707 1795; x_wconf 79' lang='lat' dir='ltr'>est,</span> <span class='ocrx_word' id='word_1_119' title='bbox 732 1714 926 1797; x_wconf 79' lang='lat' dir='ltr'>exipsorum</span> <span class='ocrx_word' id='word_1_120' title='bbox 942 1712 1072 1777; x_wconf 85' lang='lat' dir='ltr'>vocibus</span> <span class='ocrx_word' id='word_1_121' title='bbox 1087 1713 1316 1797; x_wconf 87' lang='lat' dir='ltr'>prophetarum</span> <span class='ocrx_word' id='word_1_122' title='bbox 1336 1716 1570 1800; x_wconf 85' lang='lat' dir='ltr'>apostolorum·</span> 
     </span>
     <span class='ocr_line' id='line_1_15' title="bbox 297 1815 1570 1903; baseline 0 -20"><span class='ocrx_word' id='word_1_123' title='bbox 297 1841 359 1903; x_wconf 88' lang='lat' dir='ltr'>que</span> <span class='ocrx_word' id='word_1_124' title='bbox 392 1821 586 1899; x_wconf 88' lang='lat' dir='ltr'>sauctorum,</span> <span class='ocrx_word' id='word_1_125' title='bbox 620 1819 777 1900; x_wconf 89' lang='lat' dir='ltr'>quatenus</span> <span class='ocrx_word' id='word_1_126' title='bbox 804 1815 900 1899; x_wconf 91' lang='lat' dir='ltr'>hujus</span> <span class='ocrx_word' id='word_1_127' title='bbox 931 1816 1014 1878; x_wconf 91' lang='lat' dir='ltr'>vitae</span> <span class='ocrx_word' id='word_1_128' title='bbox 1043 1816 1224 1900; x_wconf 88' lang='lat' dir='ltr'>proiectum</span> <span class='ocrx_word' id='word_1_129' title='bbox 1251 1816 1357 1881; x_wconf 88' lang='lat' dir='ltr'>metiri</span> <span class='ocrx_word' id='word_1_130' title='bbox 1385 1816 1570 1901; x_wconf 73' lang='lat' dir='ltr'>(lebamus,</span> 
     </span>
     <span class='ocr_line' id='line_1_16' title="bbox 298 1917 1572 2005; baseline 0.002 -21"><span class='ocrx_word' id='word_1_131' title='bbox 298 1941 483 2005; x_wconf 83' lang='lat' dir='ltr'>agnoscere,</span> <span class='ocrx_word' id='word_1_132' title='bbox 512 1920 627 2003; x_wconf 90' lang='lat' dir='ltr'>quibus</span> <span class='ocrx_word' id='word_1_133' title='bbox 650 1919 760 2003; x_wconf 87' lang='lat' dir='ltr'>utique</span> <span class='ocrx_word' id='word_1_134' title='bbox 782 1917 817 1981; x_wconf 92' lang='lat' dir='ltr'>iu</span> <span class='ocrx_word' id='word_1_135' title='bbox 839 1917 898 1981; x_wconf 90' lang='lat' dir='ltr'>hoc</span> <span class='ocrx_word' id='word_1_136' title='bbox 922 1918 1051 2002; x_wconf 89' lang='lat' dir='ltr'>mundo,</span> <span class='ocrx_word' id='word_1_137' title='bbox 1080 1921 1237 2002; x_wconf 86' lang='lat' dir='ltr'>quantum</span> <span class='ocrx_word' id='word_1_138' title='bbox 1265 1919 1304 1983; x_wconf 88' lang='lat' dir='ltr'>ad</span> <span class='ocrx_word' id='word_1_139' title='bbox 1326 1922 1464 1985; x_wconf 79' lang='lat' dir='ltr'>sauctae</span> <span class='ocrx_word' id='word_1_140' title='bbox 1485 1921 1572 1986; x_wconf 82' lang='lat' dir='ltr'>vitae</span> 
     </span>
     <span class='ocr_line' id='line_1_17' title="bbox 297 2020 1570 2107; baseline 0.004 -24"><span class='ocrx_word' id='word_1_141' title='bbox 297 2023 440 2107; x_wconf 85' lang='lat' dir='ltr'>pertinet</span> <span class='ocrx_word' id='word_1_142' title='bbox 462 2023 658 2103; x_wconf 89' lang='lat' dir='ltr'>institutum,</span> <span class='ocrx_word' id='word_1_143' title='bbox 682 2021 763 2084; x_wconf 89' lang='lat' dir='ltr'>nihil</span> <span class='ocrx_word' id='word_1_144' title='bbox 780 2020 988 2085; x_wconf 83' lang='lat' dir='ltr'>excellentius</span> <span class='ocrx_word' id='word_1_145' title='bbox 1011 2020 1175 2085; x_wconf 79' lang='lat' dir='ltr'>relisisse</span> <span class='ocrx_word' id='word_1_146' title='bbox 1193 2020 1240 2086; x_wconf 88' lang='lat' dir='ltr'>vel</span> <span class='ocrx_word' id='word_1_147' title='bbox 1262 2043 1331 2086; x_wconf 88' lang='lat' dir='ltr'>esse</span> <span class='ocrx_word' id='word_1_148' title='bbox 1358 2023 1570 2088; x_wconf 78' lang='lat' dir='ltr'>manifestum</span> 
     </span>
     <span class='ocr_line' id='line_1_18' title="bbox 298 2123 1571 2207; baseline 0.001 -18"><span class='ocrx_word' id='word_1_149' title='bbox 298 2129 357 2189; x_wconf 89' lang='lat' dir='ltr'>est.</span> <span class='ocrx_word' id='word_1_150' title='bbox 401 2124 462 2201; x_wconf 78' lang='lat' dir='ltr'>Qui</span> <span class='ocrx_word' id='word_1_151' title='bbox 485 2124 609 2187; x_wconf 90' lang='lat' dir='ltr'>etiamsi</span> <span class='ocrx_word' id='word_1_152' title='bbox 639 2123 813 2207; x_wconf 73' lang='lat' dir='ltr'>copiosiore</span> <span class='ocrx_word' id='word_1_153' title='bbox 837 2123 896 2187; x_wconf 88' lang='lat' dir='ltr'>Dei</span> <span class='ocrx_word' id='word_1_154' title='bbox 919 2146 1050 2187; x_wconf 89' lang='lat' dir='ltr'>munere</span> <span class='ocrx_word' id='word_1_155' title='bbox 1073 2123 1122 2187; x_wconf 88' lang='lat' dir='ltr'>vel</span> <span class='ocrx_word' id='word_1_156' title='bbox 1145 2123 1226 2187; x_wconf 88' lang='lat' dir='ltr'>raris</span> <span class='ocrx_word' id='word_1_157' title='bbox 1248 2124 1381 2189; x_wconf 91' lang='lat' dir='ltr'>omnino</span> <span class='ocrx_word' id='word_1_158' title='bbox 1404 2125 1455 2189; x_wconf 86' lang='lat' dir='ltr'>vel</span> <span class='ocrx_word' id='word_1_159' title='bbox 1477 2125 1571 2191; x_wconf 84' lang='lat' dir='ltr'>mini-</span> 
     </span>
     <span class='ocr_line' id='line_1_19' title="bbox 297 2226 1571 2311; baseline 0.002 -20"><span class='ocrx_word' id='word_1_160' title='bbox 297 2228 358 2291; x_wconf 87' lang='lat' dir='ltr'>mis</span> <span class='ocrx_word' id='word_1_161' title='bbox 382 2228 540 2291; x_wconf 88' lang='lat' dir='ltr'>humanae</span> <span class='ocrx_word' id='word_1_162' title='bbox 569 2226 761 2290; x_wconf 88' lang='lat' dir='ltr'>conditionis</span> <span class='ocrx_word' id='word_1_163' title='bbox 789 2227 991 2310; x_wconf 84' lang='lat' dir='ltr'>passionibus</span> <span class='ocrx_word' id='word_1_164' title='bbox 1019 2227 1158 2310; x_wconf 89' lang='lat' dir='ltr'>impetiti</span> <span class='ocrx_word' id='word_1_165' title='bbox 1186 2230 1274 2311; x_wconf 84' lang='lat' dir='ltr'>sunt,</span> <span class='ocrx_word' id='word_1_166' title='bbox 1304 2231 1337 2291; x_wconf 89' lang='lat' dir='ltr'>et</span> <span class='ocrx_word' id='word_1_167' title='bbox 1364 2226 1571 2293; x_wconf 84' lang='lat' dir='ltr'>affluentiore</span> 
     </span>
     <span class='ocr_line' id='line_1_20' title="bbox 299 2328 1571 2417; baseline 0.002 -22"><span class='ocrx_word' id='word_1_168' title='bbox 299 2330 358 2395; x_wconf 78' lang='lat' dir='ltr'>llei</span> <span class='ocrx_word' id='word_1_169' title='bbox 387 2329 493 2415; x_wconf 88' lang='lat' dir='ltr'>gratia</span> <span class='ocrx_word' id='word_1_170' title='bbox 521 2329 728 2393; x_wconf 84' lang='lat' dir='ltr'>mortalitatis</span> <span class='ocrx_word' id='word_1_171' title='bbox 756 2329 867 2413; x_wconf 71' lang='lat' dir='ltr'>vitiat)</span> <span class='ocrx_word' id='word_1_172' title='bbox 896 2328 992 2392; x_wconf 85' lang='lat' dir='ltr'>facile</span> <span class='ocrx_word' id='word_1_173' title='bbox 1019 2332 1222 2414; x_wconf 86' lang='lat' dir='ltr'>superarunt,</span> <span class='ocrx_word' id='word_1_174' title='bbox 1256 2352 1322 2395; x_wconf 88' lang='lat' dir='ltr'>uon</span> <span class='ocrx_word' id='word_1_175' title='bbox 1357 2352 1459 2417; x_wconf 88' lang='lat' dir='ltr'>usque</span> <span class='ocrx_word' id='word_1_176' title='bbox 1493 2330 1571 2397; x_wconf 78' lang='lat' dir='ltr'>adeo</span> 
     </span>
    </p>
   </div>
   <div class='ocr_carea' id='block_1_3' title="bbox 297 2600 1725 4986">
    <p class='ocr_par' dir='ltr' id='par_1_3' title="bbox 297 2600 1572 2845">
     <span class='ocr_line' id='line_1_21' title="bbox 365 2600 1572 2672; baseline 0.003 -17"><span class='ocrx_word' id='word_1_177' title='bbox 365 2603 439 2671; x_wconf 62' lang='grc'>8)11“</span> <span class='ocrx_word' id='word_1_178' title='bbox 460 2624 531 2672; x_wconf 80' lang='lat' dir='ltr'>quum</span> <span class='ocrx_word' id='word_1_179' title='bbox 551 2602 609 2654; x_wconf 82' lang='lat' dir='ltr'>sine</span> <span class='ocrx_word' id='word_1_180' title='bbox 633 2600 840 2670; x_wconf 87' lang='lat' dir='ltr'>praepositione</span> <span class='ocrx_word' id='word_1_181' title='bbox 864 2608 905 2662; x_wconf 84' lang='lat' dir='ltr'>iu,·</span> <span class='ocrx_word' id='word_1_182' title='bbox 928 2601 1003 2668; x_wconf 89' lang='lat' dir='ltr'>quod</span> <span class='ocrx_word' id='word_1_183' title='bbox 1026 2603 1217 2668; x_wconf 79' lang='lat' dir='ltr'>observamus,</span> <span class='ocrx_word' id='word_1_184' title='bbox 1240 2602 1307 2671; x_wconf 88' lang='lat' dir='ltr'>quia</span> <span class='ocrx_word' id='word_1_185' title='bbox 1327 2601 1398 2657; x_wconf 85' lang='lat' dir='ltr'>alibi</span> <span class='ocrx_word' id='word_1_186' title='bbox 1417 2602 1449 2663; x_wconf 73' lang='lat' dir='ltr'>h</span> <span class='ocrx_word' id='word_1_187' title='bbox 1466 2604 1572 2661; x_wconf 74' lang='lat' dir='ltr'>Gelani</span> 
     </span>
     <span class='ocr_line' id='line_1_22' title="bbox 297 2686 1571 2758; baseline 0.003 -16"><span class='ocrx_word' id='word_1_188' title='bbox 297 2690 449 2744; x_wconf 77' lang='lat' dir='ltr'>aliorumve</span> <span class='ocrx_word' id='word_1_189' title='bbox 468 2688 630 2758; x_wconf 82' lang='lat' dir='ltr'>pontificum</span> <span class='ocrx_word' id='word_1_190' title='bbox 649 2687 746 2740; x_wconf 89' lang='lat' dir='ltr'>eadem</span> <span class='ocrx_word' id='word_1_191' title='bbox 766 2687 933 2740; x_wconf 80' lang='lat' dir='ltr'>constructio</span> <span class='ocrx_word' id='word_1_192' title='bbox 949 2688 1083 2741; x_wconf 86' lang='lat' dir='ltr'>servetur.</span> <span class='ocrx_word' id='word_1_193' title='bbox 1113 2687 1178 2740; x_wconf 85' lang='lat' dir='ltr'>Mox</span> <span class='ocrx_word' id='word_1_194' title='bbox 1191 2689 1220 2741; x_wconf 84' lang='lat' dir='ltr'>a³</span> <span class='ocrx_word' id='word_1_195' title='bbox 1230 2699 1352 2756; x_wconf 78' lang='lat' dir='ltr'>perstare</span> <span class='ocrx_word' id='word_1_196' title='bbox 1368 2686 1434 2745; x_wconf 79' lang='lat' dir='ltr'>loeo</span> <span class='ocrx_word' id='word_1_197' title='bbox 1449 2696 1571 2745; x_wconf 61' lang='lat' dir='ltr'>urim</span> 
     </span>
     <span class='ocr_line' id='line_1_23' title="bbox 297 2774 399 2845; baseline 0.01 -19"><span class='ocrx_word' id='word_1_198' title='bbox 297 2774 399 2845; x_wconf 83' lang='lat' dir='ltr'>posuit.</span> 
     </span>
    </p>

    <p class='ocr_par' dir='ltr' id='par_1_4' title="bbox 297 2857 1702 3441">
     <span class='ocr_line' id='line_1_24' title="bbox 365 2857 1573 2928; baseline 0.002 -14"><span class='ocrx_word' id='word_1_199' title='bbox 365 2861 387 2928; x_wconf 82' lang='lat'>⁴)</span> <span class='ocrx_word' id='word_1_200' title='bbox 405 2859 438 2914; x_wconf 82' lang='lat' dir='ltr'>G&#39;</span> <span class='ocrx_word' id='word_1_201' title='bbox 458 2866 483 2911; x_wconf 84' lang='lat' dir='ltr'>iu</span> <span class='ocrx_word' id='word_1_202' title='bbox 501 2863 549 2911; x_wconf 81' lang='lat' dir='ltr'>duc</span> <span class='ocrx_word' id='word_1_203' title='bbox 567 2864 618 2912; x_wconf 80' lang='lat' dir='ltr'>vitu</span> <span class='ocrx_word' id='word_1_204' title='bbox 636 2865 667 2913; x_wconf 84' lang='lat' dir='ltr'>de</span> <span class='ocrx_word' id='word_1_205' title='bbox 686 2862 841 2928; x_wconf 80' lang='lat' dir='ltr'>quibuslibet.</span> <span class='ocrx_word' id='word_1_206' title='bbox 871 2858 989 2925; x_wconf 81' lang='lat' dir='ltr'>Moxque</span> <span class='ocrx_word' id='word_1_207' title='bbox 1008 2857 1035 2910; x_wconf 92' lang='lat' dir='ltr'>in</span> <span class='ocrx_word' id='word_1_208' title='bbox 1055 2857 1147 2911; x_wconf 87' lang='lat' dir='ltr'>Coust.</span> <span class='ocrx_word' id='word_1_209' title='bbox 1162 2858 1288 2925; x_wconf 86' lang='lat' dir='ltr'>„Vatio.“</span> <span class='ocrx_word' id='word_1_210' title='bbox 1306 2858 1387 2914; x_wconf 86' lang='lat' dir='ltr'>deest</span> <span class='ocrx_word' id='word_1_211' title='bbox 1404 2880 1473 2915; x_wconf 78' lang='grc' dir='ltr'>ιιαιιι.</span> <span class='ocrx_word' id='word_1_212' title='bbox 1505 2860 1573 2917; x_wconf 76' lang='lat' dir='ltr'>Tre·</span> 
     </span>
     <span class='ocr_line' id='line_1_25' title="bbox 298 2943 1573 3015; baseline 0.002 -15"><span class='ocrx_word' id='word_1_213' title='bbox 298 2946 339 3000; x_wconf 90' lang='lat' dir='ltr'>dit</span> <span class='ocrx_word' id='word_1_214' title='bbox 361 2948 391 2999; x_wconf 90' lang='lat' dir='ltr'>et</span> <span class='ocrx_word' id='word_1_215' title='bbox 408 2943 577 3012; x_wconf 81' lang='lat' dir='ltr'>Augustinus</span> <span class='ocrx_word' id='word_1_216' title='bbox 600 2945 646 2997; x_wconf 77' lang='lat' dir='ltr'>lili.</span> <span class='ocrx_word' id='word_1_217' title='bbox 671 2945 705 2998; x_wconf 92' lang='lat' dir='ltr'>de</span> <span class='ocrx_word' id='word_1_218' title='bbox 728 2943 899 3012; x_wconf 84' lang='lat' dir='ltr'>perfectione</span> <span class='ocrx_word' id='word_1_219' title='bbox 918 2943 1045 3012; x_wconf 86' lang='lat' dir='ltr'>justitiae</span> <span class='ocrx_word' id='word_1_220' title='bbox 1064 2960 1085 2997; x_wconf 89' lang='lat' dir='ltr'>c.</span> <span class='ocrx_word' id='word_1_221' title='bbox 1101 2950 1115 2997; x_wconf 80' lang='grc'><strong>7</strong></span> <span class='ocrx_word' id='word_1_222' title='bbox 1134 2961 1160 2998; x_wconf 90' lang='grc' dir='ltr'>ιι.</span> <span class='ocrx_word' id='word_1_223' title='bbox 1182 2951 1225 3011; x_wconf 78' lang='lat'>1⁶2,</span> <span class='ocrx_word' id='word_1_224' title='bbox 1247 2944 1410 3015; x_wconf 83' lang='lat' dir='ltr'>negandum</span> <span class='ocrx_word' id='word_1_225' title='bbox 1432 2962 1490 3001; x_wconf 85' lang='lat' dir='ltr'>neu</span> <span class='ocrx_word' id='word_1_226' title='bbox 1512 2964 1573 3003; x_wconf 78' lang='lat' dir='ltr'>esee</span> 
     </span>
     <span class='ocr_line' id='line_1_26' title="bbox 298 3029 1702 3102; baseline 0.001 -17"><span class='ocrx_word' id='word_1_227' title='bbox 298 3030 437 3085; x_wconf 86' lang='lat' dir='ltr'>lrourinem</span> <span class='ocrx_word' id='word_1_228' title='bbox 456 3035 594 3096; x_wconf 77' lang='lat' dir='ltr'>‹rrljrreoute</span> <span class='ocrx_word' id='word_1_229' title='bbox 615 3035 663 3083; x_wconf 88' lang='lat' dir='ltr'>Dei</span> <span class='ocrx_word' id='word_1_230' title='bbox 683 3036 770 3098; x_wconf 69' lang='lat' dir='ltr'>pratia</span> <span class='ocrx_word' id='word_1_231' title='bbox 788 3030 846 3083; x_wconf 85' lang='lat' dir='ltr'>sino</span> <span class='ocrx_word' id='word_1_232' title='bbox 868 3030 984 3098; x_wconf 82' lang='lat' dir='ltr'>peceato</span> <span class='ocrx_word' id='word_1_233' title='bbox 1003 3045 1061 3083; x_wconf 82' lang='lat' dir='ltr'>esse</span> <span class='ocrx_word' id='word_1_234' title='bbox 1082 3045 1176 3098; x_wconf 81' lang='lat' dir='ltr'>posse3</span> <span class='ocrx_word' id='word_1_235' title='bbox 1199 3029 1328 3098; x_wconf 80' lang='lat' dir='ltr'>idemque</span> <span class='ocrx_word' id='word_1_236' title='bbox 1347 3037 1440 3101; x_wconf 55' lang='lat' dir='ltr'>cop]</span> <span class='ocrx_word' id='word_1_237' title='bbox 1459 3031 1570 3102; x_wconf 71' lang='lat' dir='ltr'>repetit.</span> <span class='ocrx_word' id='word_1_238' title='bbox 1631 3064 1702 3077; x_wconf 64' lang='lat' dir='ltr'>a·-</span> 
     </span>
     <span class='ocr_line' id='line_1_27' title="bbox 298 3115 1520 3186; baseline 0.001 -15"><span class='ocrx_word' id='word_1_239' title='bbox 298 3123 363 3172; x_wconf 69' lang='grc' dir='ltr'>Νιιιιι</span> <span class='ocrx_word' id='word_1_240' title='bbox 380 3123 436 3186; x_wconf 80' lang='lat' dir='ltr'>qui,</span> <span class='ocrx_word' id='word_1_241' title='bbox 459 3115 550 3181; x_wconf 89' lang='lat' dir='ltr'>inquit</span> <span class='ocrx_word' id='word_1_242' title='bbox 572 3115 606 3167; x_wconf 92' lang='lat' dir='ltr'>de</span> <span class='ocrx_word' id='word_1_243' title='bbox 628 3118 767 3184; x_wconf 87' lang='lat' dir='ltr'>peccat-or.</span> <span class='ocrx_word' id='word_1_244' title='bbox 786 3115 878 3169; x_wconf 90' lang='lat' dir='ltr'>merit.</span> <span class='ocrx_word' id='word_1_245' title='bbox 898 3116 934 3181; x_wconf 83' lang='lat' dir='ltr'>ll,</span> <span class='ocrx_word' id='word_1_246' title='bbox 952 3121 980 3179; x_wconf 80' lang='lat' dir='ltr'>t&#39;»,</span> <span class='ocrx_word' id='word_1_247' title='bbox 999 3121 1084 3168; x_wconf 79' lang='lat' dir='ltr'>dicuni</span> <span class='ocrx_word' id='word_1_248' title='bbox 1103 3135 1158 3169; x_wconf 82' lang='lat' dir='ltr'>esse</span> <span class='ocrx_word' id='word_1_249' title='bbox 1175 3120 1434 3184; x_wconf 68' lang='lat' dir='ltr'>perscinduntur</span> <span class='ocrx_word' id='word_1_250' title='bbox 1451 3121 1520 3172; x_wconf 71' lang='lat' dir='ltr'>doni</span> 
     </span>
     <span class='ocr_line' id='line_1_28' title="bbox 297 3204 1700 3273; baseline 0.001 -17"><span class='ocrx_word' id='word_1_251' title='bbox 297 3209 351 3256; x_wconf 83' lang='lat' dir='ltr'>siue</span> <span class='ocrx_word' id='word_1_252' title='bbox 367 3214 486 3270; x_wconf 72' lang='lat' dir='ltr'>peccaui,</span> <span class='ocrx_word' id='word_1_253' title='bbox 507 3222 556 3254; x_wconf 83' lang='lat' dir='ltr'>non</span> <span class='ocrx_word' id='word_1_254' title='bbox 574 3212 613 3254; x_wconf 82' lang='lat' dir='ltr'>cs!</span> <span class='ocrx_word' id='word_1_255' title='bbox 630 3206 678 3254; x_wconf 85' lang='lat' dir='ltr'>iltis</span> <span class='ocrx_word' id='word_1_256' title='bbox 696 3206 813 3255; x_wconf 83' lang='lat' dir='ltr'>continuo</span> <span class='ocrx_word' id='word_1_257' title='bbox 832 3207 933 3254; x_wconf 82' lang='lat' dir='ltr'>incauto</span> <span class='ocrx_word' id='word_1_258' title='bbox 946 3210 1087 3254; x_wconf 80' lang='lat' dir='ltr'>teineriiuie</span> <span class='ocrx_word' id='word_1_259' title='bbox 1099 3206 1273 3257; x_wconf 77' lang='lat' dir='ltr'>resistendum.</span> <span class='ocrx_word' id='word_1_260' title='bbox 1305 3204 1337 3255; x_wconf 86' lang='lat' dir='ltr'>Si</span> <span class='ocrx_word' id='word_1_261' title='bbox 1346 3205 1414 3256; x_wconf 69' lang='lat' dir='ltr'>enin</span> <span class='ocrx_word' id='word_1_262' title='bbox 1425 3222 1485 3257; x_wconf 77' lang='lat' dir='ltr'>me</span> <span class='ocrx_word' id='word_1_263' title='bbox 1495 3222 1700 3273; x_wconf 46' lang='lat' dir='ltr'>pen-ff·-</span> 
     </span>
     <span class='ocr_line' id='line_1_29' title="bbox 298 3289 1638 3356; baseline 0.003 -16"><span class='ocrx_word' id='word_1_264' title='bbox 298 3292 481 3356; x_wconf 73' lang='lat' dir='ltr'>iupuecrimus,</span> <span class='ocrx_word' id='word_1_265' title='bbox 504 3296 530 3338; x_wconf 82' lang='lat' dir='ltr'>ei</span> <span class='ocrx_word' id='word_1_266' title='bbox 552 3291 656 3340; x_wconf 71' lang='lat' dir='ltr'>bortrinis</span> <span class='ocrx_word' id='word_1_267' title='bbox 678 3290 758 3340; x_wconf 83' lang='lat' dir='ltr'>litero</span> <span class='ocrx_word' id='word_1_268' title='bbox 776 3289 898 3354; x_wconf 80' lang='lat' dir='ltr'>arbitrio,</span> <span class='ocrx_word' id='word_1_269' title='bbox 923 3293 967 3355; x_wconf 84' lang='lat' dir='ltr'>qui</span> <span class='ocrx_word' id='word_1_270' title='bbox 983 3290 1029 3339; x_wconf 81' lang='lat' dir='ltr'>doc</span> <span class='ocrx_word' id='word_1_271' title='bbox 1046 3291 1152 3340; x_wconf 83' lang='lat' dir='ltr'>nolendo</span> <span class='ocrx_word' id='word_1_272' title='bbox 1175 3291 1287 3355; x_wconf 78' lang='lat' dir='ltr'>appetii,</span> <span class='ocrx_word' id='word_1_273' title='bbox 1313 3298 1341 3341; x_wconf 81' lang='lat' dir='ltr'>ei</span> <span class='ocrx_word' id='word_1_274' title='bbox 1359 3290 1412 3342; x_wconf 76' lang='lat' dir='ltr'>oei·</span> <span class='ocrx_word' id='word_1_275' title='bbox 1428 3294 1520 3343; x_wconf 69' lang='grc' dir='ltr'>ιιι-Νι·</span> <span class='ocrx_word' id='word_1_276' title='bbox 1535 3294 1638 3344; x_wconf 67' lang='lat' dir='ltr'>eeb-</span> 
     </span>
     <span class='ocr_line' id='line_1_30' title="bbox 298 3375 1105 3441; baseline -0.002 -15"><span class='ocrx_word' id='word_1_277' title='bbox 298 3377 500 3435; x_wconf 70' lang='lat' dir='ltr'>mimricordirc,</span> <span class='ocrx_word' id='word_1_278' title='bbox 520 3379 565 3441; x_wconf 85' lang='lat' dir='ltr'>qui</span> <span class='ocrx_word' id='word_1_279' title='bbox 580 3376 627 3424; x_wconf 84' lang='lat' dir='ltr'>doc</span> <span class='ocrx_word' id='word_1_280' title='bbox 645 3377 792 3438; x_wconf 77' lang='lat' dir='ltr'>crdjrcvuudo</span> <span class='ocrx_word' id='word_1_281' title='bbox 810 3377 902 3439; x_wconf 74' lang='lat' dir='ltr'>efficii,</span> <span class='ocrx_word' id='word_1_282' title='bbox 922 3375 1105 3440; x_wconf 63' lang='lat' dir='ltr'>abrogationes.</span> 
     </span>
    </p>

    <p class='ocr_par' dir='ltr' id='par_1_5' title="bbox 297 3456 1722 4365">
     <span class='ocr_line' id='line_1_31' title="bbox 366 3456 1564 3527; baseline 0.006 -18"><span class='ocrx_word' id='word_1_283' title='bbox 366 3462 385 3524; x_wconf 72' lang='lat'>⁵)</span> <span class='ocrx_word' id='word_1_284' title='bbox 405 3456 536 3522; x_wconf 78' lang='lat' dir='ltr'>Quamvis</span> <span class='ocrx_word' id='word_1_285' title='bbox 555 3457 723 3525; x_wconf 76' lang='lat' dir='ltr'>Augustinus</span> <span class='ocrx_word' id='word_1_286' title='bbox 747 3457 827 3527; x_wconf 87' lang='lat' dir='ltr'>epist.</span> <span class='ocrx_word' id='word_1_287' title='bbox 849 3465 895 3512; x_wconf 78' lang='lat'>157</span> <span class='ocrx_word' id='word_1_288' title='bbox 914 3476 940 3511; x_wconf 86' lang='grc' dir='ltr'>ιι.</span> <span class='ocrx_word' id='word_1_289' title='bbox 958 3464 974 3511; x_wconf 75' lang='lat'>4</span> <span class='ocrx_word' id='word_1_290' title='bbox 992 3456 1107 3511; x_wconf 85' lang='lat' dir='ltr'>scribat:</span> <span class='ocrx_word' id='word_1_291' title='bbox 1135 3460 1180 3510; x_wconf 83' lang='lat' dir='ltr'>liii</span> <span class='ocrx_word' id='word_1_292' title='bbox 1203 3468 1327 3527; x_wconf 69' lang='lat' dir='ltr'>ericumque</span> <span class='ocrx_word' id='word_1_293' title='bbox 1350 3464 1485 3515; x_wconf 61' lang='lat' dir='ltr'>tuleradi</span> <span class='ocrx_word' id='word_1_294' title='bbox 1505 3472 1564 3515; x_wconf 71' lang='lat' dir='ltr'>nui</span> 
     </span>
     <span class='ocr_line' id='line_1_32' title="bbox 298 3547 1546 3613; baseline 0.006 -20"><span class='ocrx_word' id='word_1_295' title='bbox 298 3550 399 3612; x_wconf 80' lang='lat' dir='ltr'>qumuio</span> <span class='ocrx_word' id='word_1_296' title='bbox 417 3548 514 3604; x_wconf 74' lang='lat' dir='ltr'>ilicum,</span> <span class='ocrx_word' id='word_1_297' title='bbox 534 3551 572 3596; x_wconf 82' lang='lat' dir='ltr'>uei</span> <span class='ocrx_word' id='word_1_298' title='bbox 589 3563 645 3597; x_wconf 83' lang='lat' dir='ltr'>csse</span> <span class='ocrx_word' id='word_1_299' title='bbox 663 3550 702 3597; x_wconf 83' lang='lat' dir='ltr'>rel</span> <span class='ocrx_word' id='word_1_300' title='bbox 716 3548 798 3608; x_wconf 76' lang='lat' dir='ltr'>fecisse</span> <span class='ocrx_word' id='word_1_301' title='bbox 816 3548 856 3598; x_wconf 80' lang='lat' dir='ltr'>iic</span> <span class='ocrx_word' id='word_1_302' title='bbox 873 3550 979 3613; x_wconf 81' lang='lat' dir='ltr'>aliquem</span> <span class='ocrx_word' id='word_1_303' title='bbox 996 3553 1102 3611; x_wconf 81' lang='lat' dir='ltr'>praeter</span> <span class='ocrx_word' id='word_1_304' title='bbox 1120 3562 1192 3595; x_wconf 84' lang='grc' dir='ltr'>ιιιιιιιιι</span> <span class='ocrx_word' id='word_1_305' title='bbox 1211 3547 1330 3596; x_wconf 73' lang='lat' dir='ltr'>Sanctam</span> <span class='ocrx_word' id='word_1_306' title='bbox 1346 3555 1510 3608; x_wconf 73' lang='lat' dir='ltr'>sanctem.</span> <span class='ocrx_word' id='word_1_307' title='bbox 1534 3575 1546 3589; x_wconf 40' lang='grc' dir='ltr'>«ι</span> 
     </span>
     <span class='ocr_line' id='line_1_33' title="bbox 299 3627 1722 3697; baseline 0.006 -18"><span class='ocrx_word' id='word_1_308' title='bbox 299 3635 388 3681; x_wconf 78' lang='lat' dir='ltr'>inritum</span> <span class='ocrx_word' id='word_1_309' title='bbox 405 3633 509 3681; x_wconf 79' lang='lat' dir='ltr'>liaberet</span> <span class='ocrx_word' id='word_1_310' title='bbox 528 3635 626 3682; x_wconf 76' lang='lat' dir='ltr'>soricino</span> <span class='ocrx_word' id='word_1_311' title='bbox 644 3639 786 3695; x_wconf 70' lang='lat' dir='ltr'>peccarium,</span> <span class='ocrx_word' id='word_1_312' title='bbox 810 3646 861 3682; x_wconf 88' lang='lat' dir='ltr'>uec</span> <span class='ocrx_word' id='word_1_313' title='bbox 879 3629 961 3683; x_wconf 87' lang='lat' dir='ltr'>aliter</span> <span class='ocrx_word' id='word_1_314' title='bbox 981 3628 1028 3682; x_wconf 86' lang='lat' dir='ltr'>lib.</span> <span class='ocrx_word' id='word_1_315' title='bbox 1048 3627 1081 3680; x_wconf 87' lang='lat' dir='ltr'>de</span> <span class='ocrx_word' id='word_1_316' title='bbox 1100 3627 1270 3696; x_wconf 79' lang='lat' dir='ltr'>perfectione</span> <span class='ocrx_word' id='word_1_317' title='bbox 1289 3627 1421 3697; x_wconf 75' lang='lat' dir='ltr'>justitiae</span> <span class='ocrx_word' id='word_1_318' title='bbox 1438 3648 1462 3685; x_wconf 82' lang='lat' dir='ltr'>e.</span> <span class='ocrx_word' id='word_1_319' title='bbox 1482 3630 1554 3687; x_wconf 72' lang='grc'>681·</span> <span class='ocrx_word' id='word_1_320' title='bbox 1634 3641 1722 3670; x_wconf 90' lang='grc'><em>··“““</em></span> 
     </span>
     <span class='ocr_line' id='line_1_34' title="bbox 299 3710 1634 3783; baseline 0.004 -20"><span class='ocrx_word' id='word_1_321' title='bbox 299 3714 411 3782; x_wconf 81' lang='lat' dir='ltr'>quatur:</span> <span class='ocrx_word' id='word_1_322' title='bbox 431 3714 608 3783; x_wconf 86' lang='lat' dir='ltr'>postmodum</span> <span class='ocrx_word' id='word_1_323' title='bbox 626 3715 720 3766; x_wconf 88' lang='lat' dir='ltr'>tamen</span> <span class='ocrx_word' id='word_1_324' title='bbox 740 3715 837 3768; x_wconf 88' lang='lat' dir='ltr'>contra</span> <span class='ocrx_word' id='word_1_325' title='bbox 856 3714 924 3767; x_wconf 81' lang='lat' dir='ltr'>duas</span> <span class='ocrx_word' id='word_1_326' title='bbox 942 3714 1073 3783; x_wconf 84' lang='lat' dir='ltr'>epistolas</span> <span class='ocrx_word' id='word_1_327' title='bbox 1091 3711 1233 3779; x_wconf 70' lang='lat' dir='ltr'>pelagian.</span> <span class='ocrx_word' id='word_1_328' title='bbox 1253 3712 1331 3767; x_wconf 73' lang='lat' dir='ltr'>lios</span> <span class='ocrx_word' id='word_1_329' title='bbox 1349 3732 1373 3769; x_wconf 90' lang='lat' dir='ltr'>e.</span> <span class='ocrx_word' id='word_1_330' title='bbox 1390 3722 1423 3770; x_wconf 77' lang='lat' dir='ltr'>lt)</span> <span class='ocrx_word' id='word_1_331' title='bbox 1440 3734 1468 3771; x_wconf 89' lang='grc' dir='ltr'>ιι.</span> <span class='ocrx_word' id='word_1_332' title='bbox 1482 3722 1516 3771; x_wconf 71' lang='lat'>27</span> <span class='ocrx_word' id='word_1_333' title='bbox 1533 3710 1634 3771; x_wconf 62' lang='lat' dir='ltr'>dff</span> 
     </span>
     <span class='ocr_line' id='line_1_35' title="bbox 299 3797 1722 3868; baseline 0.004 -17"><span class='ocrx_word' id='word_1_334' title='bbox 299 3797 350 3852; x_wconf 87' lang='lat' dir='ltr'>xit:</span> <span class='ocrx_word' id='word_1_335' title='bbox 381 3803 448 3853; x_wconf 82' lang='lat' dir='ltr'>Illud</span> <span class='ocrx_word' id='word_1_336' title='bbox 460 3806 517 3866; x_wconf 70' lang='lat' dir='ltr'>juna</span> <span class='ocrx_word' id='word_1_337' title='bbox 536 3805 635 3852; x_wconf 80' lang='lat' dir='ltr'>tertium</span> <span class='ocrx_word' id='word_1_338' title='bbox 654 3805 791 3859; x_wconf 79' lang='lat' dir='ltr'>videmnus,</span> <span class='ocrx_word' id='word_1_339' title='bbox 811 3805 880 3868; x_wconf 79' lang='lat' dir='ltr'>qiiod</span> <span class='ocrx_word' id='word_1_340' title='bbox 896 3820 945 3853; x_wconf 83' lang='lat' dir='ltr'>aon</span> <span class='ocrx_word' id='word_1_341' title='bbox 963 3805 1042 3853; x_wconf 77' lang='lat' dir='ltr'>irrisus</span> <span class='ocrx_word' id='word_1_342' title='bbox 1060 3804 1115 3852; x_wconf 80' lang='lat' dir='ltr'>istis</span> <span class='ocrx_word' id='word_1_343' title='bbox 1133 3818 1204 3853; x_wconf 82' lang='lat' dir='ltr'>omne</span> <span class='ocrx_word' id='word_1_344' title='bbox 1222 3803 1318 3854; x_wconf 78' lang='lat' dir='ltr'>t‘lna&#39;sti</span> <span class='ocrx_word' id='word_1_345' title='bbox 1334 3803 1470 3855; x_wconf 64' lang='lat' dir='ltr'>nemu</span> <span class='ocrx_word' id='word_1_346' title='bbox 1487 3814 1515 3857; x_wconf 78' lang='lat' dir='ltr'>ei</span> <span class='ocrx_word' id='word_1_347' title='bbox 1529 3806 1722 3857; x_wconf 57' lang='lat'>:0⁶9</span> 
     </span>
     <span class='ocr_line' id='line_1_36' title="bbox 298 3888 1651 3953; baseline 0.002 -15"><span class='ocrx_word' id='word_1_348' title='bbox 298 3897 347 3938; x_wconf 84' lang='lat' dir='ltr'>ium</span> <span class='ocrx_word' id='word_1_349' title='bbox 365 3890 422 3951; x_wconf 61' lang='lat' dir='ltr'>&lt;pus</span> <span class='ocrx_word' id='word_1_350' title='bbox 440 3906 533 3952; x_wconf 80' lang='lat' dir='ltr'>eorpus</span> <span class='ocrx_word' id='word_1_351' title='bbox 551 3889 685 3945; x_wconf 71' lang='lat' dir='ltr'>cndeorrct,</span> <span class='ocrx_word' id='word_1_352' title='bbox 710 3890 770 3953; x_wconf 83' lang='lat' dir='ltr'>quia</span> <span class='ocrx_word' id='word_1_353' title='bbox 787 3891 941 3938; x_wconf 78' lang='lat' dir='ltr'>contendunt</span> <span class='ocrx_word' id='word_1_354' title='bbox 959 3904 1016 3937; x_wconf 82' lang='lat' dir='ltr'>esse</span> <span class='ocrx_word' id='word_1_355' title='bbox 1039 3890 1063 3937; x_wconf 84' lang='lat' dir='ltr'>iu</span> <span class='ocrx_word' id='word_1_356' title='bbox 1082 3888 1130 3938; x_wconf 76' lang='lat' dir='ltr'>leuc</span> <span class='ocrx_word' id='word_1_357' title='bbox 1147 3888 1198 3937; x_wconf 79' lang='lat' dir='ltr'>ritu</span> <span class='ocrx_word' id='word_1_358' title='bbox 1216 3891 1255 3939; x_wconf 86' lang='lat' dir='ltr'>ecl</span> <span class='ocrx_word' id='word_1_359' title='bbox 1272 3888 1355 3951; x_wconf 75' lang='lat' dir='ltr'>[uim</span> <span class='ocrx_word' id='word_1_360' title='bbox 1370 3892 1465 3953; x_wconf 72' lang='lat' dir='ltr'>jures</span> <span class='ocrx_word' id='word_1_361' title='bbox 1482 3894 1616 3943; x_wconf 57' lang='lat' dir='ltr'>nitu-</span> <span class='ocrx_word' id='word_1_362' title='bbox 1636 3902 1651 3911; x_wconf 88' lang='grc'>·</span> 
     </span>
     <span class='ocr_line' id='line_1_37' title="bbox 297 3968 1718 4039; baseline 0.004 -17"><span class='ocrx_word' id='word_1_363' title='bbox 297 3975 418 4025; x_wconf 67' lang='lat' dir='ltr'>luctentur</span> <span class='ocrx_word' id='word_1_364' title='bbox 436 3976 534 4023; x_wconf 78' lang='lat' dir='ltr'>uiriuiuu</span> <span class='ocrx_word' id='word_1_365' title='bbox 552 3981 689 4036; x_wconf 71' lang='lat' dir='ltr'>preceuruui.</span> <span class='ocrx_word' id='word_1_366' title='bbox 718 3969 777 4022; x_wconf 91' lang='lat' dir='ltr'>lloc</span> <span class='ocrx_word' id='word_1_367' title='bbox 790 3970 893 4039; x_wconf 91' lang='lat' dir='ltr'>quippe</span> <span class='ocrx_word' id='word_1_368' title='bbox 912 3970 1015 4039; x_wconf 87' lang='lat' dir='ltr'>dogma</span> <span class='ocrx_word' id='word_1_369' title='bbox 1029 3970 1065 4023; x_wconf 89' lang='lat' dir='ltr'>ab</span> <span class='ocrx_word' id='word_1_370' title='bbox 1079 3969 1228 4024; x_wconf 81' lang='lat' dir='ltr'>universali</span> <span class='ocrx_word' id='word_1_371' title='bbox 1240 3968 1352 4025; x_wconf 76' lang='lat' dir='ltr'>Africae</span> <span class='ocrx_word' id='word_1_372' title='bbox 1364 3970 1486 4026; x_wconf 82' lang='lat' dir='ltr'>coricilio</span> <span class='ocrx_word' id='word_1_373' title='bbox 1497 3990 1552 4027; x_wconf 81' lang='grc' dir='ltr'>ιιιιιι</span> <span class='ocrx_word' id='word_1_374' title='bbox 1561 3974 1718 4025; x_wconf 56' lang='grc' dir='ltr'>Δ,</span> 
     </span>
     <span class='ocr_line' id='line_1_38' title="bbox 297 4054 1556 4121; baseline 0.003 -13"><span class='ocrx_word' id='word_1_375' title='bbox 297 4063 347 4109; x_wconf 79' lang='lat' dir='ltr'>rra</span> <span class='ocrx_word' id='word_1_376' title='bbox 366 4054 535 4118; x_wconf 76' lang='lat' dir='ltr'>Cartbagine</span> <span class='ocrx_word' id='word_1_377' title='bbox 553 4055 649 4107; x_wconf 84' lang='lat' dir='ltr'>habito</span> <span class='ocrx_word' id='word_1_378' title='bbox 668 4073 727 4108; x_wconf 85' lang='lat' dir='ltr'>can</span> <span class='ocrx_word' id='word_1_379' title='bbox 743 4061 765 4117; x_wconf 82' lang='grc' dir='ltr'>ἵ,</span> <span class='ocrx_word' id='word_1_380' title='bbox 784 4058 868 4109; x_wconf 71' lang='lat' dir='ltr'>teto</span> <span class='ocrx_word' id='word_1_381' title='bbox 886 4056 946 4108; x_wconf 89' lang='lat' dir='ltr'>turn</span> <span class='ocrx_word' id='word_1_382' title='bbox 969 4055 1131 4109; x_wconf 88' lang='lat' dir='ltr'>damnatum</span> <span class='ocrx_word' id='word_1_383' title='bbox 1156 4056 1255 4111; x_wconf 71' lang='lat' dir='ltr'>locust.</span> <span class='ocrx_word' id='word_1_384' title='bbox 1286 4054 1359 4111; x_wconf 86' lang='lat' dir='ltr'>Vide</span> <span class='ocrx_word' id='word_1_385' title='bbox 1376 4058 1408 4111; x_wconf 87' lang='lat' dir='ltr'>et</span> <span class='ocrx_word' id='word_1_386' title='bbox 1424 4074 1443 4111; x_wconf 84' lang='lat' dir='ltr'>v</span> <span class='ocrx_word' id='word_1_387' title='bbox 1479 4083 1503 4121; x_wconf 66' lang='lat'>:³</span> <span class='ocrx_word' id='word_1_388' title='bbox 1541 4082 1556 4105; x_wconf 80' lang='grc' dir='ltr'>ι-</span> 
     </span>
     <span class='ocr_line' id='line_1_39' title="bbox 298 4139 1558 4210; baseline 0.002 -16"><span class='ocrx_word' id='word_1_389' title='bbox 298 4141 488 4194; x_wconf 73' lang='lat' dir='ltr'>llileritanum</span> <span class='ocrx_word' id='word_1_390' title='bbox 507 4141 529 4192; x_wconf 91' lang='lat' dir='ltr'>ll</span> <span class='ocrx_word' id='word_1_391' title='bbox 550 4158 609 4193; x_wconf 87' lang='lat' dir='ltr'>ean.</span> <span class='ocrx_word' id='word_1_392' title='bbox 623 4146 647 4201; x_wconf 82' lang='grc'>6,</span> <span class='ocrx_word' id='word_1_393' title='bbox 665 4146 678 4192; x_wconf 89' lang='grc'><strong>7</strong></span> <span class='ocrx_word' id='word_1_394' title='bbox 697 4143 726 4192; x_wconf 90' lang='lat' dir='ltr'>et</span> <span class='ocrx_word' id='word_1_395' title='bbox 737 4146 761 4193; x_wconf 81' lang='lat'>8.</span> <span class='ocrx_word' id='word_1_396' title='bbox 800 4139 984 4195; x_wconf 79' lang='lat' dir='ltr'>l’osteriorem</span> <span class='ocrx_word' id='word_1_397' title='bbox 1001 4139 1078 4194; x_wconf 90' lang='lat' dir='ltr'>illam</span> <span class='ocrx_word' id='word_1_398' title='bbox 1091 4140 1240 4210; x_wconf 82' lang='lat' dir='ltr'>Augustini</span> <span class='ocrx_word' id='word_1_399' title='bbox 1257 4142 1287 4195; x_wconf 88' lang='lat' dir='ltr'>et</span> <span class='ocrx_word' id='word_1_400' title='bbox 1297 4141 1497 4197; x_wconf 77' lang='lat' dir='ltr'>Africanorum</span> <span class='ocrx_word' id='word_1_401' title='bbox 1515 4169 1558 4190; x_wconf 65' lang='lat' dir='ltr'>»r-</span> 
     </span>
     <span class='ocr_line' id='line_1_40' title="bbox 298 4220 1633 4294; baseline 0.003 -15"><span class='ocrx_word' id='word_1_402' title='bbox 298 4227 424 4280; x_wconf 86' lang='lat' dir='ltr'>eiliorum</span> <span class='ocrx_word' id='word_1_403' title='bbox 442 4225 608 4279; x_wconf 84' lang='lat' dir='ltr'>sent-entiam</span> <span class='ocrx_word' id='word_1_404' title='bbox 628 4225 754 4279; x_wconf 81' lang='lat' dir='ltr'>tielusius</span> <span class='ocrx_word' id='word_1_405' title='bbox 772 4224 916 4294; x_wconf 83' lang='lat' dir='ltr'>ignorasse</span> <span class='ocrx_word' id='word_1_406' title='bbox 932 4225 996 4294; x_wconf 87' lang='lat' dir='ltr'>jure</span> <span class='ocrx_word' id='word_1_407' title='bbox 1014 4225 1153 4281; x_wconf 79' lang='lat' dir='ltr'>videatur:</span> <span class='ocrx_word' id='word_1_408' title='bbox 1177 4227 1213 4281; x_wconf 80' lang='lat' dir='ltr'>ab</span> <span class='ocrx_word' id='word_1_409' title='bbox 1232 4243 1267 4283; x_wconf 82' lang='lat' dir='ltr'>ea</span> <span class='ocrx_word' id='word_1_410' title='bbox 1285 4228 1383 4283; x_wconf 56' lang='lat' dir='ltr'>mareu</span> <span class='ocrx_word' id='word_1_411' title='bbox 1400 4244 1432 4283; x_wconf 77' lang='lat' dir='ltr'>se</span> <span class='ocrx_word' id='word_1_412' title='bbox 1448 4246 1507 4284; x_wconf 82' lang='lat' dir='ltr'>nou</span> <span class='ocrx_word' id='word_1_413' title='bbox 1523 4220 1633 4285; x_wconf 57' lang='lat' dir='ltr'>af</span> 
     </span>
     <span class='ocr_line' id='line_1_41' title="bbox 299 4309 1229 4365; baseline -0.008 -1"><span class='ocrx_word' id='word_1_414' title='bbox 299 4330 358 4365; x_wconf 86' lang='lat' dir='ltr'>esse</span> <span class='ocrx_word' id='word_1_415' title='bbox 378 4310 445 4365; x_wconf 72' lang='lat' dir='ltr'>sertis</span> <span class='ocrx_word' id='word_1_416' title='bbox 464 4309 576 4363; x_wconf 86' lang='lat' dir='ltr'>iudicat.</span> <span class='ocrx_word' id='word_1_417' title='bbox 1226 4316 1229 4324; x_wconf 89' lang='grc'><em>“</em></span> 
     </span>
    </p>

    <p class='ocr_par' dir='ltr' id='par_1_6' title="bbox 299 4382 1725 4986">
     <span class='ocr_line' id='line_1_42' title="bbox 366 4382 1725 4471; baseline 0.005 -20"><span class='ocrx_word' id='word_1_418' title='bbox 366 4400 387 4451; x_wconf 75' lang='lat'>⁶)</span> <span class='ocrx_word' id='word_1_419' title='bbox 406 4395 494 4449; x_wconf 77' lang='lat' dir='ltr'>Aliter</span> <span class='ocrx_word' id='word_1_420' title='bbox 512 4395 622 4462; x_wconf 90' lang='lat' dir='ltr'>quidem</span> <span class='ocrx_word' id='word_1_421' title='bbox 642 4395 672 4459; x_wconf 91' lang='lat' dir='ltr'>ii,</span> <span class='ocrx_word' id='word_1_422' title='bbox 692 4414 760 4464; x_wconf 85' lang='lat' dir='ltr'>quos</span> <span class='ocrx_word' id='word_1_423' title='bbox 779 4382 904 4451; x_wconf 72' lang='lat' dir='ltr'>Gelasius</span> <span class='ocrx_word' id='word_1_424' title='bbox 921 4395 1082 4465; x_wconf 84' lang='lat' dir='ltr'>impugnat,</span> <span class='ocrx_word' id='word_1_425' title='bbox 1103 4398 1130 4450; x_wconf 87' lang='lat' dir='ltr'>et</span> <span class='ocrx_word' id='word_1_426' title='bbox 1150 4397 1232 4453; x_wconf 87' lang='lat' dir='ltr'>aliter</span> <span class='ocrx_word' id='word_1_427' title='bbox 1249 4395 1336 4453; x_wconf 83' lang='lat' dir='ltr'>Stoici</span> <span class='ocrx_word' id='word_1_428' title='bbox 1353 4404 1416 4453; x_wconf 75' lang='lat' dir='ltr'>uitia</span> <span class='ocrx_word' id='word_1_429' title='bbox 1433 4399 1701 4471; x_wconf 49' lang='lat' dir='ltr'>intentus</span> <span class='ocrx_word' id='word_1_430' title='bbox 1723 4397 1725 4416; x_wconf 74' lang='lat'><em>³</em></span> 
     </span>
     <span class='ocr_line' id='line_1_43' title="bbox 300 4479 1714 4551; baseline 0.006 -16"><span class='ocrx_word' id='word_1_431' title='bbox 300 4482 375 4536; x_wconf 80' lang='lat' dir='ltr'>lauit.</span> <span class='ocrx_word' id='word_1_432' title='bbox 411 4481 483 4534; x_wconf 88' lang='lat' dir='ltr'>Nam</span> <span class='ocrx_word' id='word_1_433' title='bbox 506 4479 548 4534; x_wconf 83' lang='lat' dir='ltr'>his</span> <span class='ocrx_word' id='word_1_434' title='bbox 572 4481 660 4536; x_wconf 85' lang='lat' dir='ltr'>omnis</span> <span class='ocrx_word' id='word_1_435' title='bbox 683 4486 772 4534; x_wconf 88' lang='lat' dir='ltr'>metus</span> <span class='ocrx_word' id='word_1_436' title='bbox 792 4482 834 4535; x_wconf 83' lang='lat' dir='ltr'>rel</span> <span class='ocrx_word' id='word_1_437' title='bbox 858 4482 994 4551; x_wconf 83' lang='lat' dir='ltr'>cupiditas</span> <span class='ocrx_word' id='word_1_438' title='bbox 1019 4484 1063 4535; x_wconf 88' lang='lat' dir='ltr'>vel</span> <span class='ocrx_word' id='word_1_439' title='bbox 1086 4482 1194 4538; x_wconf 88' lang='lat' dir='ltr'>laetitia</span> <span class='ocrx_word' id='word_1_440' title='bbox 1217 4488 1267 4538; x_wconf 73' lang='lat' dir='ltr'>rint</span> <span class='ocrx_word' id='word_1_441' title='bbox 1289 4483 1369 4539; x_wconf 87' lang='lat' dir='ltr'>dolor</span> <span class='ocrx_word' id='word_1_442' title='bbox 1392 4490 1479 4540; x_wconf 73' lang='lat' dir='ltr'>sirim</span> <span class='ocrx_word' id='word_1_443' title='bbox 1501 4480 1714 4541; x_wconf 47' lang='lat' dir='ltr'>er‘</span> 
     </span>
     <span class='ocr_line' id='line_1_44' title="bbox 299 4566 1538 4639; baseline 0.005 -20"><span class='ocrx_word' id='word_1_444' title='bbox 299 4569 383 4633; x_wconf 88' lang='lat' dir='ltr'>utque</span> <span class='ocrx_word' id='word_1_445' title='bbox 405 4566 507 4620; x_wconf 87' lang='lat' dir='ltr'>idcirco</span> <span class='ocrx_word' id='word_1_446' title='bbox 529 4567 687 4636; x_wconf 87' lang='lat' dir='ltr'>hujusmodi</span> <span class='ocrx_word' id='word_1_447' title='bbox 711 4567 871 4621; x_wconf 77' lang='lat' dir='ltr'>affectiones</span> <span class='ocrx_word' id='word_1_448' title='bbox 889 4586 906 4622; x_wconf 89' lang='lat' dir='ltr'>a</span> <span class='ocrx_word' id='word_1_449' title='bbox 923 4584 972 4622; x_wconf 83' lang='lat' dir='ltr'>suo</span> <span class='ocrx_word' id='word_1_450' title='bbox 995 4568 1120 4638; x_wconf 88' lang='lat' dir='ltr'>sapiente</span> <span class='ocrx_word' id='word_1_451' title='bbox 1144 4569 1333 4624; x_wconf 79' lang='lat' dir='ltr'>removebant.</span> <span class='ocrx_word' id='word_1_452' title='bbox 1370 4568 1480 4627; x_wconf 80' lang='lat' dir='ltr'>Contra</span> <span class='ocrx_word' id='word_1_453' title='bbox 1502 4588 1538 4639; x_wconf 87' lang='lat' dir='ltr'>qu</span> 
     </span>
     <span class='ocr_line' id='line_1_45' title="bbox 301 4651 1535 4724; baseline 0.007 -21"><span class='ocrx_word' id='word_1_454' title='bbox 301 4652 469 4719; x_wconf 78' lang='lat' dir='ltr'>,trigrrstinus</span> <span class='ocrx_word' id='word_1_455' title='bbox 488 4652 522 4705; x_wconf 91' lang='lat' dir='ltr'>de</span> <span class='ocrx_word' id='word_1_456' title='bbox 540 4651 613 4705; x_wconf 80' lang='lat' dir='ltr'>civit.</span> <span class='ocrx_word' id='word_1_457' title='bbox 652 4652 700 4705; x_wconf 73' lang='lat' dir='ltr'>oui</span> <span class='ocrx_word' id='word_1_458' title='bbox 720 4653 736 4704; x_wconf 93' lang='grc'>1.</span> <span class='ocrx_word' id='word_1_459' title='bbox 759 4659 787 4705; x_wconf 77' lang='lat' dir='ltr'>ll</span> <span class='ocrx_word' id='word_1_460' title='bbox 808 4672 829 4707; x_wconf 88' lang='lat' dir='ltr'>c.</span> <span class='ocrx_word' id='word_1_461' title='bbox 844 4660 859 4707; x_wconf 84' lang='grc'><strong>9</strong></span> <span class='ocrx_word' id='word_1_462' title='bbox 877 4656 1025 4723; x_wconf 88' lang='lat' dir='ltr'>postquam</span> <span class='ocrx_word' id='word_1_463' title='bbox 1044 4654 1248 4724; x_wconf 69' lang='lat' dir='ltr'>dejudicat</span> <span class='ocrx_word' id='word_1_464' title='bbox 1268 4654 1351 4709; x_wconf 81' lang='lat' dir='ltr'>dixit:</span> <span class='ocrx_word' id='word_1_465' title='bbox 1370 4658 1493 4711; x_wconf 64' lang='lat' dir='ltr'>⁴tiernus!</span> <span class='ocrx_word' id='word_1_466' title='bbox 1519 4689 1535 4704; x_wconf 37' lang='lat' dir='ltr'>*f</span> 
     </span>
     <span class='ocr_line' id='line_1_46' title="bbox 300 4734 1725 4811; baseline 0.006 -24"><span class='ocrx_word' id='word_1_467' title='bbox 300 4756 355 4789; x_wconf 83' lang='lat' dir='ltr'>uum</span> <span class='ocrx_word' id='word_1_468' title='bbox 373 4749 514 4803; x_wconf 73' lang='lat' dir='ltr'>ueternum,</span> <span class='ocrx_word' id='word_1_469' title='bbox 538 4746 640 4806; x_wconf 81' lang='lat' dir='ltr'>cupiunt</span> <span class='ocrx_word' id='word_1_470' title='bbox 663 4746 735 4791; x_wconf 75' lang='lat' dir='ltr'>ailina</span> <span class='ocrx_word' id='word_1_471' title='bbox 759 4752 900 4801; x_wconf 78' lang='lat' dir='ltr'>creterram,</span> <span class='ocrx_word' id='word_1_472' title='bbox 923 4746 1010 4795; x_wconf 73' lang='lat' dir='ltr'>doleri!</span> <span class='ocrx_word' id='word_1_473' title='bbox 1031 4746 1056 4794; x_wconf 87' lang='lat' dir='ltr'>iu</span> <span class='ocrx_word' id='word_1_474' title='bbox 1075 4762 1114 4804; x_wconf 86' lang='lat' dir='ltr'>re,</span> <span class='ocrx_word' id='word_1_475' title='bbox 1138 4750 1198 4811; x_wconf 81' lang='lat' dir='ltr'>quin</span> <span class='ocrx_word' id='word_1_476' title='bbox 1215 4746 1267 4810; x_wconf 73' lang='lat' dir='ltr'>ipsi</span> <span class='ocrx_word' id='word_1_477' title='bbox 1283 4746 1309 4794; x_wconf 79' lang='lat' dir='ltr'>ia</span> <span class='ocrx_word' id='word_1_478' title='bbox 1326 4748 1472 4811; x_wconf 65' lang='lat' dir='ltr'>semetipsis</span> <span class='ocrx_word' id='word_1_479' title='bbox 1488 4734 1725 4797; x_wconf 44' lang='lat' dir='ltr'>del?</span> 
     </span>
     <span class='ocr_line' id='line_1_47' title="bbox 299 4826 1711 4899; baseline 0.006 -26"><span class='ocrx_word' id='word_1_480' title='bbox 299 4826 461 4887; x_wconf 69' lang='lat' dir='ltr'>imperaturum!</span> <span class='ocrx_word' id='word_1_481' title='bbox 479 4829 652 4891; x_wconf 77' lang='lat' dir='ltr'>erilepiiouenr,</span> <span class='ocrx_word' id='word_1_482' title='bbox 671 4838 852 4892; x_wconf 77' lang='lat' dir='ltr'>cuspcciumcs</span> <span class='ocrx_word' id='word_1_483' title='bbox 865 4832 1060 4896; x_wconf 78' lang='lat' dir='ltr'>redemptionem</span> <span class='ocrx_word' id='word_1_484' title='bbox 1072 4832 1191 4896; x_wconf 69' lang='lat' dir='ltr'>corporis</span> <span class='ocrx_word' id='word_1_485' title='bbox 1207 4831 1259 4891; x_wconf 68' lang='lat' dir='ltr'>orti,</span> <span class='ocrx_word' id='word_1_486' title='bbox 1276 4831 1392 4895; x_wconf 66' lang='lat' dir='ltr'>,quindeni</span> <span class='ocrx_word' id='word_1_487' title='bbox 1408 4832 1436 4881; x_wconf 78' lang='grc' dir='ltr'>ιἰι</span> <span class='ocrx_word' id='word_1_488' title='bbox 1446 4848 1495 4899; x_wconf 69' lang='lat' dir='ltr'>spe</span> <span class='ocrx_word' id='word_1_489' title='bbox 1506 4830 1646 4883; x_wconf 76' lang='lat' dir='ltr'>eec‘</span> <span class='ocrx_word' id='word_1_490' title='bbox 1667 4844 1683 4855; x_wconf 79' lang='lat'><strong>‘</strong></span> <span class='ocrx_word' id='word_1_491' title='bbox 1697 4830 1711 4849; x_wconf 77' lang='lat'><strong><em>⁹</em></strong></span> 
     </span>
     <span class='ocr_line' id='line_1_48' title="bbox 301 4901 1697 4986; baseline 0.008 -29"><span class='ocrx_word' id='word_1_492' title='bbox 301 4924 326 4958; x_wconf 93' lang='lat' dir='ltr'>n.</span> <span class='ocrx_word' id='word_1_493' title='bbox 346 4916 361 4961; x_wconf 87' lang='grc'>3</span> <span class='ocrx_word' id='word_1_494' title='bbox 379 4908 502 4978; x_wconf 76' lang='lat' dir='ltr'>sirbjicit:</span> <span class='ocrx_word' id='word_1_495' title='bbox 525 4915 552 4963; x_wconf 81' lang='lat' dir='ltr'>iri</span> <span class='ocrx_word' id='word_1_496' title='bbox 571 4922 665 4975; x_wconf 78' lang='lat' dir='ltr'>aeolus,</span> <span class='ocrx_word' id='word_1_497' title='bbox 688 4914 714 4963; x_wconf 88' lang='lat' dir='ltr'>lli</span> <span class='ocrx_word' id='word_1_498' title='bbox 735 4916 843 4979; x_wconf 68' lang='lat' dir='ltr'>cellerius</span> <span class='ocrx_word' id='word_1_499' title='bbox 865 4918 897 4966; x_wconf 83' lang='lat' dir='ltr'>de</span> <span class='ocrx_word' id='word_1_500' title='bbox 915 4932 1000 4967; x_wconf 82' lang='lat' dir='ltr'>aurore</span> <span class='ocrx_word' id='word_1_501' title='bbox 1023 4916 1083 4967; x_wconf 81' lang='lat' dir='ltr'>toni</span> <span class='ocrx_word' id='word_1_502' title='bbox 1099 4924 1124 4967; x_wconf 82' lang='lat' dir='ltr'>et</span> <span class='ocrx_word' id='word_1_503' title='bbox 1146 4917 1178 4968; x_wconf 84' lang='lat' dir='ltr'>de</span> <span class='ocrx_word' id='word_1_504' title='bbox 1195 4922 1286 4986; x_wconf 69' lang='lat' dir='ltr'>rencia</span> <span class='ocrx_word' id='word_1_505' title='bbox 1303 4917 1415 4969; x_wconf 74' lang='lat' dir='ltr'>curem</span> <span class='ocrx_word' id='word_1_506' title='bbox 1431 4914 1641 4969; x_wconf 61' lang='lat' dir='ltr'>moal</span> <span class='ocrx_word' id='word_1_507' title='bbox 1638 4901 1697 4939; x_wconf 69' lang='lat'>1.</span> 
     </span>
    </p>
   </div>
   <div class='ocr_carea' id='block_1_4' title="bbox 0 0 1732 5668">
    <p class='ocr_par' dir='ltr' id='par_1_7' title="bbox 0 0 1732 5668">
     <span class='ocr_line' id='line_1_49' title="bbox 0 0 1732 5668; baseline 0 0"><span class='ocrx_word' id='word_1_508' title='bbox 0 0 1732 5668; x_wconf 95' lang='lat' dir='ltr'> </span> 
     </span>
    </p>
   </div>
  </div>
 </body>
</html>
